,ask_price_1,ask_size_1,bid_price_1,bid_size_1,ask_price_2,ask_size_2,bid_price_2,bid_size_2,ask_price_3,ask_size_3,bid_price_3,bid_size_3,ask_price_4,ask_size_4,bid_price_4,bid_size_4,ask_price_5,ask_size_5,bid_price_5,bid_size_5,ask_price_6,ask_size_6,bid_price_6,bid_size_6,ask_price_7,ask_size_7,bid_price_7,bid_size_7,ask_price_8,ask_size_8,bid_price_8,bid_size_8,ask_price_9,ask_size_9,bid_price_9,bid_size_9,ask_price_10,ask_size_10,bid_price_10,bid_size_10
2019-06-28 09:30:00.000000003,,,,,,,,,,,,,,,,,,,,,,,,,,,,,,,,,,,,,,,,
2019-06-28 09:30:00.000000006,99922,100,,,,,,,,,,,,,,,,,,,,,,,,,,,,,,,,,,,,,,
2019-06-28 09:30:00.000000007,99922,100,,,100029,100,,,,,,,,,,,,,,,,,,,,,,,,,,,,,,,,,,
2019-06-28 09:30:00.000000008,99857,100,,,99922,100,,,100029,100,,,,,,,,,,,,,,,,,,,,,,,,,,,,,,
2019-06-28 09:30:00.000000009,99857,100,99799,100,99922,100,,,100029,100,,,,,,,,,,,,,,,,,,,,,,,,,,,,,,
2019-06-28 09:30:00.000000011,99857,100,99799,100,99922,100,,,100029,100,,,100104,100,,,100206,100,,,,,,,,,,,,,,,,,,,,,,
2019-06-28 09:30:00.000000013,99857,100,99799,100,99922,100,99768,100,100029,100,,,100104,100,,,100206,100,,,,,,,,,,,,,,,,,,,,,,
2019-06-28 09:30:00.000000014,99922,100,99799,100,100029,100,99768,100,100104,100,,,100206,100,,,,,,,,,,,,,,,,,,,,,,,,,,
2019-06-28 09:30:00.000000016,99922,100,99799,100,100024,100,99768,100,100029,100,,,100104,100,,,100206,100,,,,,,,,,,,,,,,,,,,,,,
2019-06-28 09:30:00.000000017,99922,100,99799,100,99981,100,99768,100,100024,100,,,100029,100,,,100104,100,,,100202,100,,,100206,100,,,,,,,,,,,,,,
2019-06-28 09:30:00.000000023,99922,100,99893,100,99981,100,99799,100,100024,100,99768,100,100029,100,,,100104,100,,,100202,100,,,100206,100,,,,,,,,,,,,,,
2019-06-28 09:30:00.000000026,99922,100,99893,100,99981,100,99799,100,100024,100,99768,100,100029,100,,,100052,100,,,100104,100,,,100202,100,,,100206,100,,,,,,,,,,
2019-06-28 09:30:00.000000029,99922,100,99893,100,99981,100,99857,100,100024,100,99799,100,100029,100,99768,100,100052,100,,,100104,100,,,100202,100,,,100206,100,,,,,,,,,,
2019-06-28 09:30:00.000000030,99922,100,99893,100,99966,100,99857,100,99981,200,99799,100,100024,100,99768,100,100029,100,,,100052,100,,,100104,100,,,100202,100,,,100206,100,,,,,,
2019-06-28 09:30:00.000000031,99966,100,99893,100,99981,200,99857,100,100024,100,99799,100,100029,100,99768,100,100047,100,,,100052,100,,,100104,100,,,100202,100,,,100206,100,,,,,,
2019-06-28 09:30:00.000000032,99981,200,99893,100,100024,100,99857,100,100029,100,99799,100,100047,100,99768,100,100052,100,,,100104,100,,,100202,100,,,100206,100,,,,,,,,,,
2019-06-28 09:30:00.000000036,99981,200,99893,100,100008,100,99857,100,100018,100,99799,100,100024,100,99768,100,100029,100,,,100047,100,,,100052,100,,,100104,100,,,100202,100,,,100206,100,,
2019-06-28 09:30:00.000000038,99981,200,99893,100,100008,100,99857,100,100010,100,99799,100,100018,100,99768,100,100024,100,,,100029,100,,,100047,100,,,100052,100,,,100104,100,,,100110,100,,
2019-06-28 09:30:00.000000040,99981,200,99922,100,100008,100,99893,100,100010,100,99857,100,100018,100,99799,100,100024,100,99768,100,100029,100,,,100047,100,,,100052,100,,,100104,100,,,100110,100,,
2019-06-28 09:30:00.000000042,99981,100,99922,100,100008,100,99893,100,100010,100,99857,100,100018,100,99799,100,100024,100,99768,100,100029,100,,,100047,100,,,100052,100,,,100104,100,,,100110,100,,
2019-06-28 09:30:00.000000045,99981,100,99972,100,100008,100,99922,100,100010,100,99893,100,100018,100,99857,100,100024,100,99799,100,100029,100,99768,100,100047,100,,,100052,100,,,100104,100,,,100110,100,,
2019-06-28 09:30:00.000000047,100008,100,99972,100,100010,100,99922,100,100018,100,99893,100,100024,100,99857,100,100029,100,99799,100,100047,100,99768,100,100052,100,,,100104,100,,,100110,100,,,100202,100,,
2019-06-28 09:30:00.000000049,100008,100,99922,100,100010,100,99893,100,100018,100,99857,100,100024,100,99799,100,100029,100,99768,100,100047,100,,,100052,100,,,100104,100,,,100110,100,,,100202,100,,
2019-06-28 09:30:00.000000050,99981,100,99972,100,100008,100,99922,100,100010,100,99893,100,100018,100,99857,100,100024,100,99799,100,100029,100,99768,100,100047,100,,,100052,100,,,100104,100,,,100110,100,,
2019-06-28 09:30:00.000000052,99981,100,99972,100,100008,100,99922,100,100010,100,99905,100,100018,100,99893,100,100024,100,99889,100,100029,100,99857,100,100047,100,99799,100,100052,100,99768,100,100104,100,,,100110,100,,
2019-06-28 09:30:00.000000062,99981,100,99972,100,100008,100,99922,100,100010,100,99905,100,100018,100,99893,100,100024,100,99889,100,100029,100,99857,100,100047,100,99799,100,100052,100,99768,100,100104,100,,,100110,100,,
2019-06-28 09:30:00.000000064,100010,100,99972,100,100018,100,99922,100,100024,100,99905,100,100029,100,99893,100,100047,100,99889,100,100052,100,99857,100,100104,100,99799,100,100110,100,99768,100,100122,100,,,100132,100,,
2019-06-28 09:30:00.000000067,100010,100,99972,100,100018,100,99922,100,100024,100,99905,100,100029,100,99893,100,100047,100,99889,100,100052,100,99857,100,100068,100,99799,100,100104,100,99768,100,100110,200,,,100122,100,,
2019-06-28 09:30:00.000000069,100010,100,99972,100,100018,100,99922,100,100024,100,99905,100,100029,100,99893,100,100042,100,99889,100,100047,100,99857,100,100052,100,99799,100,100068,100,99768,100,100104,100,,,100110,200,,
2019-06-28 09:30:00.000000070,100010,100,99972,100,100018,100,99922,100,100024,100,99905,100,100029,100,99893,100,100042,100,99889,100,100047,100,99857,200,100052,100,99799,100,100068,100,99768,100,100104,100,,,100110,200,,
2019-06-28 09:30:00.000000071,100010,100,99972,100,100018,100,99922,100,100024,100,99905,100,100029,100,99893,100,100042,100,99889,100,100047,100,99857,200,100052,100,99799,100,100068,100,99768,100,100087,100,,,100104,100,,
2019-06-28 09:30:00.000000075,100008,100,99981,100,100010,100,99972,100,100018,100,99922,100,100024,100,99905,100,100029,100,99893,100,100042,100,99889,100,100047,100,99857,200,100052,100,99799,100,100068,100,99768,100,100087,100,,
2019-06-28 09:30:00.000000076,100000,100,99981,100,100008,100,99972,100,100010,100,99922,100,100018,100,99905,100,100024,100,99893,100,100029,100,99889,100,100042,100,99857,200,100047,100,99799,100,100052,100,99768,100,100068,100,,
2019-06-28 09:30:00.000000077,100000,100,99981,100,100008,100,99972,100,100010,100,99922,100,100012,100,99905,100,100018,100,99893,100,100024,100,99889,100,100029,100,99857,200,100042,100,99799,100,100047,100,99768,100,100052,100,,
2019-06-28 09:30:00.000000079,100000,100,99981,200,100008,100,99972,100,100010,100,99922,100,100012,100,99905,100,100018,100,99893,100,100024,100,99889,100,100029,100,99857,200,100042,100,99799,100,100047,100,99768,100,100052,100,,
2019-06-28 09:30:00.000000080,100000,100,99981,200,100008,100,99972,100,100010,100,99922,100,100012,100,99905,100,100018,100,99893,100,100024,100,99889,100,100029,100,99857,200,100042,100,99799,100,100047,100,99768,100,100052,100,99761,100
2019-06-28 09:30:00.000000081,100000,100,99981,100,100006,100,99972,100,100008,100,99922,100,100010,100,99905,100,100012,100,99893,100,100018,100,99889,100,100024,100,99860,100,100029,100,99857,200,100042,100,99799,100,100047,100,99768,100
2019-06-28 09:30:00.000000082,100000,100,99981,100,100006,100,99972,100,100008,100,99922,100,100010,100,99905,100,100012,100,99893,100,100018,100,99889,100,100024,100,99860,100,100029,100,99857,200,100042,100,99799,100,100047,100,99768,100
2019-06-28 09:30:00.000000084,100000,100,99981,100,100006,100,99972,100,100008,100,99922,100,100010,100,99905,100,100012,100,99893,100,100018,100,99889,100,100024,100,99885,100,100029,100,99860,100,100042,100,99857,200,100047,100,99799,100
2019-06-28 09:30:00.000000085,100000,100,99982,100,100006,100,99981,100,100008,100,99972,100,100010,100,99922,100,100012,100,99905,100,100018,100,99893,100,100024,100,99889,100,100029,100,99885,100,100042,100,99860,100,100047,100,99857,200
2019-06-28 09:30:00.000000089,99986,100,99982,100,100000,100,99981,100,100006,100,99972,100,100008,100,99922,100,100010,100,99905,100,100012,100,99893,100,100018,100,99889,100,100024,100,99885,100,100029,100,99860,100,100042,100,99857,200
2019-06-28 09:30:00.000000092,99986,100,99982,100,100000,100,99981,100,100006,100,99972,100,100008,100,99922,100,100010,100,99905,100,100012,100,99893,100,100018,100,99889,100,100024,100,99885,100,100029,100,99860,100,100042,100,99857,200
2019-06-28 09:30:00.000000094,99986,100,99982,100,100000,100,99981,100,100006,100,99972,100,100008,100,99922,100,100010,100,99905,100,100012,100,99893,100,100018,100,99889,100,100024,100,99888,100,100029,100,99885,100,100042,100,99860,100
2019-06-28 09:30:00.000000095,99986,100,99982,100,99999,100,99981,100,100000,100,99972,100,100006,100,99922,100,100008,100,99905,100,100010,100,99893,100,100012,100,99889,100,100018,100,99888,100,100024,100,99885,100,100029,100,99860,100
2019-06-28 09:30:00.000000096,99986,100,99982,200,99999,100,99981,100,100000,100,99972,100,100006,100,99922,100,100008,100,99905,100,100010,100,99893,100,100012,100,99889,100,100018,100,99888,100,100024,100,99885,100,100029,100,99860,100
2019-06-28 09:30:00.000000097,99986,100,99982,200,99999,100,99981,100,100000,100,99972,100,100006,100,99966,100,100008,100,99922,100,100010,100,99905,100,100012,100,99893,100,100018,100,99889,100,100024,100,99888,100,100029,100,99885,100
2019-06-28 09:30:10.000000000,99986,255,99982,355,99999,255,99981,255,100000,100,99972,100,100006,100,99966,100,100008,100,99922,100,100010,100,99905,100,100012,100,99893,100,100018,100,99889,100,100024,100,99888,100,100029,100,99885,100
2019-06-28 09:30:20.000000000,99986,162,99982,262,99999,162,99981,162,100000,162,99972,162,100006,162,99966,162,100008,162,99922,162,100010,100,99905,100,100012,100,99893,100,100018,100,99889,100,100024,100,99888,100,100029,100,99885,100
2019-06-28 09:30:22.054819149,99986,162,99982,362,99999,162,99981,162,100000,162,99972,162,100006,162,99966,162,100008,162,99922,162,100010,100,99905,100,100012,100,99893,100,100018,100,99889,100,100024,100,99888,100,100029,100,99885,100
2019-06-28 09:30:28.323809985,99986,62,99982,362,99999,162,99981,162,100000,162,99972,162,100006,162,99966,162,100008,162,99922,162,100010,100,99905,100,100012,100,99893,100,100018,100,99889,100,100024,100,99888,100,100029,100,99885,100
2019-06-28 09:30:30.000000000,99999,410,99982,610,100000,100,99981,100,100006,100,99972,100,100008,100,99966,100,100010,100,99922,100,100012,100,99905,100,100018,100,99893,100,100024,100,99889,100,100029,100,99888,100,100042,100,99885,100
2019-06-28 09:30:40.000000000,99999,410,99982,610,100000,100,99981,100,100006,100,99972,100,100008,100,99966,100,100010,100,99922,100,100012,100,99905,100,100018,100,99893,100,100024,100,99889,100,100029,100,99888,100,100042,100,99885,100
2019-06-28 09:30:44.587056205,99999,410,99982,610,100000,100,99981,100,100006,100,99972,100,100008,100,99966,100,100010,100,99922,100,100012,100,99905,100,100018,100,99893,100,100024,100,99889,100,100029,100,99888,100,100042,100,99885,100
2019-06-28 09:30:50.000000000,99999,205,99982,405,100000,202,99981,202,100006,202,99972,202,100008,100,99966,100,100010,100,99922,100,100012,100,99905,100,100018,100,99893,100,100024,100,99889,100,100029,100,99888,100,100042,100,99885,100
2019-06-28 09:30:55.600648161,99999,205,99982,405,100000,202,99981,202,100006,202,99972,202,100008,100,99966,100,100010,100,99922,100,100012,100,99905,100,100018,100,99893,100,100024,100,99889,100,100029,100,99888,100,100042,100,99885,100
2019-06-28 09:31:00.000000000,99999,162,99982,362,100000,162,99981,162,100006,162,99972,162,100008,162,99966,162,100010,162,99922,162,100012,100,99905,100,100018,100,99893,100,100024,100,99889,100,100029,100,99888,100,100042,100,99885,100
2019-06-28 09:31:00.826162199,99999,62,99982,362,100000,162,99981,162,100006,162,99972,162,100008,162,99966,162,100010,162,99922,162,100012,100,99905,100,100018,100,99893,100,100024,100,99889,100,100029,100,99888,100,100042,100,99885,100
2019-06-28 09:31:03.163798762,99999,62,99982,362,100000,162,99981,162,100006,162,99972,162,100008,162,99966,162,100010,162,99922,162,100012,100,99905,100,100018,100,99893,100,100024,100,99889,100,100029,100,99888,100,100042,100,99885,100
2019-06-28 09:31:04.683404806,100000,162,99999,38,100006,162,99982,362,100008,162,99981,162,100010,162,99972,162,100012,100,99966,162,100018,100,99922,162,100024,100,99905,100,100029,100,99893,100,100042,100,99889,100,100052,100,99888,100
2019-06-28 09:31:10.000000000,100000,410,99999,348,100006,100,99982,300,100008,100,99981,100,100010,100,99972,100,100012,100,99966,100,100018,100,99922,100,100024,100,99905,100,100029,100,99893,100,100042,100,99889,100,100052,100,99888,100
2019-06-28 09:31:11.692814890,100000,410,99999,348,100006,100,99986,100,100010,100,99982,300,100012,100,99981,100,100018,100,99972,100,100024,100,99966,100,100029,100,99922,100,100042,100,99905,100,100052,100,99893,100,100063,100,99889,100
2019-06-28 09:31:13.293659195,100000,410,99999,248,100006,100,99986,100,100010,100,99982,300,100012,100,99981,100,100018,100,99972,100,100024,100,99966,100,100029,100,99922,100,100042,100,99905,100,100052,100,99893,100,100063,100,99889,100
2019-06-28 09:31:20.000000000,100000,410,99986,410,100006,100,99982,300,100010,100,99981,100,100012,100,99972,100,100018,100,99966,100,100024,100,99922,100,100029,100,99905,100,100042,100,99893,100,100052,100,99889,100,100063,100,99888,100
2019-06-28 09:31:20.664517906,100000,410,99987,100,100006,100,99986,410,100010,100,99982,300,100012,100,99981,100,100018,100,99972,100,100024,100,99966,100,100029,100,99922,100,100042,100,99905,100,100052,100,99893,100,100063,100,99889,100
2019-06-28 09:31:23.292264388,100000,410,99987,100,100006,100,99986,410,100010,100,99982,300,100012,100,99981,100,100018,100,99972,100,100024,100,99966,100,100029,100,99922,100,100042,100,99905,100,100052,100,99893,100,100063,100,99889,100
2019-06-28 09:31:28.510411879,100000,410,99987,100,100006,100,99986,410,100010,100,99982,300,100012,100,99981,100,100018,100,99972,100,100024,100,99966,100,100029,100,99922,100,100042,100,99905,100,100052,100,99893,100,100063,100,99889,100
2019-06-28 09:31:30.000000000,100000,205,99987,205,100006,202,99986,202,100010,202,99982,402,100012,100,99981,100,100018,100,99972,100,100024,100,99966,100,100029,100,99922,100,100042,100,99905,100,100052,100,99893,100,100063,100,99889,100
2019-06-28 09:31:31.862976440,100000,205,99987,205,100006,202,99986,202,100010,202,99982,402,100012,100,99981,100,100018,100,99972,100,100024,100,99966,100,100029,100,99922,100,100042,100,99905,100,100052,100,99893,100,100063,100,99889,100
2019-06-28 09:31:33.027499095,100000,205,99987,205,100006,202,99986,202,100010,202,99982,402,100012,100,99981,100,100018,100,99972,100,100024,100,99966,100,100029,100,99922,100,100042,100,99905,100,100052,100,99893,100,100063,100,99889,100
2019-06-28 09:31:40.000000000,100000,178,99987,178,100006,178,99986,178,100010,178,99982,378,100012,178,99981,178,100018,100,99972,100,100024,100,99966,100,100029,100,99922,100,100042,100,99905,100,100052,100,99893,100,100063,100,99889,100
2019-06-28 09:31:50.000000000,100000,178,99987,178,100006,178,99986,178,100010,178,99982,378,100012,178,99981,178,100018,100,99972,100,100024,100,99966,100,100029,100,99922,100,100042,100,99905,100,100052,100,99893,100,100063,100,99889,100
2019-06-28 09:32:00.000000000,100000,410,99987,410,100006,100,99986,100,100010,100,99982,300,100012,100,99981,100,100018,100,99972,100,100024,100,99966,100,100029,100,99922,100,100042,100,99905,100,100052,100,99893,100,100063,100,99889,100
2019-06-28 09:32:10.000000000,100000,205,99987,205,100006,202,99986,202,100010,202,99982,402,100012,100,99981,100,100018,100,99972,100,100024,100,99966,100,100029,100,99922,100,100042,100,99905,100,100052,100,99893,100,100063,100,99889,100
2019-06-28 09:32:11.543800850,100000,105,99987,205,100006,202,99986,202,100010,202,99982,402,100012,100,99981,100,100018,100,99972,100,100024,100,99966,100,100029,100,99922,100,100042,100,99905,100,100052,100,99893,100,100063,100,99889,100
2019-06-28 09:32:20.000000000,100006,178,99987,178,100010,178,99986,178,100012,178,99982,378,100018,178,99981,178,100024,100,99972,100,100029,100,99966,100,100042,100,99922,100,100052,100,99905,100,100063,100,99893,100,100064,100,99889,100
2019-06-28 09:32:30.000000000,100006,178,99987,178,100010,178,99986,178,100012,178,99982,378,100018,178,99981,178,100024,100,99972,100,100029,100,99966,100,100042,100,99922,100,100052,100,99905,100,100063,100,99893,100,100064,100,99889,100
2019-06-28 09:32:31.560985401,100006,178,99987,178,100010,178,99986,78,100012,178,99982,378,100018,178,99981,178,100024,100,99972,100,100029,100,99966,100,100042,100,99922,100,100052,100,99905,100,100063,100,99893,100,100064,100,99889,100
2019-06-28 09:32:40.000000000,100006,178,99987,178,100010,178,99982,378,100012,178,99981,178,100018,178,99972,178,100024,100,99966,100,100029,100,99922,100,100042,100,99905,100,100052,100,99893,100,100063,100,99889,100,100064,100,99888,100
2019-06-28 09:32:46.876295191,100010,178,100006,22,100012,178,99987,178,100018,178,99982,378,100024,100,99981,178,100029,100,99972,178,100042,100,99966,100,100052,100,99922,100,100063,100,99905,100,100064,100,99893,100,100068,100,99889,100
2019-06-28 09:32:50.000000000,100010,410,100006,332,100012,100,99987,100,100018,100,99982,300,100024,100,99981,100,100029,100,99972,100,100042,100,99966,100,100052,100,99922,100,100063,100,99905,100,100064,100,99893,100,100068,100,99889,100
2019-06-28 09:32:53.763848994,100010,310,100006,332,100012,100,99987,100,100018,100,99982,300,100024,100,99981,100,100029,100,99972,100,100042,100,99966,100,100052,100,99922,100,100063,100,99905,100,100064,100,99893,100,100068,100,99889,100
2019-06-28 09:33:00.000000000,100012,205,100006,127,100018,202,99987,202,100024,202,99982,402,100029,100,99981,100,100042,100,99972,100,100052,100,99966,100,100063,100,99922,100,100064,100,99905,100,100068,100,99893,100,100079,100,99889,100
2019-06-28 09:33:10.000000000,100012,178,100006,100,100018,178,99987,178,100024,178,99982,378,100029,178,99981,178,100042,100,99972,100,100052,100,99966,100,100063,100,99922,100,100064,100,99905,100,100068,100,99893,100,100079,100,99889,100
2019-06-28 09:33:20.000000000,100012,205,100006,127,100018,202,99987,202,100024,202,99982,402,100029,100,99981,100,100042,100,99972,100,100052,100,99966,100,100063,100,99922,100,100064,100,99905,100,100068,100,99893,100,100079,100,99889,100
2019-06-28 09:33:29.525034415,100012,105,100006,127,100018,202,99987,202,100024,202,99982,402,100029,100,99981,100,100042,100,99972,100,100052,100,99966,100,100063,100,99922,100,100064,100,99905,100,100068,100,99893,100,100079,100,99889,100
2019-06-28 09:33:30.000000000,100018,178,100006,100,100024,178,99987,178,100029,178,99982,378,100042,178,99981,178,100052,100,99972,100,100063,100,99966,100,100064,100,99922,100,100068,100,99905,100,100079,100,99893,100,100087,100,99889,100
2019-06-28 09:33:40.000000000,100018,255,100006,177,100024,255,99987,255,100029,100,99982,300,100042,100,99981,100,100052,100,99972,100,100063,100,99966,100,100064,100,99922,100,100068,100,99905,100,100079,100,99893,100,100087,100,99889,100
2019-06-28 09:33:50.000000000,100018,178,100006,100,100024,178,99987,178,100029,178,99982,378,100042,178,99981,178,100052,100,99972,100,100063,100,99966,100,100064,100,99922,100,100068,100,99905,100,100079,100,99893,100,100087,100,99889,100
2019-06-28 09:33:57.777246228,100018,178,100006,100,100024,178,99987,178,100029,178,99982,378,100042,178,99981,178,100052,100,99972,100,100063,100,99966,100,100064,100,99922,100,100068,100,99905,100,100079,100,99893,100,100087,100,99889,100
2019-06-28 09:33:59.596876611,100018,78,100006,100,100024,178,99987,178,100029,178,99982,378,100042,178,99981,178,100052,100,99972,100,100063,100,99966,100,100064,100,99922,100,100068,100,99905,100,100079,100,99893,100,100087,100,99889,100
2019-06-28 09:34:00.000000000,100024,410,100006,332,100029,100,99987,100,100042,100,99982,300,100052,100,99981,100,100063,100,99972,100,100064,100,99966,100,100068,100,99922,100,100079,100,99905,100,100087,100,99893,100,100110,100,99889,100
2019-06-28 09:34:05.212998982,100024,310,100006,332,100029,100,99987,100,100042,100,99982,300,100052,100,99981,100,100063,100,99972,100,100064,100,99966,100,100068,100,99922,100,100079,100,99905,100,100087,100,99893,100,100110,100,99889,100
2019-06-28 09:34:10.000000000,100029,162,100006,84,100042,162,99987,162,100052,162,99982,362,100063,162,99981,162,100064,162,99972,162,100068,100,99966,100,100079,100,99922,100,100087,100,99905,100,100110,100,99893,100,100122,100,99889,100
2019-06-28 09:34:11.486632208,100029,162,100006,84,100042,162,99987,162,100052,162,99982,362,100063,162,99981,162,100064,162,99972,162,100068,100,99966,100,100079,100,99922,100,100087,100,99905,100,100110,100,99893,100,100122,100,99889,100
2019-06-28 09:34:20.000000000,100029,178,100006,100,100042,178,99987,178,100052,178,99982,378,100063,178,99981,178,100064,100,99972,100,100068,100,99966,100,100079,100,99922,100,100087,100,99905,100,100110,100,99893,100,100122,100,99889,100
2019-06-28 09:34:30.000000000,100029,255,100006,177,100042,255,99987,255,100052,100,99982,300,100063,100,99981,100,100064,100,99972,100,100068,100,99966,100,100079,100,99922,100,100087,100,99905,100,100110,100,99893,100,100122,100,99889,100
2019-06-28 09:34:30.730934840,100029,155,100006,177,100042,255,99987,255,100052,100,99982,300,100063,100,99981,100,100068,100,99972,100,100079,100,99966,100,100087,100,99922,100,100110,100,99905,100,100122,100,99893,100,100132,100,99889,100
2019-06-28 09:34:40.000000000,100042,178,100006,100,100052,178,99987,178,100063,178,99982,378,100068,178,99981,178,100079,100,99972,100,100087,100,99966,100,100110,100,99922,100,100122,100,99905,100,100132,100,99893,100,100179,100,99889,100
2019-06-28 09:34:41.904819923,100042,78,100006,100,100052,178,99987,178,100063,178,99982,378,100068,178,99981,178,100079,100,99972,100,100087,100,99966,100,100110,100,99922,100,100122,100,99905,100,100132,100,99893,100,100179,100,99889,100
2019-06-28 09:34:50.000000000,100052,255,100006,177,100063,255,99987,255,100068,100,99982,300,100079,100,99981,100,100087,100,99972,100,100110,100,99966,100,100122,100,99922,100,100132,100,99905,100,100179,100,99893,100,100199,100,99889,100
2019-06-28 09:34:58.760244992,100052,255,100006,177,100063,255,99987,255,100068,100,99982,300,100079,100,99981,100,100087,100,99972,100,100110,100,99966,100,100122,100,99922,100,100132,100,99905,100,100179,100,99893,100,100199,100,99889,100
2019-06-28 09:35:00.000000000,100052,410,100006,332,100063,100,99987,100,100068,100,99982,300,100079,100,99981,100,100087,100,99972,100,100110,100,99966,100,100122,100,99922,100,100132,100,99905,100,100179,100,99893,100,100199,100,99889,100
2019-06-28 09:35:04.316822882,100052,310,100006,332,100063,100,99987,100,100068,100,99982,300,100079,100,99981,100,100087,100,99972,100,100110,100,99966,100,100122,100,99922,100,100132,100,99905,100,100179,100,99893,100,100206,100,99889,100
2019-06-28 09:35:10.000000000,100063,255,100006,177,100068,255,99987,255,100079,100,99982,300,100087,100,99981,100,100110,100,99972,100,100122,100,99966,100,100132,100,99922,100,100179,100,99905,100,100206,100,99893,100,100208,100,99889,100
2019-06-28 09:35:11.042429968,100063,255,100006,177,100068,255,99987,255,100079,100,99982,300,100087,100,99981,100,100110,100,99972,100,100122,100,99966,100,100132,100,99922,100,100179,100,99905,100,100206,100,99893,100,100208,100,99889,100
2019-06-28 09:35:20.000000000,100063,178,100006,100,100068,178,99987,178,100079,178,99982,378,100087,178,99981,178,100110,100,99972,100,100122,100,99966,100,100132,100,99922,100,100179,100,99905,100,100206,100,99893,100,100208,100,99889,100
2019-06-28 09:35:20.121563992,100063,178,100042,100,100068,178,100006,100,100079,178,99987,178,100087,178,99982,378,100110,100,99981,178,100122,100,99972,100,100132,100,99966,100,100179,100,99922,100,100206,100,99905,100,100208,100,99893,100
2019-06-28 09:35:20.430874215,100063,178,100042,200,100068,178,100006,100,100079,178,99987,178,100087,178,99982,378,100110,100,99981,178,100122,100,99972,100,100132,100,99966,100,100179,100,99922,100,100206,100,99905,100,100208,100,99893,100
2019-06-28 09:35:21.623636728,100063,178,100042,200,100068,178,100006,100,100079,178,99987,178,100087,178,99982,378,100110,100,99981,178,100122,100,99972,100,100132,100,99966,100,100179,100,99922,100,100206,100,99905,100,100208,100,99893,100
2019-06-28 09:35:26.325605458,100063,178,100042,200,100068,178,100006,100,100079,178,99987,178,100087,178,99982,378,100110,100,99981,178,100122,100,99972,100,100132,100,99966,100,100179,100,99922,100,100206,100,99905,100,100208,100,99893,100
2019-06-28 09:35:26.541064345,100063,178,100042,300,100068,178,100006,100,100079,178,99987,178,100087,178,99982,378,100110,100,99981,178,100122,100,99972,100,100132,100,99966,100,100179,100,99922,100,100206,100,99905,100,100208,100,99893,100
2019-06-28 09:35:30.000000000,100063,162,100042,362,100068,162,100006,84,100079,162,99987,162,100087,162,99982,362,100110,162,99981,162,100122,100,99972,100,100132,100,99966,100,100179,100,99922,100,100206,100,99905,100,100208,100,99893,100
2019-06-28 09:35:33.562783438,100063,162,100042,362,100068,162,100006,84,100079,162,99987,162,100087,162,99982,362,100110,162,99981,162,100122,100,99972,100,100132,100,99966,100,100179,100,99922,100,100206,100,99905,100,100208,100,99893,100
2019-06-28 09:35:40.000000000,100063,178,100042,378,100068,178,100006,100,100079,178,99987,178,100087,178,99982,378,100110,100,99981,100,100122,100,99972,100,100132,100,99966,100,100179,100,99922,100,100206,100,99905,100,100208,100,99893,100
2019-06-28 09:35:50.000000000,100063,162,100042,362,100068,162,100006,84,100079,162,99987,162,100087,162,99982,362,100110,162,99981,162,100122,100,99972,100,100132,100,99966,100,100179,100,99922,100,100206,100,99905,100,100208,100,99893,100
2019-06-28 09:35:57.982820852,100063,162,100042,462,100068,162,100006,84,100079,162,99987,162,100087,162,99982,362,100110,162,99981,162,100122,100,99972,100,100132,100,99966,100,100179,100,99922,100,100206,100,99905,100,100208,100,99893,100
2019-06-28 09:36:00.000000000,100063,410,100042,710,100068,100,100006,22,100079,100,99987,100,100087,100,99982,300,100110,100,99981,100,100122,100,99972,100,100132,100,99966,100,100179,100,99922,100,100206,100,99905,100,100208,100,99893,100
2019-06-28 09:36:01.445716356,100063,410,100042,710,100068,100,100006,22,100079,100,99987,100,100087,100,99982,300,100110,100,99981,100,100122,100,99972,100,100132,100,99966,100,100179,100,99922,100,100206,100,99905,100,100208,100,99893,100
2019-06-28 09:36:10.000000000,100063,162,100042,462,100068,162,100006,84,100079,162,99987,162,100087,162,99982,362,100110,162,99981,162,100122,100,99972,100,100132,100,99966,100,100179,100,99922,100,100206,100,99905,100,100208,100,99893,100
2019-06-28 09:36:20.000000000,100063,205,100042,505,100068,202,100006,124,100079,202,99987,202,100087,100,99982,300,100110,100,99981,100,100122,100,99972,100,100132,100,99966,100,100179,100,99922,100,100206,100,99905,100,100208,100,99893,100
2019-06-28 09:36:23.107570179,100063,205,100042,505,100068,202,100006,124,100079,202,99987,102,100087,100,99982,300,100110,100,99981,100,100122,100,99972,100,100132,100,99966,100,100179,100,99922,100,100206,100,99905,100,100208,100,99893,100
2019-06-28 09:36:30.000000000,100063,255,100042,555,100068,255,100006,177,100079,100,99982,300,100087,100,99981,100,100110,100,99972,100,100122,100,99966,100,100132,100,99922,100,100179,100,99905,100,100206,100,99893,100,100208,100,99889,100
2019-06-28 09:36:40.000000000,100063,205,100042,505,100068,202,100006,124,100079,202,99982,402,100087,100,99981,100,100110,100,99972,100,100122,100,99966,100,100132,100,99922,100,100179,100,99905,100,100206,100,99893,100,100208,100,99889,100
2019-06-28 09:36:50.000000000,100063,162,100042,462,100068,162,100006,84,100079,162,99982,362,100087,162,99981,162,100110,162,99972,162,100122,100,99966,100,100132,100,99922,100,100179,100,99905,100,100206,100,99893,100,100208,100,99889,100
2019-06-28 09:37:00.000000000,100063,205,100042,505,100068,202,100006,124,100079,202,99982,402,100087,100,99981,100,100110,100,99972,100,100122,100,99966,100,100132,100,99922,100,100179,100,99905,100,100206,100,99893,100,100208,100,99889,100
2019-06-28 09:37:09.168886190,100063,205,100042,605,100068,202,100006,124,100079,202,99982,402,100087,100,99981,100,100110,100,99972,100,100122,100,99966,100,100132,100,99922,100,100179,100,99905,100,100206,100,99893,100,100208,100,99889,100
2019-06-28 09:37:10.000000000,100063,205,100042,605,100068,202,100006,124,100079,202,99982,402,100087,100,99981,100,100110,100,99972,100,100122,100,99966,100,100132,100,99922,100,100179,100,99905,100,100206,100,99893,100,100208,100,99889,100
2019-06-28 09:37:20.000000000,100063,178,100042,578,100068,178,100006,100,100079,178,99982,378,100087,178,99981,178,100110,100,99972,100,100122,100,99966,100,100132,100,99922,100,100179,100,99905,100,100206,100,99893,100,100208,100,99889,100
2019-06-28 09:37:29.439638841,100063,78,100042,578,100068,178,100006,100,100079,178,99982,378,100087,178,99981,178,100110,100,99972,100,100122,100,99922,100,100132,100,99905,100,100179,100,99893,100,100206,100,99889,100,100208,100,99857,200
2019-06-28 09:37:30.000000000,100068,205,100042,605,100079,202,100006,124,100087,202,99982,402,100110,100,99981,100,100122,100,99972,100,100132,100,99922,100,100179,100,99905,100,100206,100,99893,100,100208,100,99889,100,100265,100,99857,200
2019-06-28 09:37:40.000000000,100068,410,100042,810,100079,100,100006,22,100087,100,99982,300,100110,100,99981,100,100122,100,99972,100,100132,100,99922,100,100179,100,99905,100,100206,100,99893,100,100208,100,99889,100,100265,100,99857,200
2019-06-28 09:37:50.000000000,100068,162,100042,562,100079,162,100006,84,100087,162,99982,362,100110,162,99981,162,100122,162,99972,162,100132,100,99922,100,100179,100,99905,100,100206,100,99893,100,100208,100,99889,100,100265,100,99857,200
2019-06-28 09:38:00.000000000,100068,162,100042,562,100079,162,100006,84,100087,162,99982,362,100110,162,99981,162,100122,162,99972,162,100132,100,99922,100,100179,100,99905,100,100206,100,99893,100,100208,100,99889,100,100265,100,99857,200
2019-06-28 09:38:10.000000000,100068,178,100042,578,100079,178,100006,100,100087,178,99982,378,100110,178,99981,178,100122,100,99972,100,100132,100,99922,100,100179,100,99905,100,100206,100,99893,100,100208,100,99889,100,100265,100,99857,200
2019-06-28 09:38:20.000000000,100068,178,100042,578,100079,178,100006,100,100087,178,99982,378,100110,178,99981,178,100122,100,99972,100,100132,100,99922,100,100179,100,99905,100,100206,100,99893,100,100208,100,99889,100,100265,100,99857,200
2019-06-28 09:38:20.346366671,100068,78,100042,578,100079,178,100006,100,100087,178,99982,378,100110,178,99981,178,100122,100,99972,100,100132,100,99922,100,100179,100,99905,100,100206,100,99893,100,100208,100,99889,100,100265,100,99857,200
2019-06-28 09:38:30.000000000,100079,162,100042,562,100087,162,100006,84,100110,162,99982,362,100122,162,99981,162,100132,162,99972,162,100179,100,99922,100,100206,100,99905,100,100208,100,99893,100,100265,100,99889,100,100294,100,99857,200
2019-06-28 09:38:39.373590915,100079,162,100042,562,100087,162,100006,84,100110,162,99982,362,100122,162,99981,162,100132,162,99972,162,100179,100,99922,100,100206,100,99905,100,100208,100,99893,100,100265,100,99889,100,100294,100,99857,200
2019-06-28 09:38:40.000000000,100079,178,100042,578,100087,178,100006,100,100110,178,99982,378,100122,178,99981,178,100132,100,99972,100,100179,100,99922,100,100206,100,99905,100,100208,100,99893,100,100265,100,99889,100,100294,100,99857,200
2019-06-28 09:38:50.000000000,100079,410,100042,810,100087,100,100006,22,100110,100,99982,300,100122,100,99981,100,100132,100,99972,100,100179,100,99922,100,100206,100,99905,100,100208,100,99893,100,100265,100,99889,100,100294,100,99857,200
2019-06-28 09:38:50.928570487,100079,310,100042,810,100087,100,100006,22,100110,100,99982,300,100122,100,99981,100,100132,100,99972,100,100179,100,99922,100,100206,100,99905,100,100208,100,99893,100,100265,100,99889,100,100294,100,99857,200
2019-06-28 09:39:00.000000000,100087,205,100042,605,100110,202,100006,124,100122,202,99982,402,100132,100,99981,100,100179,100,99972,100,100206,100,99922,100,100208,100,99905,100,100265,100,99893,100,100294,100,99889,100,100504,100,99857,200
2019-06-28 09:39:00.685426955,100087,105,100042,605,100110,202,100006,124,100122,202,99982,402,100132,100,99981,100,100179,100,99972,100,100206,100,99922,100,100208,100,99905,100,100265,100,99893,100,100294,100,99889,100,100504,100,99857,200
2019-06-28 09:39:04.726180090,100087,5,100042,605,100110,202,100006,124,100122,202,99982,402,100132,100,99981,100,100179,100,99972,100,100206,100,99922,100,100208,100,99905,100,100294,100,99893,100,100504,100,99889,100,100634,100,99857,200
2019-06-28 09:39:07.614420466,100110,202,100087,95,100122,202,100042,605,100132,100,100006,124,100179,100,99982,302,100206,100,99981,100,100208,100,99972,100,100294,100,99922,100,100504,100,99905,100,100634,100,99893,100,100661,100,99889,100
2019-06-28 09:39:10.000000000,100110,410,100087,405,100122,100,100042,500,100132,100,100006,22,100179,100,99982,200,100206,100,99981,100,100208,100,99972,100,100294,100,99922,100,100504,100,99905,100,100634,100,99893,100,100661,100,99889,100
2019-06-28 09:39:20.000000000,100110,162,100087,157,100122,162,100042,562,100132,162,100006,84,100179,162,99982,262,100206,162,99981,162,100208,100,99972,100,100294,100,99922,100,100504,100,99905,100,100634,100,99893,100,100661,100,99889,100
2019-06-28 09:39:22.870657957,100110,162,100087,157,100122,162,100042,562,100132,162,100006,84,100179,162,99982,262,100206,162,99981,162,100208,100,99972,100,100294,100,99922,100,100504,100,99905,100,100634,100,99893,100,100661,100,99889,100
2019-06-28 09:39:28.997071171,100110,162,100087,157,100122,162,100042,562,100132,162,100006,84,100179,162,99982,262,100206,162,99981,162,100208,100,99972,100,100294,100,99922,100,100504,100,99905,100,100634,100,99893,100,100661,100,99889,100
2019-06-28 09:39:30.000000000,100110,410,100087,405,100122,100,100042,500,100132,100,100006,22,100179,100,99982,200,100206,100,99981,100,100208,100,99972,100,100294,100,99922,100,100504,100,99905,100,100634,100,99893,100,100661,100,99889,100
2019-06-28 09:39:39.052166004,100110,310,100087,405,100122,100,100042,500,100132,100,100006,22,100179,100,99982,200,100206,100,99981,100,100208,100,99972,100,100294,100,99922,100,100504,100,99905,100,100634,100,99893,100,100661,100,99889,100
2019-06-28 09:39:40.000000000,100122,178,100087,173,100132,178,100042,578,100179,178,100006,100,100206,178,99982,278,100208,100,99981,100,100294,100,99972,100,100504,100,99922,100,100634,100,99905,100,100661,100,99893,100,100723,100,99889,100
2019-06-28 09:39:50.000000000,100122,162,100087,157,100132,162,100042,562,100179,162,100006,84,100206,162,99982,262,100208,162,99981,162,100294,100,99972,100,100504,100,99922,100,100634,100,99905,100,100661,100,99893,100,100723,100,99889,100
2019-06-28 09:40:00.000000000,100122,205,100087,200,100132,202,100042,602,100179,202,100006,124,100206,100,99982,200,100208,100,99981,100,100294,100,99972,100,100504,100,99922,100,100634,100,99905,100,100661,100,99893,100,100723,100,99889,100
2019-06-28 09:40:10.000000000,100122,255,100087,250,100132,255,100042,655,100179,100,100006,22,100206,100,99982,200,100208,100,99981,100,100294,100,99972,100,100504,100,99922,100,100634,100,99905,100,100661,100,99893,100,100723,100,99889,100
2019-06-28 09:40:10.423508595,100122,155,100087,250,100132,255,100042,655,100179,100,100006,22,100206,100,99982,200,100208,100,99981,100,100294,100,99972,100,100504,100,99922,100,100634,100,99905,100,100661,100,99893,100,100723,100,99889,100
2019-06-28 09:40:12.974466551,100122,55,100087,250,100132,255,100042,655,100179,100,100006,22,100206,100,99982,200,100208,100,99981,100,100294,100,99972,100,100504,100,99922,100,100634,100,99905,100,100661,100,99893,100,100723,100,99889,100
2019-06-28 09:40:20.000000000,100132,162,100087,157,100179,162,100042,562,100206,162,100006,84,100208,162,99982,262,100294,162,99981,162,100504,100,99972,100,100634,100,99922,100,100661,100,99905,100,100723,100,99893,100,100842,100,99889,100
2019-06-28 09:40:21.459538740,100132,162,100087,157,100179,162,100042,562,100206,162,100006,84,100208,162,99982,262,100294,162,99981,162,100634,100,99972,100,100661,100,99922,100,100723,100,99905,100,100842,100,99893,100,100983,100,99889,100
2019-06-28 09:40:30.000000000,100132,162,100087,157,100179,162,100042,562,100206,162,100006,84,100208,162,99982,262,100294,162,99981,162,100634,100,99972,100,100661,100,99922,100,100723,100,99905,100,100842,100,99893,100,100983,100,99889,100
2019-06-28 09:40:33.794133841,100132,162,100087,157,100179,162,100042,562,100206,162,100006,84,100208,162,99982,262,100294,162,99981,162,100634,100,99972,100,100661,100,99922,100,100723,100,99905,100,100842,100,99893,100,100983,100,99889,100
2019-06-28 09:40:35.583080554,100132,162,100087,157,100179,162,100042,562,100206,162,100006,84,100208,162,99982,262,100294,162,99981,162,100634,100,99972,100,100661,100,99922,100,100723,100,99905,100,100842,100,99893,100,100983,100,99889,100
2019-06-28 09:40:40.000000000,100132,205,100087,200,100179,202,100042,602,100206,202,100006,124,100208,100,99982,200,100294,100,99981,100,100634,100,99972,100,100661,100,99922,100,100723,100,99905,100,100842,100,99893,100,100983,100,99889,100
2019-06-28 09:40:50.000000000,100132,178,100087,173,100179,178,100042,578,100206,178,100006,100,100208,178,99982,278,100294,100,99981,100,100634,100,99972,100,100661,100,99922,100,100723,100,99905,100,100842,100,99893,100,100983,100,99889,100
2019-06-28 09:41:00.000000000,100132,162,100087,157,100179,162,100042,562,100206,162,100006,84,100208,162,99982,262,100294,162,99981,162,100634,100,99972,100,100661,100,99922,100,100723,100,99905,100,100842,100,99893,100,100983,100,99889,100
2019-06-28 09:41:10.000000000,100132,410,100087,405,100179,100,100042,500,100206,100,100006,22,100208,100,99982,200,100294,100,99981,100,100634,100,99972,100,100661,100,99922,100,100723,100,99905,100,100842,100,99893,100,100983,100,99889,100
2019-06-28 09:41:14.435586818,100132,310,100087,405,100179,100,100042,500,100206,100,100006,22,100208,100,99982,200,100294,100,99981,100,100634,100,99972,100,100661,100,99922,100,100723,100,99905,100,100842,100,99893,100,100983,100,99889,100
2019-06-28 09:41:20.000000000,100179,205,100087,200,100206,202,100042,602,100208,202,100006,124,100294,100,99982,200,100634,100,99981,100,100661,100,99972,100,100723,100,99922,100,100842,100,99905,100,100983,100,99893,100,102203,100,99889,100
2019-06-28 09:41:30.000000000,100179,178,100087,173,100206,178,100042,578,100208,178,100006,100,100294,178,99982,278,100634,100,99981,100,100661,100,99972,100,100723,100,99922,100,100842,100,99905,100,100983,100,99893,100,102203,100,99889,100
2019-06-28 09:41:32.865217907,100179,178,100087,173,100206,178,100042,578,100208,178,100006,100,100294,178,99982,278,100634,100,99981,100,100661,100,99972,100,100723,100,99922,100,100842,100,99905,100,100983,100,99893,100,102203,100,99889,100
2019-06-28 09:41:40.000000000,100179,410,100087,405,100206,100,100042,500,100208,100,100006,22,100294,100,99982,200,100634,100,99981,100,100661,100,99972,100,100723,100,99922,100,100842,100,99905,100,100983,100,99893,100,102203,100,99889,100
2019-06-28 09:41:50.000000000,100179,255,100087,250,100206,255,100042,655,100208,100,100006,22,100294,100,99982,200,100634,100,99981,100,100661,100,99972,100,100723,100,99922,100,100842,100,99905,100,100983,100,99893,100,102203,100,99889,100
2019-06-28 09:42:00.000000000,100179,162,100087,157,100206,162,100042,562,100208,162,100006,84,100294,162,99982,262,100634,162,99981,162,100661,100,99972,100,100723,100,99922,100,100842,100,99905,100,100983,100,99893,100,102203,100,99889,100
2019-06-28 09:42:10.000000000,100179,410,100087,405,100206,100,100042,500,100208,100,100006,22,100294,100,99982,200,100634,100,99981,100,100661,100,99972,100,100723,100,99922,100,100842,100,99905,100,100983,100,99893,100,102203,100,99889,100
2019-06-28 09:42:14.755347324,100179,310,100087,405,100206,100,100042,500,100208,100,100006,22,100294,100,99982,200,100634,100,99981,100,100661,100,99972,100,100723,100,99922,100,100842,100,99905,100,100983,100,99893,100,102203,100,99889,100
2019-06-28 09:42:17.344008200,100179,310,100132,100,100206,100,100087,405,100208,100,100042,500,100294,100,100006,22,100634,100,99982,100,100661,100,99981,100,100723,100,99972,100,100842,100,99922,100,100983,100,99905,100,102203,100,99893,100
2019-06-28 09:42:20.000000000,100206,255,100132,255,100208,255,100087,250,100294,100,100042,500,100634,100,100006,22,100661,100,99982,100,100723,100,99981,100,100842,100,99972,100,100983,100,99922,100,102203,100,99905,100,102219,100,99893,100
2019-06-28 09:42:23.764705133,100206,155,100132,255,100208,255,100087,250,100294,100,100042,500,100634,100,100006,22,100661,100,99982,100,100723,100,99981,100,100842,100,99972,100,100983,100,99922,100,102203,100,99905,100,102219,100,99893,100
2019-06-28 09:42:30.000000000,100208,205,100132,205,100294,202,100087,197,100634,202,100042,602,100661,100,100006,22,100723,100,99982,100,100842,100,99981,100,100983,100,99972,100,102203,100,99922,100,102219,100,99905,100,102397,100,99893,100
2019-06-28 09:42:36.874407610,100208,105,100132,205,100294,202,100087,197,100634,202,100042,602,100661,100,100006,22,100723,100,99982,100,100842,100,99981,100,100983,100,99972,100,102203,100,99922,100,102219,100,99905,100,102397,100,99893,100
2019-06-28 09:42:40.000000000,100294,162,100132,162,100634,162,100087,157,100661,162,100042,562,100723,162,100006,84,100842,162,99982,162,100983,100,99981,100,102203,100,99972,100,102219,100,99922,100,102397,100,99905,100,102451,100,99893,100
2019-06-28 09:42:50.000000000,100294,255,100132,255,100634,255,100087,250,100661,100,100042,500,100723,100,100006,22,100842,100,99982,100,100983,100,99981,100,102203,100,99972,100,102219,100,99922,100,102397,100,99905,100,102451,100,99893,100
2019-06-28 09:42:50.653149557,100294,155,100132,255,100634,255,100087,250,100661,100,100042,500,100723,100,100006,22,100842,100,99982,100,100983,100,99981,100,102203,100,99972,100,102219,100,99922,100,102397,100,99905,100,102451,100,99893,100
2019-06-28 09:42:50.810975825,100294,155,100132,255,100634,255,100087,250,100661,100,100042,500,100723,100,100006,22,100842,100,99982,100,100983,100,99981,100,101976,100,99972,100,102203,100,99922,100,102219,100,99905,100,102397,100,99893,100
2019-06-28 09:42:54.010847386,100294,155,100132,255,100634,255,100087,250,100661,100,100042,500,100723,100,100006,22,100842,100,99982,100,100983,100,99981,100,101751,100,99972,100,101976,100,99922,100,102203,100,99905,100,102219,100,99893,100
2019-06-28 09:43:00.000000000,100634,178,100132,178,100661,178,100087,173,100723,178,100042,578,100842,178,100006,100,100983,100,99982,100,101751,100,99981,100,101976,100,99972,100,102203,100,99922,100,102219,100,99905,100,102397,100,99893,100
2019-06-28 09:43:09.426490143,100634,178,100208,100,100661,178,100132,178,100723,178,100087,173,100842,178,100042,578,100983,100,100006,100,101751,100,99982,100,101976,100,99981,100,102203,100,99972,100,102219,100,99922,100,102397,100,99905,100
2019-06-28 09:43:10.000000000,100634,410,100208,410,100661,100,100132,100,100723,100,100087,95,100842,100,100042,500,100983,100,100006,22,101751,100,99982,100,101976,100,99981,100,102203,100,99972,100,102219,100,99922,100,102397,100,99905,100
2019-06-28 09:43:16.051878293,100634,410,100208,510,100661,100,100087,95,100723,100,100042,500,100842,100,100006,22,100983,100,99982,100,101751,100,99981,100,101976,100,99972,100,102203,100,99922,100,102219,100,99905,100,102397,100,99893,100
2019-06-28 09:43:20.000000000,100634,178,100208,278,100661,178,100087,173,100723,178,100042,578,100842,178,100006,100,100983,100,99982,100,101751,100,99981,100,101976,100,99972,100,102203,100,99922,100,102219,100,99905,100,102397,100,99893,100
2019-06-28 09:43:30.000000000,100634,178,100208,278,100661,178,100087,173,100723,178,100042,578,100842,178,100006,100,100983,100,99982,100,101751,100,99981,100,101976,100,99972,100,102203,100,99922,100,102219,100,99905,100,102397,100,99893,100
2019-06-28 09:43:40.000000000,100634,410,100208,510,100661,100,100087,95,100723,100,100042,500,100842,100,100006,22,100983,100,99982,100,101751,100,99981,100,101976,100,99972,100,102203,100,99922,100,102219,100,99905,100,102397,100,99893,100
2019-06-28 09:43:42.409968401,100634,410,100208,510,100661,100,100087,95,100723,100,100042,500,100842,100,100006,22,100983,100,99982,100,101709,100,99981,100,101751,100,99972,100,101976,100,99922,100,102203,100,99905,100,102219,100,99893,100
2019-06-28 09:43:50.000000000,100634,410,100208,510,100661,100,100087,95,100723,100,100042,500,100842,100,100006,22,100983,100,99982,100,101709,100,99981,100,101751,100,99972,100,101976,100,99922,100,102203,100,99905,100,102219,100,99893,100
2019-06-28 09:44:00.000000000,100634,205,100208,305,100661,202,100087,197,100723,202,100042,602,100842,100,100006,22,100983,100,99982,100,101709,100,99981,100,101751,100,99972,100,101976,100,99922,100,102203,100,99905,100,102219,100,99893,100
2019-06-28 09:44:10.000000000,100634,162,100208,262,100661,162,100087,157,100723,162,100042,562,100842,162,100006,84,100983,162,99982,162,101709,100,99981,100,101751,100,99972,100,101976,100,99922,100,102203,100,99905,100,102219,100,99893,100
2019-06-28 09:44:20.000000000,100634,410,100208,510,100661,100,100087,95,100723,100,100042,500,100842,100,100006,22,100983,100,99982,100,101709,100,99981,100,101751,100,99972,100,101976,100,99922,100,102203,100,99905,100,102219,100,99893,100
2019-06-28 09:44:30.000000000,100634,255,100208,355,100661,255,100087,250,100723,100,100042,500,100842,100,100006,22,100983,100,99982,100,101709,100,99981,100,101751,100,99972,100,101976,100,99922,100,102203,100,99905,100,102219,100,99893,100
2019-06-28 09:44:35.126154763,100634,255,100208,355,100661,255,100087,250,100709,100,100042,500,100723,100,100006,22,100842,100,99982,100,100983,100,99981,100,101709,100,99972,100,101751,100,99922,100,102203,100,99905,100,102219,100,99893,100
2019-06-28 09:44:40.000000000,100634,410,100208,510,100661,100,100087,95,100709,100,100042,500,100723,100,100006,22,100842,100,99982,100,100983,100,99981,100,101709,100,99972,100,101751,100,99922,100,102203,100,99905,100,102219,100,99893,100
2019-06-28 09:44:44.580057469,100634,310,100208,510,100661,100,100087,95,100709,100,100042,500,100723,100,100006,22,100842,100,99982,100,100983,100,99981,100,101709,100,99972,100,101751,100,99922,100,102203,100,99905,100,102219,100,99893,100
2019-06-28 09:44:50.000000000,100661,178,100208,278,100709,178,100087,173,100723,178,100042,578,100842,178,100006,100,100983,100,99982,100,101709,100,99981,100,101751,100,99972,100,102203,100,99922,100,102219,100,99905,100,102397,100,99893,100
2019-06-28 09:44:55.425052368,100661,78,100208,278,100709,178,100087,173,100723,178,100042,578,100842,78,100006,100,100983,100,99982,100,101709,100,99981,100,101751,100,99972,100,102203,100,99922,100,102219,100,99905,100,102397,100,99893,100
2019-06-28 09:45:00.000000000,100709,255,100208,355,100723,255,100087,250,100983,100,100042,500,101709,100,100006,22,101751,100,99982,100,102203,100,99981,100,102219,100,99972,100,102397,100,99922,100,102451,100,99905,100,102529,100,99893,100
2019-06-28 09:45:05.145002898,100709,255,100530,100,100723,255,100208,355,100983,100,100087,250,101709,100,100042,500,101751,100,100006,22,102203,100,99982,100,102219,100,99981,100,102397,100,99972,100,102529,100,99922,100,102579,100,99905,100
2019-06-28 09:45:10.000000000,100709,410,100530,410,100723,100,100208,200,100983,100,100087,95,101709,100,100042,500,101751,100,100006,22,102203,100,99982,100,102219,100,99981,100,102397,100,99972,100,102529,100,99922,100,102579,100,99905,100
2019-06-28 09:45:20.000000000,100709,410,100530,410,100723,100,100208,200,100983,100,100087,95,101709,100,100042,500,101751,100,100006,22,102203,100,99982,100,102219,100,99981,100,102397,100,99972,100,102529,100,99922,100,102579,100,99905,100
2019-06-28 09:45:30.000000000,100709,162,100530,162,100723,162,100208,262,100983,162,100087,157,101709,162,100042,562,101751,162,100006,84,102203,100,99982,100,102219,100,99981,100,102397,100,99972,100,102529,100,99922,100,102579,100,99905,100
2019-06-28 09:45:40.000000000,100709,410,100530,410,100723,100,100208,200,100983,100,100087,95,101709,100,100042,500,101751,100,100006,22,102203,100,99982,100,102219,100,99981,100,102397,100,99972,100,102529,100,99922,100,102579,100,99905,100
2019-06-28 09:45:50.000000000,100709,178,100530,178,100723,178,100208,278,100983,178,100087,173,101709,178,100042,578,101751,100,100006,22,102203,100,99982,100,102219,100,99981,100,102397,100,99972,100,102529,100,99922,100,102579,100,99905,100
2019-06-28 09:46:00.000000000,100709,255,100530,255,100723,255,100208,355,100983,100,100087,95,101709,100,100042,500,101751,100,100006,22,102203,100,99982,100,102219,100,99981,100,102397,100,99972,100,102529,100,99922,100,102579,100,99905,100
2019-06-28 09:46:06.433369800,100709,255,100634,100,100723,255,100530,255,100983,100,100208,355,101709,100,100087,95,101751,100,100042,500,102203,100,100006,22,102219,100,99982,100,102397,100,99981,100,102529,100,99972,100,102579,100,99922,100
2019-06-28 09:46:10.000000000,100709,162,100634,162,100723,162,100530,162,100983,162,100208,262,101709,162,100087,157,101751,162,100042,562,102203,100,100006,22,102219,100,99982,100,102397,100,99981,100,102529,100,99972,100,102579,100,99922,100
2019-06-28 09:46:15.188442929,100709,62,100634,162,100723,162,100530,162,100983,162,100208,262,101709,162,100087,157,101751,162,100042,562,102203,100,100006,22,102219,100,99982,100,102397,100,99981,100,102529,100,99972,100,102579,100,99922,100
2019-06-28 09:46:20.000000000,100723,410,100634,410,100983,100,100530,100,101709,100,100208,200,101751,100,100087,95,102203,100,100042,500,102219,100,100006,22,102397,100,99982,100,102529,100,99981,100,102579,100,99972,100,,,99922,100
2019-06-28 09:46:30.000000000,100723,205,100634,205,100983,202,100530,202,101709,202,100208,302,101751,100,100087,95,102203,100,100042,500,102219,100,100006,22,102397,100,99982,100,102529,100,99981,100,102579,100,99972,100,,,99922,100
2019-06-28 09:46:40.000000000,100723,162,100634,162,100983,162,100530,162,101709,162,100208,262,101751,162,100087,157,102203,162,100042,562,102219,100,100006,22,102397,100,99982,100,102529,100,99981,100,102579,100,99972,100,,,99922,100
2019-06-28 09:46:50.000000000,100723,162,100634,162,100983,162,100530,162,101709,162,100208,262,101751,162,100087,157,102203,162,100042,562,102219,100,100006,22,102397,100,99982,100,102529,100,99981,100,102579,100,99972,100,,,99922,100
2019-06-28 09:47:00.000000000,100723,255,100634,255,100983,255,100530,255,101709,100,100208,200,101751,100,100087,95,102203,100,100042,500,102219,100,100006,22,102397,100,99982,100,102529,100,99981,100,102579,100,99972,100,,,99922,100
2019-06-28 09:47:00.960197740,100723,255,100634,255,100983,255,100530,255,101709,100,100208,200,101751,100,100042,500,102203,100,100006,22,102219,100,99982,100,102397,100,99981,100,102529,100,99972,100,102579,100,99922,100,,,99905,100
2019-06-28 09:47:02.706765319,100697,100,100634,255,100723,255,100530,255,100983,255,100208,200,101709,100,100042,500,101751,100,100006,22,102203,100,99982,100,102219,100,99981,100,102397,100,99972,100,102529,100,99922,100,102579,100,99905,100
2019-06-28 09:47:10.000000000,100697,178,100634,178,100723,178,100530,178,100983,178,100208,278,101709,178,100042,578,101751,100,100006,22,102203,100,99982,100,102219,100,99981,100,102397,100,99972,100,102529,100,99922,100,102579,100,99905,100
2019-06-28 09:47:19.608201661,100697,78,100634,178,100723,178,100530,178,100983,178,100419,100,101709,178,100208,278,101751,100,100042,578,102203,100,100006,22,102219,100,99982,100,102397,100,99981,100,102529,100,99972,100,102579,100,99922,100
2019-06-28 09:47:20.000000000,100723,205,100634,205,100983,202,100530,202,101709,202,100419,202,101751,100,100208,200,102203,100,100042,500,102219,100,100006,22,102397,100,99982,100,102529,100,99981,100,102579,100,99972,100,,,99922,100
2019-06-28 09:47:21.421417689,100708,100,100634,205,100723,205,100530,202,100983,202,100419,202,101709,202,100208,200,101751,100,100042,500,102203,100,100006,22,102219,100,99982,100,102397,100,99981,100,102529,100,99972,100,102579,100,99922,100
2019-06-28 09:47:30.000000000,100708,162,100634,162,100723,162,100530,162,100983,162,100419,162,101709,162,100208,262,101751,162,100042,562,102203,100,100006,22,102219,100,99982,100,102397,100,99981,100,102529,100,99972,100,102579,100,99922,100
2019-06-28 09:47:31.474032113,100708,162,100634,162,100723,162,100530,162,100983,162,100419,162,101709,162,100208,262,101751,162,100124,100,102203,100,100042,562,102219,100,100006,22,102397,100,99982,100,102529,100,99981,100,102579,100,99972,100
2019-06-28 09:47:40.000000000,100708,255,100634,255,100723,255,100530,255,100983,100,100419,100,101709,100,100208,200,101751,100,100124,100,102203,100,100042,500,102219,100,100006,22,102397,100,99982,100,102529,100,99981,100,102579,100,99972,100
2019-06-28 09:47:47.505760719,100708,255,100634,255,100723,255,100530,255,100983,100,100419,100,101709,100,100208,200,101751,100,100199,100,102203,100,100124,100,102219,100,100042,500,102397,100,100006,22,102529,100,99982,100,102579,100,99981,100
2019-06-28 09:47:50.000000000,100708,162,100634,162,100723,162,100530,162,100983,162,100419,162,101709,162,100208,262,101751,162,100199,162,102203,100,100124,100,102219,100,100042,500,102397,100,100006,22,102529,100,99982,100,102579,100,99981,100
2019-06-28 09:47:51.224829146,100708,162,100634,162,100723,162,100530,162,100983,162,100419,162,101709,162,100208,262,101751,162,100199,162,102203,100,100124,100,102219,100,100042,400,102397,100,100006,22,102529,100,99982,100,102579,100,99981,100
2019-06-28 09:47:59.391770190,100708,162,100634,62,100723,162,100530,162,100983,162,100419,162,101709,162,100208,262,101751,162,100199,162,102203,100,100124,100,102219,100,100042,400,102397,100,100006,22,102529,100,99982,100,102579,100,99981,100
2019-06-28 09:48:00.000000000,100708,255,100530,255,100723,255,100419,255,100983,100,100208,200,101709,100,100199,100,101751,100,100124,100,102203,100,100042,400,102219,100,100006,22,102397,100,99982,100,102529,100,99981,100,102579,100,99972,100
2019-06-28 09:48:10.000000000,100708,255,100530,255,100723,255,100419,255,100983,100,100208,200,101709,100,100199,100,101751,100,100124,100,102203,100,100042,400,102219,100,100006,22,102397,100,99982,100,102529,100,99981,100,102579,100,99972,100
2019-06-28 09:48:20.000000000,100708,205,100530,205,100723,202,100419,202,100983,202,100208,302,101709,100,100199,100,101751,100,100124,100,102203,100,100042,400,102219,100,100006,22,102397,100,99982,100,102529,100,99981,100,102579,100,99972,100
2019-06-28 09:48:30.000000000,100708,162,100530,162,100723,162,100419,162,100983,162,100208,262,101709,162,100199,162,101751,162,100124,162,102203,100,100042,400,102219,100,100006,22,102397,100,99982,100,102529,100,99981,100,102579,100,99972,100
2019-06-28 09:48:40.000000000,100708,162,100530,162,100723,162,100419,162,100983,162,100208,262,101709,162,100199,162,101751,162,100124,162,102203,100,100042,400,102219,100,100006,22,102397,100,99982,100,102529,100,99981,100,102579,100,99972,100
2019-06-28 09:48:50.000000000,100708,178,100530,178,100723,178,100419,178,100983,178,100208,278,101709,178,100199,178,101751,100,100124,100,102203,100,100042,400,102219,100,100006,22,102397,100,99982,100,102529,100,99981,100,102579,100,99972,100
2019-06-28 09:48:53.752210065,100708,178,100530,178,100723,178,100419,178,100983,178,100321,100,101709,178,100208,278,101751,100,100199,178,102203,100,100124,100,102219,100,100042,400,102397,100,100006,22,102529,100,99982,100,102579,100,99981,100
2019-06-28 09:48:58.109575436,100696,100,100530,178,100708,178,100419,178,100723,178,100321,100,100983,178,100208,278,101709,178,100199,178,101751,100,100124,100,102203,100,100042,400,102219,100,100006,22,102397,100,99982,100,102529,100,99981,100
2019-06-28 09:49:00.000000000,100696,162,100530,162,100708,162,100419,162,100723,162,100321,162,100983,162,100208,262,101709,162,100199,162,101751,100,100124,100,102203,100,100042,400,102219,100,100006,22,102397,100,99982,100,102529,100,99981,100
2019-06-28 09:49:08.309158988,100548,100,100530,162,100696,162,100419,162,100708,162,100321,162,100723,162,100208,262,100983,162,100199,162,101709,162,100124,100,101751,100,100042,400,102203,100,100006,22,102219,100,99982,100,102397,100,99981,100
2019-06-28 09:49:08.607652956,100548,100,100530,162,100696,162,100419,162,100708,162,100321,162,100723,162,100254,100,100983,162,100208,262,101709,162,100199,162,101751,100,100124,100,102203,100,100042,400,102219,100,100006,22,102397,100,99982,100
2019-06-28 09:49:10.000000000,100548,178,100530,178,100696,178,100419,178,100708,178,100321,178,100723,178,100254,178,100983,100,100208,200,101709,100,100199,100,101751,100,100124,100,102203,100,100042,400,102219,100,100006,22,102397,100,99982,100
2019-06-28 09:49:12.580276540,100548,178,100530,178,100696,178,100422,100,100708,178,100419,178,100723,178,100321,178,100983,100,100254,178,101709,100,100208,200,101751,100,100199,100,102203,100,100124,100,102219,100,100042,400,102397,100,100006,22
2019-06-28 09:49:14.007262185,100548,178,100530,178,100696,278,100422,100,100708,78,100419,178,100723,178,100321,178,100983,100,100254,178,101709,100,100208,200,101751,100,100199,100,102203,100,100124,100,102219,100,100042,400,102397,100,100006,22
2019-06-28 09:49:20.000000000,100548,255,100530,255,100696,355,100422,255,100723,100,100419,100,100983,100,100321,100,101709,100,100254,100,101751,100,100208,200,102203,100,100199,100,102219,100,100124,100,102397,100,100042,400,102529,100,100006,22
2019-06-28 09:49:25.998135582,100548,255,100530,255,100696,355,100422,255,100723,100,100419,100,100983,100,100334,100,101709,100,100321,100,101751,100,100254,100,102203,100,100208,200,102219,100,100199,100,102397,100,100124,100,102529,100,100042,400
2019-06-28 09:49:26.001537946,100548,255,100530,155,100696,355,100422,255,100723,100,100419,100,100983,100,100334,100,101709,100,100321,100,101751,100,100254,100,102203,100,100208,200,102219,100,100199,100,102397,100,100042,400,102529,100,100006,22
2019-06-28 09:49:30.000000000,100548,162,100422,162,100696,262,100419,162,100723,162,100334,162,100983,162,100321,162,101709,162,100254,162,101751,100,100208,200,102203,100,100199,100,102219,100,100042,400,102397,100,100006,22,102529,100,99982,100
2019-06-28 09:49:32.456395934,100548,162,100422,162,100634,100,100419,162,100696,262,100334,162,100723,162,100321,162,100983,162,100254,162,101709,162,100208,100,101751,100,100199,100,102203,100,100042,400,102219,100,100006,22,102397,100,99982,100
2019-06-28 09:49:32.694273964,100548,162,100422,162,100608,100,100419,162,100634,100,100334,162,100696,262,100321,162,100723,162,100254,162,100983,162,100208,100,101709,162,100199,100,101751,100,100042,400,102203,100,100006,22,102219,100,99982,100
2019-06-28 09:49:35.188226312,100548,162,100486,100,100608,100,100422,162,100634,100,100419,162,100696,262,100334,162,100723,162,100321,162,100983,162,100254,162,101709,162,100208,100,101751,100,100199,100,102203,100,100042,400,102219,100,100006,22
2019-06-28 09:49:37.798735444,100548,162,100422,162,100608,100,100419,162,100634,100,100334,162,100696,262,100321,162,100723,62,100254,162,100983,162,100208,100,101709,162,100199,100,101751,100,100042,400,102203,100,100006,22,102219,100,99982,100
2019-06-28 09:49:40.000000000,100548,205,100422,205,100608,202,100419,202,100634,202,100334,202,100696,200,100321,100,100983,100,100254,100,101709,100,100208,100,101751,100,100199,100,102203,100,100042,400,102219,100,100006,22,102529,100,99982,100
2019-06-28 09:49:40.447847321,100548,105,100422,205,100608,202,100419,202,100634,202,100334,202,100696,200,100321,100,100983,100,100254,100,101709,100,100208,100,101751,100,100199,100,102203,100,100042,400,102219,100,100006,22,102529,100,99982,100
2019-06-28 09:49:50.000000000,100608,162,100422,162,100634,162,100419,162,100696,262,100334,162,100983,162,100321,162,101709,162,100254,162,101751,100,100208,100,102203,100,100199,100,102219,100,100042,400,102529,100,100006,22,102579,100,99982,100
2019-06-28 09:49:51.384722540,100551,100,100422,162,100608,162,100419,162,100634,162,100334,162,100696,262,100321,162,100983,162,100254,162,101709,162,100208,100,101751,100,100199,100,102203,100,100042,400,102219,100,100006,22,102529,100,99982,100
2019-06-28 09:50:00.000000000,100551,205,100422,205,100608,202,100419,202,100634,202,100334,202,100696,200,100321,100,100983,100,100254,100,101709,100,100208,100,101751,100,100199,100,102203,100,100042,400,102219,100,100006,22,102529,100,99982,100
2019-06-28 09:50:10.000000000,100551,178,100422,178,100608,178,100419,178,100634,178,100334,178,100696,278,100321,178,100983,100,100254,100,101709,100,100208,100,101751,100,100199,100,102203,100,100042,400,102219,100,100006,22,102529,100,99982,100
2019-06-28 09:50:20.000000000,100551,205,100422,205,100608,202,100419,202,100634,202,100334,202,100696,200,100321,100,100983,100,100254,100,101709,100,100208,100,101751,100,100199,100,102203,100,100042,400,102219,100,100006,22,102529,100,99982,100
2019-06-28 09:50:29.676791661,100551,205,100486,100,100608,202,100422,205,100634,202,100419,202,100696,200,100334,202,100983,100,100321,100,101709,100,100254,100,101751,100,100208,100,102203,100,100199,100,102219,100,100042,400,102529,100,100006,22
2019-06-28 09:50:30.000000000,100551,162,100486,162,100608,162,100422,162,100634,162,100419,162,100696,262,100334,162,100983,162,100321,162,101709,100,100254,100,101751,100,100208,100,102203,100,100199,100,102219,100,100042,400,102529,100,100006,22
2019-06-28 09:50:40.000000000,100551,162,100486,162,100608,162,100422,162,100634,162,100419,162,100696,262,100334,162,100983,162,100321,162,101709,100,100254,100,101751,100,100208,100,102203,100,100199,100,102219,100,100042,400,102529,100,100006,22
2019-06-28 09:50:50.000000000,100551,178,100486,178,100608,178,100422,178,100634,178,100419,178,100696,278,100334,178,100983,100,100321,100,101709,100,100254,100,101751,100,100208,100,102203,100,100199,100,102219,100,100042,400,102529,100,100006,22
2019-06-28 09:50:51.827927959,100551,178,100486,178,100608,178,100422,178,100634,178,100419,178,100696,278,100334,178,100983,100,100321,100,101037,100,100254,100,101709,100,100208,100,101751,100,100199,100,102203,100,100042,400,102219,100,100006,22
2019-06-28 09:50:52.206673416,100551,78,100486,178,100608,178,100422,178,100634,178,100419,178,100696,278,100334,178,100983,100,100321,100,101037,100,100208,100,101709,100,100199,100,101751,100,100042,400,102203,100,100006,22,102219,100,99982,100
2019-06-28 09:51:00.000000000,100608,205,100486,205,100634,202,100422,202,100696,302,100419,202,100983,100,100334,100,101037,100,100321,100,101709,100,100208,100,101751,100,100199,100,102203,100,100042,400,102219,100,100006,22,102529,100,99982,100
2019-06-28 09:51:10.000000000,100608,410,100486,410,100634,100,100422,100,100696,200,100419,100,100983,100,100334,100,101037,100,100321,100,101709,100,100208,100,101751,100,100199,100,102203,100,100042,400,102219,100,100006,22,102529,100,99982,100
2019-06-28 09:51:12.041277778,100608,410,100486,410,100634,100,100422,100,100696,200,100419,100,100983,100,100334,100,101037,100,100321,100,101709,100,100208,100,101751,100,100199,100,102203,100,100042,300,102219,100,100006,22,102529,100,99982,100
2019-06-28 09:51:14.487287453,100608,310,100486,410,100634,100,100422,100,100696,200,100419,100,100983,100,100334,100,101037,100,100321,100,101709,100,100208,100,101751,100,100199,100,102203,100,100042,300,102219,100,100006,22,102529,100,99982,100
2019-06-28 09:51:20.000000000,100634,205,100486,205,100696,302,100422,202,100983,202,100419,202,101037,100,100334,100,101709,100,100321,100,101751,100,100208,100,102203,100,100199,100,102219,100,100042,300,102529,100,100006,22,102579,100,99982,100
2019-06-28 09:51:30.000000000,100634,410,100486,410,100696,200,100422,100,100983,100,100419,100,101037,100,100334,100,101709,100,100321,100,101751,100,100208,100,102203,100,100199,100,102219,100,100042,300,102529,100,100006,22,102579,100,99982,100
2019-06-28 09:51:32.239984451,100634,310,100486,410,100696,200,100422,100,100983,100,100419,100,101037,100,100334,100,101709,100,100321,100,101751,100,100208,100,102203,100,100199,100,102219,100,100042,300,102529,100,100006,22,102579,100,99982,100
2019-06-28 09:51:40.000000000,100696,510,100486,410,100983,100,100422,100,101037,100,100419,100,101709,100,100334,100,101751,100,100321,100,102203,100,100208,100,102219,100,100199,100,102529,100,100042,300,102579,100,100006,22,,,99982,100
2019-06-28 09:51:40.651035085,100696,410,100486,410,100983,100,100422,100,101037,100,100419,100,101709,100,100334,100,102203,100,100321,100,102219,100,100208,100,102529,100,100199,100,102579,100,100042,300,,,100006,22,,,99982,100
2019-06-28 09:51:46.849418590,100696,410,100486,410,100983,100,100422,100,101037,100,100419,100,101245,100,100334,100,101709,100,100321,100,102203,100,100208,100,102219,100,100199,100,102579,100,100042,300,,,100006,22,,,99982,100
2019-06-28 09:51:50.000000000,100696,178,100486,178,100983,178,100422,178,101037,178,100419,178,101245,178,100334,178,101709,100,100321,100,102203,100,100208,100,102219,100,100199,100,102579,100,100042,300,,,100006,22,,,99982,100
2019-06-28 09:52:00.000000000,100696,178,100486,178,100983,178,100422,178,101037,178,100419,178,101245,178,100334,178,101709,100,100321,100,102203,100,100208,100,102219,100,100199,100,102579,100,100042,300,,,100006,22,,,99982,100
2019-06-28 09:52:05.835974501,100696,78,100486,178,100983,178,100422,178,101037,178,100419,178,101245,178,100334,178,101709,100,100321,100,102203,100,100208,100,102219,100,100199,100,102579,100,100042,300,,,100006,22,,,99982,100
2019-06-28 09:52:10.000000000,100983,255,100486,255,101037,255,100422,255,101245,100,100419,100,101709,100,100334,100,102203,100,100321,100,102219,100,100208,100,102579,100,100199,100,,,100042,300,,,100006,22,,,99982,100
2019-06-28 09:52:16.133462248,100983,155,100486,255,101037,255,100422,255,101245,100,100419,100,101709,100,100334,100,102203,100,100321,100,102219,100,100208,100,102579,100,100199,100,,,100042,300,,,100006,22,,,99982,100
2019-06-28 09:52:20.000000000,101037,162,100486,162,101245,162,100422,162,101709,162,100419,162,102203,162,100334,162,102219,162,100321,162,102579,100,100208,100,,,100199,100,,,100042,300,,,100006,22,,,99982,100
2019-06-28 09:52:27.731883558,101037,162,100486,162,101071,100,100422,162,101245,162,100419,162,101709,162,100334,162,102203,162,100321,162,102219,162,100208,100,102579,100,100199,100,,,100042,300,,,99982,100,,,99972,100
2019-06-28 09:52:27.945428049,101037,162,100486,162,101071,100,100422,162,101245,162,100419,162,101709,162,100334,162,102203,162,100321,162,102219,162,100208,100,102579,100,100199,100,,,100042,200,,,99982,100,,,99972,100
2019-06-28 09:52:30.000000000,101037,205,100486,205,101071,202,100422,202,101245,202,100419,202,101709,100,100334,100,102203,100,100321,100,102219,100,100208,100,102579,100,100199,100,,,100042,200,,,99982,100,,,99972,100
2019-06-28 09:52:36.686549753,101037,205,100486,205,101071,202,100422,202,101179,100,100419,202,101245,202,100334,100,101709,100,100321,100,102203,100,100208,100,102219,100,100199,100,102579,100,100042,200,,,99982,100,,,99972,100
2019-06-28 09:52:40.000000000,101037,255,100486,255,101071,255,100422,255,101179,100,100419,100,101245,100,100334,100,101709,100,100321,100,102203,100,100208,100,102219,100,100199,100,102579,100,100042,200,,,99982,100,,,99972,100
2019-06-28 09:52:50.000000000,101037,205,100486,205,101071,202,100422,202,101179,202,100419,202,101245,100,100334,100,101709,100,100321,100,102203,100,100208,100,102219,100,100199,100,102579,100,100042,200,,,99982,100,,,99972,100
2019-06-28 09:53:00.000000000,101037,410,100486,410,101071,100,100422,100,101179,100,100419,100,101245,100,100334,100,101709,100,100321,100,102203,100,100208,100,102219,100,100199,100,102579,100,100042,200,,,99982,100,,,99972,100
2019-06-28 09:53:00.613034639,101037,310,100486,410,101071,100,100422,100,101179,100,100419,100,101245,100,100334,100,101709,100,100321,100,102203,100,100208,100,102219,100,100199,100,102579,100,100042,200,,,99982,100,,,99972,100
2019-06-28 09:53:02.061884672,101037,310,100486,410,101071,100,100422,100,101179,100,100419,100,101245,100,100334,100,101520,100,100321,100,101709,100,100208,100,102203,100,100199,100,102219,100,100042,200,102579,100,99982,100,,,99972,100
2019-06-28 09:53:04.750856994,101037,210,100486,410,101071,100,100422,100,101179,100,100419,100,101245,100,100334,100,101520,100,100321,100,101709,100,100208,100,102203,100,100199,100,102219,100,100042,200,102579,100,99982,100,,,99972,100
2019-06-28 09:53:06.589387852,101037,210,100486,410,101071,100,100422,100,101179,100,100419,100,101245,100,100334,100,101286,100,100321,100,101520,100,100208,100,101709,100,100199,100,102203,100,100042,200,102219,100,99982,100,102579,100,99972,100
2019-06-28 09:53:10.000000000,101071,178,100486,178,101179,178,100422,178,101245,178,100419,178,101286,178,100334,178,101520,100,100321,100,101709,100,100208,100,102203,100,100199,100,102219,100,100042,200,102579,100,99982,100,,,99972,100
2019-06-28 09:53:12.077416374,101071,178,100486,178,101179,178,100422,178,101245,178,100419,178,101286,178,100334,178,101430,100,100321,100,101520,100,100208,100,101709,100,100199,100,102203,100,100042,200,102219,100,99982,100,102579,100,99972,100
2019-06-28 09:53:20.000000000,101071,178,100486,178,101179,178,100422,178,101245,178,100419,178,101286,178,100334,178,101430,100,100321,100,101520,100,100208,100,101709,100,100199,100,102203,100,100042,200,102219,100,99982,100,102579,100,99972,100
2019-06-28 09:53:23.503652997,101071,178,100486,178,101179,178,100422,178,101245,178,100419,178,101286,178,100334,178,101401,100,100321,100,101430,100,100208,100,101520,100,100199,100,101709,100,100042,200,102203,100,99982,100,102219,100,99972,100
2019-06-28 09:53:24.358716932,101071,178,100486,178,101179,178,100422,178,101245,178,100419,178,101286,178,100334,178,101401,100,100321,100,101430,100,100208,100,101466,100,100199,100,101520,100,100042,200,101709,100,99982,100,102203,100,99972,100
2019-06-28 09:53:30.000000000,101071,410,100486,410,101179,100,100422,100,101245,100,100419,100,101286,100,100334,100,101401,100,100321,100,101430,100,100208,100,101466,100,100199,100,101520,100,100042,200,101709,100,99982,100,102203,100,99972,100
2019-06-28 09:53:32.796434133,101071,310,100486,410,101179,100,100422,100,101245,100,100419,100,101286,100,100334,100,101401,100,100321,100,101430,100,100208,100,101466,100,100199,100,101520,100,100042,200,101709,100,99982,100,102203,100,99972,100
2019-06-28 09:53:40.000000000,101179,255,100486,255,101245,255,100422,255,101286,100,100419,100,101401,100,100334,100,101430,100,100321,100,101466,100,100208,100,101520,100,100199,100,101709,100,100042,200,102203,100,99982,100,102219,100,99972,100
2019-06-28 09:53:50.000000000,101179,410,100486,410,101245,100,100422,100,101286,100,100419,100,101401,100,100334,100,101430,100,100321,100,101466,100,100208,100,101520,100,100199,100,101709,100,100042,200,102203,100,99982,100,102219,100,99972,100
2019-06-28 09:53:52.843426261,101179,410,100486,410,101245,100,100422,100,101286,100,100419,100,101401,100,100334,100,101430,100,100321,100,101466,100,100208,100,101469,100,100199,100,101520,100,100042,200,101709,100,99982,100,102203,100,99972,100
2019-06-28 09:54:00.000000000,101179,178,100486,178,101245,178,100422,178,101286,178,100419,178,101401,178,100334,178,101430,100,100321,100,101466,100,100208,100,101469,100,100199,100,101520,100,100042,200,101709,100,99982,100,102203,100,99972,100
2019-06-28 09:54:00.013092832,101179,178,101037,100,101245,178,100486,178,101286,178,100422,178,101401,178,100419,178,101430,100,100334,178,101466,100,100321,100,101469,100,100208,100,101520,100,100199,100,101709,100,100042,200,102203,100,99982,100
2019-06-28 09:54:10.000000000,101179,162,101037,162,101245,162,100486,162,101286,162,100422,162,101401,162,100419,162,101430,162,100334,162,101466,100,100321,100,101469,100,100208,100,101520,100,100199,100,101709,100,100042,200,102203,100,99982,100
2019-06-28 09:54:10.484498370,101179,162,101061,100,101245,162,101037,162,101286,162,100486,162,101401,162,100422,162,101430,162,100419,162,101466,100,100334,162,101469,100,100208,100,101520,100,100199,100,101709,100,100042,200,102203,100,99982,100
2019-06-28 09:54:20.000000000,101179,205,101061,205,101245,202,101037,202,101286,202,100486,202,101401,100,100422,100,101430,100,100419,100,101466,100,100334,100,101469,100,100208,100,101520,100,100199,100,101709,100,100042,200,102203,100,99982,100
2019-06-28 09:54:30.000000000,101179,205,101061,205,101245,202,101037,202,101286,202,100486,202,101401,100,100422,100,101430,100,100419,100,101466,100,100334,100,101469,100,100208,100,101520,100,100199,100,101709,100,100042,200,102203,100,99982,100
2019-06-28 09:54:33.144892609,101179,105,101061,205,101245,202,101037,202,101286,202,100486,202,101401,100,100422,100,101430,100,100419,100,101466,100,100334,100,101469,100,100208,100,101520,100,100199,100,101709,100,100042,200,102203,100,99982,100
2019-06-28 09:54:40.000000000,101245,178,101061,178,101286,178,101037,178,101401,178,100486,178,101430,178,100422,178,101466,100,100419,100,101469,100,100334,100,101520,100,100208,100,101709,100,100199,100,102203,100,100042,200,102219,100,99982,100
2019-06-28 09:54:50.000000000,101245,178,101061,178,101286,178,101037,178,101401,178,100486,178,101430,178,100422,178,101466,100,100419,100,101469,100,100334,100,101520,100,100208,100,101709,100,100199,100,102203,100,100042,200,102219,100,99982,100
2019-06-28 09:55:00.000000000,101245,178,101061,178,101286,178,101037,178,101401,178,100486,178,101430,178,100422,178,101466,100,100419,100,101469,100,100334,100,101520,100,100208,100,101709,100,100199,100,102203,100,100042,200,102219,100,99982,100
2019-06-28 09:55:10.000000000,101245,205,101061,205,101286,202,101037,202,101401,202,100486,202,101430,100,100422,100,101466,100,100419,100,101469,100,100334,100,101520,100,100208,100,101709,100,100199,100,102203,100,100042,200,102219,100,99982,100
2019-06-28 09:55:20.000000000,101245,255,101061,255,101286,255,101037,255,101401,100,100486,100,101430,100,100422,100,101466,100,100419,100,101469,100,100334,100,101520,100,100208,100,101709,100,100199,100,102203,100,100042,200,102219,100,99982,100
2019-06-28 09:55:30.000000000,101245,205,101061,205,101286,202,101037,202,101401,202,100486,202,101430,100,100422,100,101466,100,100419,100,101469,100,100334,100,101520,100,100208,100,101709,100,100199,100,102203,100,100042,200,102219,100,99982,100
2019-06-28 09:55:40.000000000,101245,255,101061,255,101286,255,101037,255,101401,100,100486,100,101430,100,100422,100,101466,100,100419,100,101469,100,100334,100,101520,100,100208,100,101709,100,100199,100,102203,100,100042,200,102219,100,99982,100
2019-06-28 09:55:50.000000000,101245,178,101061,178,101286,178,101037,178,101401,178,100486,178,101430,178,100422,178,101466,100,100419,100,101469,100,100334,100,101520,100,100208,100,101709,100,100199,100,102203,100,100042,200,102219,100,99982,100
2019-06-28 09:56:00.000000000,101245,410,101061,410,101286,100,101037,100,101401,100,100486,100,101430,100,100422,100,101466,100,100419,100,101469,100,100334,100,101520,100,100208,100,101709,100,100199,100,102203,100,100042,200,102219,100,99982,100
2019-06-28 09:56:10.000000000,101245,178,101061,178,101286,178,101037,178,101401,178,100486,178,101430,178,100422,178,101466,100,100419,100,101469,100,100334,100,101520,100,100208,100,101709,100,100199,100,102203,100,100042,200,102219,100,99982,100
2019-06-28 09:56:10.274494971,101245,178,101061,78,101286,178,101037,178,101401,178,100486,178,101430,178,100422,178,101466,100,100419,100,101469,100,100334,100,101520,100,100208,100,101709,100,100199,100,102203,100,100042,200,102219,100,99982,100
2019-06-28 09:56:14.537232711,101245,178,101061,78,101249,100,101037,178,101286,178,100486,178,101401,178,100422,178,101430,78,100419,100,101466,100,100334,100,101469,100,100208,100,101520,100,100199,100,101709,100,100042,200,102203,100,99982,100
2019-06-28 09:56:15.666181224,101245,178,101061,78,101249,100,101037,178,101286,178,100839,100,101401,178,100486,178,101430,78,100422,178,101466,100,100419,100,101469,100,100334,100,101520,100,100208,100,101709,100,100199,100,102203,100,100042,200
2019-06-28 09:56:20.000000000,101245,205,101037,205,101249,202,100839,202,101286,202,100486,202,101401,100,100422,100,101466,100,100419,100,101469,100,100334,100,101520,100,100208,100,101709,100,100199,100,102203,100,100042,200,102219,100,99982,100
2019-06-28 09:56:30.000000000,101245,410,101037,410,101249,100,100839,100,101286,100,100486,100,101401,100,100422,100,101466,100,100419,100,101469,100,100334,100,101520,100,100208,100,101709,100,100199,100,102203,100,100042,200,102219,100,99982,100
2019-06-28 09:56:40.000000000,101245,162,101037,162,101249,162,100839,162,101286,162,100486,162,101401,162,100422,162,101466,162,100419,162,101469,100,100334,100,101520,100,100208,100,101709,100,100199,100,102203,100,100042,200,102219,100,99982,100
2019-06-28 09:56:40.357289244,101245,162,101037,162,101249,162,100839,162,101286,162,100658,100,101401,162,100486,162,101466,162,100422,162,101469,100,100419,162,101520,100,100334,100,101709,100,100208,100,102203,100,100199,100,102219,100,100042,200
2019-06-28 09:56:50.000000000,101245,410,101037,410,101249,100,100839,100,101286,100,100658,100,101401,100,100486,100,101466,100,100422,100,101469,100,100419,100,101520,100,100334,100,101709,100,100208,100,102203,100,100199,100,102219,100,100042,200
2019-06-28 09:57:00.000000000,101245,178,101037,178,101249,178,100839,178,101286,178,100658,178,101401,178,100486,178,101466,100,100422,100,101469,100,100419,100,101520,100,100334,100,101709,100,100208,100,102203,100,100199,100,102219,100,100042,200
2019-06-28 09:57:06.049637622,101245,178,101037,78,101249,178,100839,178,101286,178,100658,178,101401,178,100486,178,101466,100,100422,100,101469,100,100419,100,101520,100,100334,100,101709,100,100208,100,102203,100,100199,100,102219,100,100042,200
2019-06-28 09:57:10.000000000,101245,178,100839,178,101249,178,100658,178,101286,178,100486,178,101401,178,100422,178,101466,100,100419,100,101469,100,100334,100,101520,100,100208,100,101709,100,100199,100,102203,100,100042,200,102219,100,99982,100
2019-06-28 09:57:20.000000000,101245,178,100839,178,101249,178,100658,178,101286,178,100486,178,101401,178,100422,178,101466,100,100419,100,101469,100,100334,100,101520,100,100208,100,101709,100,100199,100,102203,100,100042,200,102219,100,99982,100
2019-06-28 09:57:30.000000000,101245,205,100839,205,101249,202,100658,202,101286,202,100486,202,101401,100,100422,100,101466,100,100419,100,101469,100,100334,100,101520,100,100208,100,101709,100,100199,100,102203,100,100042,200,102219,100,99982,100
2019-06-28 09:57:40.000000000,101245,162,100839,162,101249,162,100658,162,101286,162,100486,162,101401,162,100422,162,101466,162,100419,162,101469,100,100334,100,101520,100,100208,100,101709,100,100199,100,102203,100,100042,200,102219,100,99982,100
2019-06-28 09:57:46.550131395,101178,100,100839,162,101245,162,100658,162,101249,162,100486,162,101286,162,100422,162,101401,162,100419,162,101466,162,100334,100,101469,100,100208,100,101520,100,100199,100,101709,100,100042,200,102203,100,99982,100
2019-06-28 09:57:50.000000000,101178,178,100839,178,101245,178,100658,178,101249,178,100486,178,101286,178,100422,178,101401,100,100419,100,101466,100,100334,100,101469,100,100208,100,101520,100,100199,100,101709,100,100042,200,102203,100,99982,100
2019-06-28 09:57:54.274590639,101178,178,100839,78,101245,178,100658,178,101249,178,100486,178,101286,178,100422,178,101401,100,100419,100,101466,100,100334,100,101469,100,100208,100,101520,100,100199,100,101709,100,100042,200,102203,100,99982,100
2019-06-28 09:57:54.835622484,101178,178,100839,78,101245,178,100658,178,101249,178,100486,78,101286,178,100422,178,101401,100,100419,100,101466,100,100334,100,101469,100,100208,100,101520,100,100199,100,101709,100,100042,200,102203,100,99982,100
2019-06-28 09:58:00.000000000,101178,162,100658,162,101245,162,100422,162,101249,162,100419,162,101286,162,100334,162,101401,162,100208,162,101466,100,100199,100,101469,100,100042,200,101520,100,99982,100,101709,100,99922,100,102203,100,99905,100
2019-06-28 09:58:02.379284422,101178,162,100658,162,101245,162,100583,100,101249,162,100422,162,101286,162,100419,162,101401,162,100334,162,101466,100,100208,162,101469,100,100199,100,101520,100,100042,200,101709,100,99982,100,102203,100,99922,100
2019-06-28 09:58:04.829598757,101178,162,100658,162,101245,162,100583,100,101249,162,100422,162,101286,162,100419,162,101401,162,100334,162,101466,100,100208,162,101469,100,100199,100,101520,100,100042,200,101709,100,99982,100,102203,100,99905,100
2019-06-28 09:58:10.000000000,101178,162,100658,162,101245,162,100583,162,101249,162,100422,162,101286,162,100419,162,101401,162,100334,162,101466,100,100208,100,101469,100,100199,100,101520,100,100042,200,101709,100,99982,100,102203,100,99905,100
2019-06-28 09:58:16.566688437,100693,100,100658,162,101178,162,100583,162,101245,162,100422,162,101249,162,100419,162,101286,162,100334,162,101401,162,100208,100,101466,100,100199,100,101469,100,100042,200,101520,100,99982,100,101709,100,99905,100
2019-06-28 09:58:20.000000000,100693,205,100658,205,101178,202,100583,202,101245,202,100422,202,101249,100,100419,100,101286,100,100334,100,101401,100,100208,100,101466,100,100199,100,101469,100,100042,200,101520,100,99982,100,101709,100,99905,100
2019-06-28 09:58:23.366947704,100693,205,100658,205,101178,202,100630,100,101245,202,100583,202,101249,100,100422,202,101286,100,100419,100,101401,100,100334,100,101469,100,100208,100,101520,100,100199,100,101709,100,100042,200,102203,100,99982,100
2019-06-28 09:58:30.000000000,100693,410,100658,410,101178,100,100630,100,101245,100,100583,100,101249,100,100422,100,101286,100,100419,100,101401,100,100334,100,101469,100,100208,100,101520,100,100199,100,101709,100,100042,200,102203,100,99982,100
2019-06-28 09:58:31.351899316,100659,100,100658,410,100693,410,100630,100,101178,100,100583,100,101245,100,100422,100,101249,100,100419,100,101286,100,100334,100,101401,100,100208,100,101469,100,100199,100,101520,100,100042,200,101709,100,99982,100
2019-06-28 09:58:40.000000000,100659,410,100658,410,100693,100,100630,100,101178,100,100583,100,101245,100,100422,100,101249,100,100419,100,101286,100,100334,100,101401,100,100208,100,101469,100,100199,100,101520,100,100042,200,101709,100,99982,100
2019-06-28 09:58:50.000000000,100659,255,100658,255,100693,255,100630,255,101178,100,100583,100,101245,100,100422,100,101249,100,100419,100,101286,100,100334,100,101401,100,100208,100,101469,100,100199,100,101520,100,100042,200,101709,100,99982,100
2019-06-28 09:59:00.000000000,100659,162,100658,162,100693,162,100630,162,101178,162,100583,162,101245,162,100422,162,101249,162,100419,162,101286,100,100334,100,101401,100,100208,100,101469,100,100199,100,101520,100,100042,200,101709,100,99982,100
2019-06-28 09:59:10.000000000,100659,255,100658,255,100693,255,100630,255,101178,100,100583,100,101245,100,100422,100,101249,100,100419,100,101286,100,100334,100,101401,100,100208,100,101469,100,100199,100,101520,100,100042,200,101709,100,99982,100
2019-06-28 09:59:20.000000000,100659,178,100658,178,100693,178,100630,178,101178,178,100583,178,101245,178,100422,178,101249,100,100419,100,101286,100,100334,100,101401,100,100208,100,101469,100,100199,100,101520,100,100042,200,101709,100,99982,100
2019-06-28 09:59:26.232579372,100659,178,100658,178,100693,178,100630,78,101178,178,100583,178,101245,178,100528,100,101249,100,100422,178,101286,100,100419,100,101401,100,100334,100,101469,100,100208,100,101520,100,100199,100,101709,100,100042,200
2019-06-28 09:59:30.000000000,100659,205,100658,205,100693,202,100583,202,101178,202,100528,202,101245,100,100422,100,101249,100,100419,100,101286,100,100334,100,101401,100,100208,100,101469,100,100199,100,101520,100,100042,200,101709,100,99982,100
2019-06-28 09:59:40.000000000,100659,178,100658,178,100693,178,100583,178,101178,178,100528,178,101245,178,100422,178,101249,100,100419,100,101286,100,100334,100,101401,100,100208,100,101469,100,100199,100,101520,100,100042,200,101709,100,99982,100
2019-06-28 09:59:50.000000000,100659,162,100658,162,100693,162,100583,162,101178,162,100528,162,101245,162,100422,162,101249,162,100419,162,101286,100,100334,100,101401,100,100208,100,101469,100,100199,100,101520,100,100042,200,101709,100,99982,100
2019-06-28 10:00:00.000000000,100659,410,100658,410,100693,100,100583,100,101178,100,100528,100,101245,100,100422,100,101249,100,100419,100,101286,100,100334,100,101401,100,100208,100,101469,100,100199,100,101520,100,100042,200,101709,100,99982,100
2019-06-28 10:00:08.885052218,100659,410,100658,310,100693,100,100583,100,101178,100,100528,100,101245,100,100422,100,101249,100,100419,100,101286,100,100334,100,101401,100,100208,100,101469,100,100199,100,101520,100,100042,200,101709,100,99982,100
2019-06-28 10:00:10.000000000,100659,178,100583,178,100693,178,100528,178,101178,178,100422,178,101245,178,100419,178,101249,100,100334,100,101286,100,100208,100,101401,100,100199,100,101469,100,100042,200,101520,100,99982,100,101709,100,99905,100
2019-06-28 10:00:14.715612401,100659,178,100583,178,100693,178,100528,178,101178,178,100422,178,101245,178,100419,178,101249,100,100334,100,101286,100,100208,100,101401,100,100199,100,101469,100,100042,200,101520,100,99982,100,101709,100,99971,100
2019-06-28 10:00:20.000000000,100659,178,100583,178,100693,178,100528,178,101178,178,100422,178,101245,178,100419,178,101249,100,100334,100,101286,100,100208,100,101401,100,100199,100,101469,100,100042,200,101520,100,99982,100,101709,100,99971,100
2019-06-28 10:00:23.499078675,100659,178,100583,178,100693,178,100528,178,101178,178,100422,178,101245,178,100419,178,101249,100,100334,100,101286,100,100208,100,101401,100,100199,100,101469,100,100044,100,101520,100,100042,200,101709,100,99982,100
2019-06-28 10:00:30.000000000,100659,255,100583,255,100693,255,100528,255,101178,100,100422,100,101245,100,100419,100,101249,100,100334,100,101286,100,100208,100,101401,100,100199,100,101469,100,100044,100,101520,100,100042,200,101709,100,99982,100
2019-06-28 10:00:36.876932744,100659,255,100583,255,100693,255,100528,255,101178,100,100422,100,101245,100,100419,100,101249,100,100334,100,101286,100,100208,100,101401,100,100199,100,101469,100,100044,100,101520,100,100042,100,101709,100,99982,100
2019-06-28 10:00:40.000000000,100659,205,100583,205,100693,202,100528,202,101178,202,100422,202,101245,100,100419,100,101249,100,100334,100,101286,100,100208,100,101401,100,100199,100,101469,100,100044,100,101520,100,100042,100,101709,100,99982,100
2019-06-28 10:00:50.000000000,100659,410,100583,410,100693,100,100528,100,101178,100,100422,100,101245,100,100419,100,101249,100,100334,100,101286,100,100208,100,101401,100,100199,100,101469,100,100044,100,101520,100,100042,100,101709,100,99982,100
2019-06-28 10:00:56.287986441,100658,100,100583,410,100659,410,100528,100,100693,100,100422,100,101178,100,100419,100,101245,100,100334,100,101249,100,100208,100,101286,100,100199,100,101401,100,100044,100,101469,100,100042,100,101520,100,99982,100
2019-06-28 10:00:56.508238540,100658,100,100583,310,100659,410,100528,100,100693,100,100422,100,101178,100,100419,100,101245,100,100208,100,101249,100,100199,100,101286,100,100044,100,101401,100,100042,100,101469,100,99982,100,101520,100,99971,100
2019-06-28 10:01:00.000000000,100658,410,100528,410,100659,100,100422,100,100693,100,100419,100,101178,100,100208,100,101245,100,100199,100,101249,100,100044,100,101286,100,100042,100,101401,100,99982,100,101469,100,99971,100,101520,100,99905,100
2019-06-28 10:01:10.000000000,100658,255,100528,255,100659,255,100422,255,100693,100,100419,100,101178,100,100208,100,101245,100,100199,100,101249,100,100044,100,101286,100,100042,100,101401,100,99982,100,101469,100,99971,100,101520,100,99905,100
2019-06-28 10:01:17.691350801,100658,255,100528,255,100659,255,100422,255,100693,100,100419,100,101178,100,100208,100,101245,100,100199,100,101249,100,100130,100,101286,100,100044,100,101401,100,100042,100,101469,100,99982,100,101520,100,99971,100
2019-06-28 10:01:20.000000000,100658,205,100528,205,100659,202,100422,202,100693,202,100419,202,101178,100,100208,100,101245,100,100199,100,101249,100,100130,100,101286,100,100044,100,101401,100,100042,100,101469,100,99982,100,101520,100,99971,100
2019-06-28 10:01:23.884469081,100658,205,100528,105,100659,202,100422,202,100693,202,100419,202,101178,100,100208,100,101245,100,100199,100,101249,100,100130,100,101286,100,100044,100,101401,100,100042,100,101469,100,99982,100,101520,100,99971,100
2019-06-28 10:01:30.000000000,100658,205,100422,205,100659,202,100419,202,100693,202,100208,202,101178,100,100199,100,101245,100,100130,100,101249,100,100044,100,101286,100,100042,100,101401,100,99982,100,101469,100,99971,100,101520,100,99905,100
2019-06-28 10:01:37.498628961,100658,205,100422,205,100659,202,100419,202,100693,202,100208,202,101178,100,100199,100,101245,100,100130,100,101249,100,100044,100,101286,100,100042,100,101401,100,99982,100,101469,100,99971,100,101520,100,99961,100
2019-06-28 10:01:40.000000000,100658,205,100422,205,100659,202,100419,202,100693,202,100208,202,101178,100,100199,100,101245,100,100130,100,101249,100,100044,100,101286,100,100042,100,101401,100,99982,100,101469,100,99971,100,101520,100,99961,100
2019-06-28 10:01:41.868571257,100583,100,100422,205,100658,205,100419,202,100659,202,100208,202,100693,202,100199,100,101178,100,100130,100,101245,100,100044,100,101249,100,100042,100,101286,100,99982,100,101401,100,99971,100,101469,100,99961,100
2019-06-28 10:01:48.916059333,100583,100,100422,205,100658,205,100419,202,100659,202,100208,202,100693,202,100199,100,101178,100,100130,100,101245,100,100068,100,101249,100,100044,100,101286,100,100042,100,101401,100,99982,100,101469,100,99971,100
2019-06-28 10:01:50.000000000,100583,178,100422,178,100658,178,100419,178,100659,178,100208,178,100693,178,100199,178,101178,100,100130,100,101245,100,100068,100,101249,100,100044,100,101286,100,100042,100,101401,100,99982,100,101469,100,99971,100
2019-06-28 10:02:00.000000000,100583,178,100422,178,100658,178,100419,178,100659,178,100208,178,100693,178,100199,178,101178,100,100130,100,101245,100,100068,100,101249,100,100044,100,101286,100,100042,100,101401,100,99982,100,101469,100,99971,100
2019-06-28 10:02:07.360187978,100583,178,100422,178,100658,178,100419,178,100659,178,100208,178,100693,178,100199,178,101178,100,100130,100,101245,100,100068,100,101249,100,100044,100,101286,100,100042,100,101401,100,99982,100,101469,100,99971,100
2019-06-28 10:02:10.000000000,100583,178,100422,178,100658,178,100419,178,100659,178,100208,178,100693,178,100199,178,101178,100,100130,100,101245,100,100068,100,101249,100,100044,100,101286,100,100042,100,101401,100,99982,100,101469,100,99971,100
2019-06-28 10:02:20.000000000,100583,162,100422,162,100658,162,100419,162,100659,162,100208,162,100693,162,100199,162,101178,162,100130,162,101245,100,100068,100,101249,100,100044,100,101286,100,100042,100,101401,100,99982,100,101469,100,99971,100
2019-06-28 10:02:25.552209736,100583,162,100422,162,100658,162,100419,162,100659,162,100208,162,100693,162,100204,100,101178,162,100199,162,101245,100,100130,162,101249,100,100068,100,101286,100,100044,100,101401,100,100042,100,101469,100,99982,100
2019-06-28 10:02:25.855787940,100583,162,100422,162,100658,162,100419,162,100659,162,100388,100,100693,162,100208,162,101178,162,100204,100,101245,100,100199,162,101249,100,100130,162,101286,100,100044,100,101401,100,100042,100,101469,100,99982,100
2019-06-28 10:02:30.000000000,100583,205,100422,205,100658,202,100419,202,100659,202,100388,202,100693,100,100208,100,101178,100,100204,100,101245,100,100199,100,101249,100,100130,100,101286,100,100044,100,101401,100,100042,100,101469,100,99982,100
2019-06-28 10:02:35.293474021,100583,205,100422,105,100658,202,100419,202,100659,202,100388,202,100693,100,100208,100,101178,100,100204,100,101245,100,100199,100,101249,100,100130,100,101286,100,100044,100,101401,100,100042,100,101469,100,99982,100
2019-06-28 10:02:40.000000000,100583,410,100419,410,100658,100,100388,100,100659,100,100208,100,100693,100,100204,100,101178,100,100199,100,101245,100,100130,100,101249,100,100044,100,101286,100,100042,100,101401,100,99982,100,101469,100,99971,100
2019-06-28 10:02:46.027927121,100528,100,100419,410,100583,410,100388,100,100658,100,100208,100,100659,100,100204,100,100693,100,100199,100,101178,100,100130,100,101245,100,100044,100,101249,100,100042,100,101286,100,99982,100,101401,100,99971,100
2019-06-28 10:02:50.000000000,100528,255,100419,255,100583,255,100388,255,100658,100,100208,100,100659,100,100204,100,100693,100,100199,100,101178,100,100130,100,101245,100,100044,100,101249,100,100042,100,101286,100,99982,100,101401,100,99971,100
2019-06-28 10:02:51.963742773,100528,255,100419,255,100583,255,100388,255,100658,100,100225,100,100659,100,100208,100,100693,100,100204,100,101178,100,100199,100,101245,100,100130,100,101249,100,100044,100,101286,100,100042,100,101401,100,99982,100
2019-06-28 10:03:00.000000000,100528,162,100419,162,100583,162,100388,162,100658,162,100225,162,100659,162,100208,162,100693,162,100204,162,101178,100,100199,100,101245,100,100130,100,101249,100,100044,100,101286,100,100042,100,101401,100,99982,100
2019-06-28 10:03:10.000000000,100528,178,100419,178,100583,178,100388,178,100658,178,100225,178,100659,178,100208,178,100693,100,100204,100,101178,100,100199,100,101245,100,100130,100,101249,100,100044,100,101286,100,100042,100,101401,100,99982,100
2019-06-28 10:03:20.000000000,100528,178,100419,178,100583,178,100388,178,100658,178,100225,178,100659,178,100208,178,100693,100,100204,100,101178,100,100199,100,101245,100,100130,100,101249,100,100044,100,101286,100,100042,100,101401,100,99982,100
2019-06-28 10:03:23.390628033,100528,178,100419,78,100583,178,100388,178,100658,178,100225,178,100659,178,100208,178,100693,100,100204,100,101178,100,100199,100,101245,100,100130,100,101249,100,100044,100,101286,100,100042,100,101401,100,99982,100
2019-06-28 10:03:24.177298372,100528,178,100419,78,100583,178,100398,100,100658,178,100388,178,100659,178,100225,178,100693,100,100208,178,101178,100,100204,100,101245,100,100199,100,101249,100,100130,100,101286,100,100044,100,101401,100,100042,100
2019-06-28 10:03:30.000000000,100528,410,100398,410,100583,100,100388,100,100658,100,100225,100,100659,100,100208,100,100693,100,100204,100,101178,100,100199,100,101245,100,100130,100,101249,100,100044,100,101286,100,100042,100,101401,100,99982,100
2019-06-28 10:03:40.000000000,100528,178,100398,178,100583,178,100388,178,100658,178,100225,178,100659,178,100208,178,100693,100,100204,100,101178,100,100199,100,101245,100,100130,100,101249,100,100044,100,101286,100,100042,100,101401,100,99982,100
2019-06-28 10:03:50.000000000,100528,410,100398,410,100583,100,100388,100,100658,100,100225,100,100659,100,100208,100,100693,100,100204,100,101178,100,100199,100,101245,100,100130,100,101249,100,100044,100,101286,100,100042,100,101401,100,99982,100
2019-06-28 10:04:00.000000000,100528,410,100398,410,100583,100,100388,100,100658,100,100225,100,100659,100,100208,100,100693,100,100204,100,101178,100,100199,100,101245,100,100130,100,101249,100,100044,100,101286,100,100042,100,101401,100,99982,100
2019-06-28 10:04:07.243749939,100528,410,100398,410,100583,100,100388,100,100658,100,100225,100,100659,100,100208,100,100693,100,100204,100,101178,100,100199,100,101245,100,100130,100,101249,100,100044,100,101286,100,100042,100,101401,100,99982,100
2019-06-28 10:04:10.000000000,100528,178,100398,178,100583,178,100388,178,100658,178,100225,178,100659,178,100208,178,100693,100,100204,100,101178,100,100199,100,101245,100,100130,100,101249,100,100044,100,101286,100,100042,100,101401,100,99982,100
2019-06-28 10:04:20.000000000,100528,205,100398,205,100583,202,100388,202,100658,202,100225,202,100659,100,100208,100,100693,100,100204,100,101178,100,100199,100,101245,100,100130,100,101249,100,100044,100,101286,100,100042,100,101401,100,99982,100
2019-06-28 10:04:25.933178544,100528,205,100398,105,100583,202,100388,202,100658,202,100225,202,100659,100,100208,100,100693,100,100204,100,101178,100,100199,100,101245,100,100130,100,101249,100,100044,100,101286,100,100042,100,101401,100,99982,100
2019-06-28 10:04:30.000000000,100528,178,100388,178,100583,178,100225,178,100658,178,100208,178,100659,178,100204,178,100693,100,100199,100,101178,100,100130,100,101245,100,100044,100,101249,100,100042,100,101286,100,99982,100,101401,100,99971,100
2019-06-28 10:04:37.383857843,100528,178,100388,178,100583,178,100225,178,100658,178,100208,178,100659,78,100204,178,100693,100,100199,100,101178,100,100130,100,101245,100,100044,100,101249,100,100042,100,101286,100,99982,100,101401,100,99971,100
2019-06-28 10:04:40.000000000,100528,205,100388,205,100583,202,100225,202,100658,202,100208,202,100693,100,100204,100,101178,100,100199,100,101245,100,100130,100,101249,100,100044,100,101286,100,100042,100,101401,100,99982,100,101469,100,99971,100
2019-06-28 10:04:50.000000000,100528,162,100388,162,100583,162,100225,162,100658,162,100208,162,100693,162,100204,162,101178,162,100199,162,101245,100,100130,100,101249,100,100044,100,101286,100,100042,100,101401,100,99982,100,101469,100,99971,100
2019-06-28 10:05:00.000000000,100528,162,100388,162,100583,162,100225,162,100658,162,100208,162,100693,162,100204,162,101178,162,100199,162,101245,100,100130,100,101249,100,100044,100,101286,100,100042,100,101401,100,99982,100,101469,100,99971,100
2019-06-28 10:05:10.000000000,100528,178,100388,178,100583,178,100225,178,100658,178,100208,178,100693,178,100204,178,101178,100,100199,100,101245,100,100130,100,101249,100,100044,100,101286,100,100042,100,101401,100,99982,100,101469,100,99971,100
2019-06-28 10:05:20.000000000,100528,255,100388,255,100583,255,100225,255,100658,100,100208,100,100693,100,100204,100,101178,100,100199,100,101245,100,100130,100,101249,100,100044,100,101286,100,100042,100,101401,100,99982,100,101469,100,99971,100
2019-06-28 10:05:30.000000000,100528,255,100388,255,100583,255,100225,255,100658,100,100208,100,100693,100,100204,100,101178,100,100199,100,101245,100,100130,100,101249,100,100044,100,101286,100,100042,100,101401,100,99982,100,101469,100,99971,100
2019-06-28 10:05:40.000000000,100528,205,100388,205,100583,202,100225,202,100658,202,100208,202,100693,100,100204,100,101178,100,100199,100,101245,100,100130,100,101249,100,100044,100,101286,100,100042,100,101401,100,99982,100,101469,100,99971,100
2019-06-28 10:05:50.000000000,100528,178,100388,178,100583,178,100225,178,100658,178,100208,178,100693,178,100204,178,101178,100,100199,100,101245,100,100130,100,101249,100,100044,100,101286,100,100042,100,101401,100,99982,100,101469,100,99971,100
2019-06-28 10:06:00.000000000,100528,178,100388,178,100583,178,100225,178,100658,178,100208,178,100693,178,100204,178,101178,100,100199,100,101245,100,100130,100,101249,100,100044,100,101286,100,100042,100,101401,100,99982,100,101469,100,99971,100
2019-06-28 10:06:10.000000000,100528,205,100388,205,100583,202,100225,202,100658,202,100208,202,100693,100,100204,100,101178,100,100199,100,101245,100,100130,100,101249,100,100044,100,101286,100,100042,100,101401,100,99982,100,101469,100,99971,100
