,ask_price_1,ask_size_1,bid_price_1,bid_size_1,ask_price_2,ask_size_2,bid_price_2,bid_size_2,ask_price_3,ask_size_3,bid_price_3,bid_size_3,ask_price_4,ask_size_4,bid_price_4,bid_size_4,ask_price_5,ask_size_5,bid_price_5,bid_size_5,ask_price_6,ask_size_6,bid_price_6,bid_size_6,ask_price_7,ask_size_7,bid_price_7,bid_size_7,ask_price_8,ask_size_8,bid_price_8,bid_size_8,ask_price_9,ask_size_9,bid_price_9,bid_size_9,ask_price_10,ask_size_10,bid_price_10,bid_size_10
2019-06-28 09:30:00.000000005,,,99884,100,,,99873,100,,,,,,,,,,,,,,,,,,,,,,,,,,,,,,,,
2019-06-28 09:30:00.000000009,100118,100,99884,100,,,99873,100,,,,,,,,,,,,,,,,,,,,,,,,,,,,,,,,
2019-06-28 09:30:00.000000011,100015,100,99884,100,100118,100,99873,100,,,,,,,,,,,,,,,,,,,,,,,,,,,,,,,,
2019-06-28 09:30:00.000000012,100015,100,99884,100,100068,100,99873,100,100118,100,,,,,,,,,,,,,,,,,,,,,,,,,,,,,,
2019-06-28 09:30:00.000000015,100015,100,99884,100,100017,100,99873,100,100068,100,,,100118,100,,,,,,,,,,,,,,,,,,,,,,,,,,
2019-06-28 09:30:00.000000018,99967,100,99884,100,100015,100,99873,100,100017,100,,,100068,100,,,100118,100,,,,,,,,,,,,,,,,,,,,,,
2019-06-28 09:30:00.000000019,99967,100,99884,100,100015,100,99873,100,100017,100,99749,100,100068,100,,,100118,100,,,,,,,,,,,,,,,,,,,,,,
2019-06-28 09:30:00.000000021,99967,100,99884,100,99971,100,99873,100,100015,100,99749,100,100017,100,,,100068,100,,,100118,100,,,,,,,,,,,,,,,,,,
2019-06-28 09:30:00.000000022,99967,100,99884,100,99971,100,99873,100,100015,100,99749,100,100017,100,,,100068,100,,,100109,100,,,100118,100,,,,,,,,,,,,,,
2019-06-28 09:30:00.000000027,99967,100,99884,100,99971,100,99873,100,100015,100,99749,100,100017,100,,,100068,100,,,100071,100,,,100109,100,,,100118,100,,,,,,,,,,
2019-06-28 09:30:00.000000028,99967,100,99884,100,99971,100,99873,100,100015,100,99749,100,100017,100,,,100036,100,,,100068,100,,,100071,100,,,100109,100,,,100118,100,,,100126,100,,
2019-06-28 09:30:00.000000029,99967,100,99884,100,99971,100,99873,100,100015,100,99749,100,100017,100,,,100036,100,,,100068,100,,,100071,100,,,100109,100,,,100118,100,,,100126,100,,
2019-06-28 09:30:00.000000030,99967,100,99884,100,99971,100,99873,100,100015,100,99749,100,100017,100,,,100036,100,,,100068,100,,,100071,100,,,100109,100,,,100118,100,,,100126,100,,
2019-06-28 09:30:00.000000033,99971,100,99884,100,100015,100,99873,100,100017,100,99749,100,100036,100,,,100068,100,,,100071,100,,,100109,100,,,100118,100,,,100126,100,,,100204,100,,
2019-06-28 09:30:00.000000034,99958,100,99884,100,99971,100,99873,100,100015,100,99749,100,100017,100,,,100036,100,,,100068,100,,,100071,100,,,100109,100,,,100118,100,,,100126,100,,
2019-06-28 09:30:00.000000035,99958,100,99903,100,99971,100,99884,100,100015,100,99873,100,100017,100,99749,100,100036,100,,,100068,100,,,100071,100,,,100109,100,,,100118,100,,,100126,100,,
2019-06-28 09:30:00.000000037,99958,100,99916,100,99971,100,99903,100,100015,100,99884,100,100017,100,99873,100,100036,100,99749,100,100068,100,,,100071,100,,,100109,100,,,100118,100,,,100126,100,,
2019-06-28 09:30:00.000000040,99958,100,99936,100,99971,100,99916,100,100015,100,99903,100,100017,100,99884,100,100036,100,99873,100,100068,100,99749,100,100071,100,,,100109,100,,,100118,100,,,100126,100,,
2019-06-28 09:30:00.000000041,99971,100,99936,100,100015,100,99916,100,100017,100,99903,100,100036,100,99884,100,100068,100,99873,100,100071,100,99749,100,100109,100,,,100118,100,,,100126,100,,,100204,100,,
2019-06-28 09:30:00.000000044,99971,100,99958,100,100015,100,99936,100,100017,100,99916,100,100036,100,99903,100,100068,100,99884,100,100071,100,99873,100,100109,100,99749,100,100118,100,,,100126,100,,,100204,100,,
2019-06-28 09:30:00.000000046,99971,100,99958,100,100015,100,99938,100,100017,100,99936,100,100036,100,99916,100,100068,100,99903,100,100071,100,99884,100,100109,100,99873,100,100118,100,99749,100,100126,100,,,100204,100,,
2019-06-28 09:30:00.000000047,99971,100,99958,100,100015,100,99947,100,100017,100,99938,100,100036,100,99936,100,100068,100,99916,100,100071,100,99903,100,100109,100,99884,100,100118,100,99873,100,100126,100,99749,100,100204,100,,
2019-06-28 09:30:00.000000050,99971,100,99958,100,100015,100,99947,100,100017,100,99938,100,100036,100,99936,100,100068,100,99916,100,100071,100,99903,100,100088,100,99884,100,100109,100,99873,100,100118,100,99749,100,100126,100,,
2019-06-28 09:30:00.000000051,99971,100,99958,100,100015,100,99947,100,100017,100,99938,100,100036,100,99936,100,100068,100,99916,100,100071,100,99903,100,100088,100,99884,100,100109,100,99873,100,100118,100,99749,100,100126,100,,
2019-06-28 09:30:00.000000054,99971,100,99958,100,100015,100,99947,100,100017,100,99938,100,100036,100,99936,100,100068,100,99916,100,100071,100,99903,100,100076,100,99884,100,100088,100,99873,100,100109,100,99749,100,100118,100,,
2019-06-28 09:30:00.000000055,99971,100,99958,100,100015,100,99947,100,100017,100,99938,100,100036,100,99936,100,100068,100,99916,100,100071,100,99903,100,100076,100,99884,100,100088,100,99873,100,100109,100,99853,100,100118,100,99749,100
2019-06-28 09:30:00.000000056,100015,100,99959,100,100017,100,99958,100,100036,100,99947,100,100068,100,99938,100,100071,100,99936,100,100076,100,99916,100,100088,100,99903,100,100109,100,99884,100,100118,100,99873,100,100126,100,99853,100
2019-06-28 09:30:00.000000057,100015,100,99970,100,100017,100,99959,200,100036,100,99958,100,100068,100,99947,100,100071,100,99938,100,100076,100,99936,100,100088,100,99916,100,100109,100,99903,100,100118,100,99884,100,100126,100,99873,100
2019-06-28 09:30:00.000000058,100015,100,99970,100,100017,100,99959,200,100036,100,99958,100,100068,100,99947,100,100071,100,99938,100,100076,100,99936,100,100088,100,99916,100,100109,100,99903,100,100118,100,99884,100,100126,100,99873,100
2019-06-28 09:30:00.000000059,100015,100,99970,100,100017,100,99959,200,100036,100,99958,100,100068,100,99947,100,100071,100,99938,100,100076,100,99936,100,100088,100,99916,100,100109,100,99903,100,100118,100,99884,100,100126,100,99873,100
2019-06-28 09:30:00.000000060,100015,100,99970,100,100017,100,99959,200,100029,100,99958,100,100036,100,99947,100,100068,100,99938,100,100071,100,99936,100,100076,100,99916,100,100088,100,99903,100,100109,100,99884,100,100118,100,99873,100
2019-06-28 09:30:00.000000061,99986,100,99970,100,100015,100,99959,200,100017,100,99958,100,100029,100,99947,100,100036,100,99938,100,100068,100,99936,100,100071,100,99916,100,100076,100,99903,100,100088,100,99884,100,100109,100,99873,100
2019-06-28 09:30:00.000000062,99986,100,99970,100,100000,100,99959,200,100015,100,99958,100,100017,100,99947,100,100029,100,99938,100,100036,100,99936,100,100068,100,99916,100,100071,100,99903,100,100076,100,99884,100,100088,100,99873,100
2019-06-28 09:30:00.000000064,99986,100,99970,100,100000,100,99959,300,100015,100,99958,100,100017,100,99947,100,100029,100,99938,100,100036,100,99936,100,100068,100,99916,100,100071,100,99903,100,100076,100,99884,100,100088,100,99873,100
2019-06-28 09:30:00.000000065,99986,100,99970,100,100000,100,99959,300,100015,100,99958,100,100017,100,99947,100,100029,100,99938,100,100036,100,99936,100,100068,100,99916,100,100071,100,99903,100,100076,100,99884,100,100088,200,99873,100
2019-06-28 09:30:00.000000066,99986,100,99970,100,100000,100,99959,400,100015,100,99958,100,100017,100,99947,100,100029,100,99939,100,100036,100,99938,100,100068,100,99936,100,100071,100,99916,100,100076,100,99903,100,100088,200,99884,100
2019-06-28 09:30:00.000000068,100000,100,99970,100,100015,100,99959,400,100017,100,99958,100,100029,100,99947,100,100036,100,99939,100,100068,100,99938,100,100071,100,99936,100,100076,100,99916,100,100088,200,99903,100,100091,100,99884,100
2019-06-28 09:30:00.000000069,100000,100,99985,100,100015,100,99970,100,100017,100,99959,400,100029,100,99958,100,100036,100,99947,100,100068,100,99939,100,100071,100,99938,100,100076,100,99936,100,100088,200,99916,100,100091,100,99903,100
2019-06-28 09:30:00.000000072,100000,100,99985,100,100015,100,99970,100,100017,100,99959,400,100029,100,99958,100,100036,100,99947,100,100068,100,99939,100,100071,100,99938,100,100076,100,99936,100,100088,200,99916,100,100091,100,99903,100
2019-06-28 09:30:00.000000073,100000,100,99985,100,100015,100,99970,100,100017,100,99959,400,100029,100,99958,100,100036,100,99952,100,100068,100,99947,100,100071,100,99939,100,100076,100,99938,100,100088,200,99936,100,100091,100,99916,100
2019-06-28 09:30:00.000000075,100000,100,99985,100,100015,100,99971,100,100017,100,99970,100,100029,100,99959,400,100036,100,99958,100,100068,100,99952,100,100071,100,99947,100,100076,100,99940,100,100088,200,99939,100,100091,100,99938,100
2019-06-28 09:30:00.000000076,100000,100,99985,100,100015,100,99971,100,100017,100,99970,100,100029,100,99959,400,100036,100,99958,100,100068,100,99952,100,100071,100,99947,100,100076,100,99940,100,100088,200,99939,100,100091,100,99938,100
2019-06-28 09:30:00.000000079,100000,100,99985,100,100015,100,99971,100,100017,100,99970,100,100024,100,99959,400,100029,100,99958,100,100036,100,99952,100,100068,100,99947,100,100071,100,99940,100,100076,100,99939,100,100088,200,99938,100
2019-06-28 09:30:00.000000081,100000,100,99985,100,100015,100,99971,100,100017,100,99970,100,100024,100,99960,100,100029,100,99959,400,100031,100,99958,100,100036,100,99952,100,100068,100,99947,100,100071,100,99940,100,100076,100,99939,100
2019-06-28 09:30:00.000000083,100000,100,99985,100,100015,100,99971,100,100017,100,99970,100,100024,100,99960,100,100029,100,99959,400,100031,100,99958,100,100036,100,99952,100,100068,100,99947,100,100071,100,99940,100,100076,100,99939,100
2019-06-28 09:30:00.000000086,100000,100,99985,100,100015,100,99971,100,100017,100,99970,100,100024,100,99960,100,100029,100,99959,400,100031,100,99958,100,100036,100,99952,100,100068,100,99947,100,100071,100,99940,100,100076,100,99939,100
2019-06-28 09:30:00.000000088,100000,100,99985,100,100015,100,99971,200,100017,100,99970,100,100024,100,99960,100,100029,100,99959,400,100031,100,99958,100,100036,100,99952,100,100068,100,99947,100,100071,100,99940,100,100076,100,99939,100
2019-06-28 09:30:00.000000089,100000,100,99985,100,100015,100,99971,200,100017,100,99970,100,100024,100,99960,100,100029,100,99959,400,100031,100,99958,100,100036,100,99956,100,100068,100,99952,100,100071,100,99947,100,100076,100,99940,100
2019-06-28 09:30:00.000000090,100000,100,99985,100,100015,100,99971,200,100017,100,99970,100,100024,100,99960,100,100029,100,99959,400,100031,100,99958,100,100036,100,99956,100,100068,100,99952,100,100071,100,99947,100,100076,100,99940,100
2019-06-28 09:30:00.000000095,100000,100,99985,100,100015,100,99971,200,100017,100,99970,100,100024,100,99960,100,100029,100,99959,400,100031,100,99958,100,100036,100,99956,100,100068,100,99952,100,100071,100,99947,100,100076,100,99940,100
2019-06-28 09:30:00.000000096,100000,100,99985,100,100015,100,99971,200,100017,100,99970,100,100024,100,99960,100,100029,100,99959,400,100031,100,99958,100,100036,100,99956,100,100068,100,99952,100,100071,100,99947,100,100076,100,99940,100
2019-06-28 09:30:00.000000097,100000,100,99985,100,100015,100,99971,200,100017,100,99970,100,100024,100,99960,100,100029,100,99959,400,100031,100,99958,100,100036,100,99956,100,100068,100,99952,100,100071,100,99947,100,100076,100,99940,100
2019-06-28 09:30:00.000000099,100000,100,99985,100,100015,100,99971,200,100017,100,99970,100,100024,100,99960,100,100029,100,99959,400,100031,100,99958,100,100036,100,99956,100,100068,100,99952,100,100069,100,99947,100,100071,100,99940,100
2019-06-28 09:30:10.000000000,100000,193,99985,193,100015,193,99971,293,100017,193,99970,193,100024,193,99960,193,100029,193,99959,493,100031,100,99958,100,100036,100,99956,100,100068,100,99952,100,100069,100,99947,100,100071,100,99940,100
2019-06-28 09:30:10.701940819,100000,93,99985,193,100015,193,99971,293,100017,193,99970,193,100024,193,99960,193,100029,193,99959,493,100031,100,99958,100,100036,100,99956,100,100068,100,99952,100,100069,100,99947,100,100071,100,99940,100
2019-06-28 09:30:17.738340648,100000,93,99985,193,100015,193,99971,293,100017,193,99970,193,100024,193,99960,193,100029,193,99959,493,100031,100,99958,100,100036,100,99956,100,100068,100,99952,100,100069,100,99947,100,100071,100,99940,100
2019-06-28 09:30:17.794501779,100000,93,99985,193,100015,193,99971,293,100017,193,99970,193,100024,193,99960,193,100029,193,99959,493,100031,100,99958,100,100036,100,99956,100,100068,100,99952,100,100069,100,99947,100,100071,100,99940,100
2019-06-28 09:30:20.000000000,100015,332,99985,332,100017,332,99971,432,100024,100,99970,100,100029,100,99960,100,100031,100,99959,400,100036,100,99958,100,100068,100,99956,100,100069,100,99952,100,100071,100,99947,100,100076,100,99940,100
2019-06-28 09:30:28.437809063,100015,332,99985,332,100017,332,99971,432,100024,100,99970,100,100029,100,99960,100,100031,100,99959,400,100036,100,99958,100,100068,100,99956,100,100069,100,99952,100,100071,100,99947,100,100076,100,99940,100
2019-06-28 09:30:30.000000000,100015,216,99985,216,100017,216,99971,316,100024,216,99970,216,100029,216,99960,216,100031,100,99959,400,100036,100,99958,100,100068,100,99956,100,100069,100,99952,100,100071,100,99947,100,100076,100,99940,100
2019-06-28 09:30:31.313888282,100015,216,99985,216,100017,216,99971,316,100024,216,99970,216,100029,216,99960,216,100031,100,99959,400,100036,100,99958,100,100068,100,99956,100,100071,100,99952,100,100076,100,99947,100,100088,200,99940,100
2019-06-28 09:30:36.145189173,100015,216,99985,216,100017,216,99971,316,100024,216,99970,216,100029,216,99960,216,100031,100,99959,400,100036,100,99958,100,100068,100,99956,100,100071,100,99952,100,100076,100,99947,100,100088,200,99940,100
2019-06-28 09:30:40.000000000,100015,258,99985,258,100017,253,99971,353,100024,253,99970,253,100029,100,99960,100,100031,100,99959,400,100036,100,99958,100,100068,100,99956,100,100071,100,99952,100,100076,100,99947,100,100088,200,99940,100
2019-06-28 09:30:50.000000000,100015,564,99985,564,100017,100,99971,200,100024,100,99970,100,100029,100,99960,100,100031,100,99959,400,100036,100,99958,100,100068,100,99956,100,100071,100,99952,100,100076,100,99947,100,100088,200,99940,100
2019-06-28 09:31:00.000000000,100015,216,99985,216,100017,216,99971,316,100024,216,99970,216,100029,216,99960,216,100031,100,99959,400,100036,100,99958,100,100068,100,99956,100,100071,100,99952,100,100076,100,99947,100,100088,200,99940,100
2019-06-28 09:31:10.000000000,100015,258,99985,258,100017,253,99971,353,100024,253,99970,253,100029,100,99960,100,100031,100,99959,400,100036,100,99958,100,100068,100,99956,100,100071,100,99952,100,100076,100,99947,100,100088,200,99940,100
2019-06-28 09:31:19.023672032,100015,158,99985,258,100017,253,99971,353,100024,253,99970,253,100029,100,99960,100,100031,100,99959,400,100036,100,99958,100,100068,100,99956,100,100071,100,99952,100,100076,100,99947,100,100088,200,99940,100
2019-06-28 09:31:20.000000000,100017,332,99985,332,100024,332,99971,432,100029,100,99970,100,100031,100,99960,100,100036,100,99959,400,100068,100,99958,100,100071,100,99956,100,100076,100,99952,100,100088,200,99947,100,100094,100,99940,100
2019-06-28 09:31:30.000000000,100017,193,99985,193,100024,193,99971,293,100029,193,99970,193,100031,193,99960,193,100036,193,99959,493,100068,100,99958,100,100071,100,99956,100,100076,100,99952,100,100088,200,99947,100,100094,100,99940,100
2019-06-28 09:31:40.000000000,100017,216,99985,216,100024,216,99971,316,100029,216,99970,216,100031,216,99960,216,100036,100,99959,400,100068,100,99958,100,100071,100,99956,100,100076,100,99952,100,100088,200,99947,100,100094,100,99940,100
2019-06-28 09:31:50.000000000,100017,216,99985,216,100024,216,99971,316,100029,216,99970,216,100031,216,99960,216,100036,100,99959,400,100068,100,99958,100,100071,100,99956,100,100076,100,99952,100,100088,200,99947,100,100094,100,99940,100
2019-06-28 09:31:57.491149766,100017,116,99985,216,100024,216,99971,316,100029,216,99970,216,100031,216,99960,216,100036,100,99959,400,100068,100,99958,100,100071,100,99956,100,100076,100,99952,100,100088,200,99947,100,100094,100,99940,100
2019-06-28 09:32:00.000000000,100024,332,99985,332,100029,332,99971,432,100031,100,99970,100,100036,100,99960,100,100068,100,99959,400,100071,100,99958,100,100076,100,99956,100,100088,200,99952,100,100094,100,99947,100,100109,100,99940,100
2019-06-28 09:32:10.000000000,100024,193,99985,193,100029,193,99971,293,100031,193,99970,193,100036,193,99960,193,100068,193,99959,493,100071,100,99958,100,100076,100,99956,100,100088,200,99952,100,100094,100,99947,100,100109,100,99940,100
2019-06-28 09:32:15.471032055,100024,93,99985,193,100029,193,99971,293,100031,193,99970,193,100036,193,99960,193,100068,193,99959,493,100071,100,99958,100,100076,100,99952,100,100088,200,99947,100,100094,100,99940,100,100109,100,99938,100
2019-06-28 09:32:20.000000000,100029,216,99985,216,100031,216,99971,316,100036,216,99970,216,100068,216,99960,216,100071,100,99959,400,100076,100,99958,100,100088,200,99952,100,100094,100,99947,100,100109,100,99940,100,100114,100,99938,100
2019-06-28 09:32:23.259199879,100029,216,99985,216,100031,216,99971,316,100036,216,99970,216,100068,216,99960,216,100071,100,99959,400,100076,100,99958,100,100088,200,99952,100,100094,100,99947,100,100109,100,99940,100,100114,100,99938,100
2019-06-28 09:32:25.463124379,100029,216,99985,216,100031,216,99971,316,100036,216,99970,216,100068,216,99960,216,100071,100,99959,400,100076,100,99958,100,100088,200,99952,100,100094,100,99947,100,100109,100,99940,100,100114,100,99938,100
2019-06-28 09:32:30.000000000,100029,216,99985,216,100031,216,99971,316,100036,216,99970,216,100068,216,99960,216,100071,100,99959,400,100076,100,99958,100,100088,200,99952,100,100094,100,99947,100,100109,100,99940,100,100114,100,99938,100
2019-06-28 09:32:38.124036466,100029,116,99985,216,100031,216,99971,316,100036,216,99970,116,100068,216,99960,216,100071,100,99959,400,100076,100,99958,100,100088,200,99952,100,100094,100,99947,100,100109,100,99940,100,100114,100,99938,100
2019-06-28 09:32:40.000000000,100031,332,99985,332,100036,332,99971,432,100068,100,99960,100,100071,100,99959,400,100076,100,99958,100,100088,200,99952,100,100094,100,99947,100,100109,100,99940,100,100114,100,99938,100,100118,100,99936,100
2019-06-28 09:32:46.459392289,100031,332,100024,100,100036,332,99985,332,100068,100,99971,432,100071,100,99960,100,100076,100,99959,400,100088,200,99958,100,100094,100,99952,100,100109,100,99947,100,100114,100,99940,100,100118,100,99938,100
2019-06-28 09:32:50.000000000,100031,564,100024,564,100036,100,99985,100,100068,100,99971,200,100071,100,99960,100,100076,100,99959,400,100088,200,99958,100,100094,100,99952,100,100109,100,99947,100,100114,100,99940,100,100118,100,99938,100
2019-06-28 09:32:52.430137099,100031,564,100024,564,100036,100,99985,100,100068,100,99971,200,100071,100,99960,100,100076,100,99959,400,100088,200,99958,100,100094,100,99952,100,100109,100,99947,100,100114,100,99940,100,100118,100,99938,100
2019-06-28 09:32:59.891604931,100031,564,100024,664,100036,100,99985,100,100068,100,99971,200,100071,100,99960,100,100076,100,99959,400,100088,200,99952,100,100094,100,99947,100,100109,100,99940,100,100114,100,99938,100,100118,100,99936,100
2019-06-28 09:33:00.000000000,100031,258,100024,358,100036,253,99985,253,100068,253,99971,353,100071,100,99960,100,100076,100,99959,400,100088,200,99952,100,100094,100,99947,100,100109,100,99940,100,100114,100,99938,100,100118,100,99936,100
2019-06-28 09:33:09.507141474,100031,258,100024,358,100036,253,99985,253,100068,253,99971,353,100071,100,99960,100,100076,100,99959,400,100088,200,99952,100,100094,100,99947,100,100109,100,99940,100,100114,100,99938,100,100118,100,99936,100
2019-06-28 09:33:10.000000000,100031,216,100024,316,100036,216,99985,216,100068,216,99971,316,100071,216,99960,216,100076,100,99959,400,100088,200,99952,100,100094,100,99947,100,100109,100,99940,100,100114,100,99938,100,100118,100,99936,100
2019-06-28 09:33:14.509282227,100031,216,100024,316,100036,216,99985,216,100068,216,99971,316,100071,116,99960,216,100076,100,99959,400,100088,200,99952,100,100094,100,99947,100,100109,100,99940,100,100114,100,99938,100,100118,100,99936,100
2019-06-28 09:33:20.000000000,100031,332,100024,432,100036,332,99985,332,100068,100,99971,200,100076,100,99960,100,100088,200,99959,400,100094,100,99952,100,100109,100,99947,100,100114,100,99940,100,100118,100,99938,100,100126,100,99936,100
2019-06-28 09:33:30.000000000,100031,332,100024,432,100036,332,99985,332,100068,100,99971,200,100076,100,99960,100,100088,200,99959,400,100094,100,99952,100,100109,100,99947,100,100114,100,99940,100,100118,100,99938,100,100126,100,99936,100
2019-06-28 09:33:34.837985307,100031,332,100024,432,100036,332,99985,332,100068,100,99971,200,100076,100,99960,100,100088,100,99959,400,100094,100,99952,100,100109,100,99947,100,100114,100,99940,100,100118,100,99938,100,100126,100,99936,100
2019-06-28 09:33:40.000000000,100031,564,100024,664,100036,100,99985,100,100068,100,99971,200,100076,100,99960,100,100088,100,99959,400,100094,100,99952,100,100109,100,99947,100,100114,100,99940,100,100118,100,99938,100,100126,100,99936,100
2019-06-28 09:33:43.764667800,100031,564,100024,664,100036,100,99985,100,100068,100,99971,200,100076,100,99960,100,100088,100,99959,400,100094,100,99952,100,100109,100,99947,100,100114,100,99938,100,100118,100,99936,100,100126,100,99932,100
2019-06-28 09:33:50.000000000,100031,216,100024,316,100036,216,99985,216,100068,216,99971,316,100076,216,99960,216,100088,100,99959,400,100094,100,99952,100,100109,100,99947,100,100114,100,99938,100,100118,100,99936,100,100126,100,99932,100
2019-06-28 09:33:57.587083058,100031,116,100024,316,100036,216,99985,216,100068,216,99971,316,100076,216,99960,216,100088,100,99959,400,100094,100,99952,100,100109,100,99947,100,100114,100,99938,100,100118,100,99936,100,100126,100,99932,100
2019-06-28 09:34:00.000000000,100036,564,100024,664,100068,100,99985,100,100076,100,99971,200,100088,100,99960,100,100094,100,99959,400,100109,100,99952,100,100114,100,99947,100,100118,100,99938,100,100126,100,99936,100,100129,100,99932,100
2019-06-28 09:34:07.745816771,100036,564,100024,564,100068,100,99985,100,100076,100,99971,200,100088,100,99960,100,100094,100,99959,400,100109,100,99952,100,100114,100,99947,100,100118,100,99938,100,100126,100,99936,100,100129,100,99932,100
2019-06-28 09:34:10.000000000,100036,216,100024,216,100068,216,99985,216,100076,216,99971,316,100088,216,99960,216,100094,100,99959,400,100109,100,99952,100,100114,100,99947,100,100118,100,99938,100,100126,100,99936,100,100129,100,99932,100
2019-06-28 09:34:11.487081590,100036,216,100024,116,100068,216,99985,216,100076,216,99971,316,100088,216,99960,216,100094,100,99959,400,100109,100,99952,100,100114,100,99947,100,100118,100,99938,100,100126,100,99936,100,100129,100,99932,100
2019-06-28 09:34:20.000000000,100036,332,99985,332,100068,332,99971,432,100076,100,99960,100,100088,100,99959,400,100094,100,99952,100,100109,100,99947,100,100114,100,99938,100,100118,100,99936,100,100126,100,99932,100,100129,100,99913,100
2019-06-28 09:34:24.638584257,100024,100,99985,332,100036,332,99971,432,100068,332,99960,100,100076,100,99959,400,100088,100,99952,100,100094,100,99947,100,100109,100,99938,100,100114,100,99936,100,100118,100,99932,100,100126,100,99913,100
2019-06-28 09:34:26.232048185,100024,200,99985,332,100036,332,99971,332,100068,332,99960,100,100076,100,99959,400,100088,100,99952,100,100094,100,99947,100,100109,100,99938,100,100114,100,99936,100,100118,100,99932,100,100126,100,99913,100
2019-06-28 09:34:30.000000000,100024,664,99985,564,100036,100,99971,100,100068,100,99960,100,100076,100,99959,400,100088,100,99952,100,100094,100,99947,100,100109,100,99938,100,100114,100,99936,100,100118,100,99932,100,100126,100,99913,100
2019-06-28 09:34:40.000000000,100024,432,99985,332,100036,332,99971,332,100068,100,99960,100,100076,100,99959,400,100088,100,99952,100,100094,100,99947,100,100109,100,99938,100,100114,100,99936,100,100118,100,99932,100,100126,100,99913,100
2019-06-28 09:34:48.785806596,100024,432,99985,332,100036,332,99971,332,100068,100,99960,100,100076,100,99959,400,100088,100,99952,100,100094,100,99947,100,100109,100,99938,100,100114,100,99936,100,100118,100,99932,100,100126,100,99913,100
2019-06-28 09:34:50.000000000,100024,293,99985,193,100036,193,99971,193,100068,193,99960,193,100076,193,99959,493,100088,193,99952,193,100094,100,99947,100,100109,100,99938,100,100114,100,99936,100,100118,100,99932,100,100126,100,99913,100
2019-06-28 09:34:59.312427186,100024,393,99985,193,100036,193,99971,193,100068,193,99960,193,100076,193,99959,493,100088,193,99952,193,100094,100,99947,100,100109,100,99938,100,100114,100,99936,100,100118,100,99932,100,100126,100,99913,100
2019-06-28 09:35:00.000000000,100024,764,99985,564,100036,100,99971,100,100068,100,99960,100,100076,100,99959,400,100088,100,99952,100,100094,100,99947,100,100109,100,99938,100,100114,100,99936,100,100118,100,99932,100,100126,100,99913,100
2019-06-28 09:35:01.394894904,100024,764,99985,564,100036,100,99971,100,100068,100,99960,100,100076,100,99959,400,100088,100,99952,100,100094,100,99947,100,100109,100,99938,100,100114,100,99936,100,100118,100,99932,100,100126,100,99913,100
2019-06-28 09:35:01.656782217,100024,664,99985,564,100036,100,99971,100,100068,100,99960,100,100076,100,99959,400,100088,100,99952,100,100094,100,99947,100,100109,100,99938,100,100114,100,99936,100,100118,100,99932,100,100126,100,99913,100
2019-06-28 09:35:05.144025928,100024,664,99985,464,100036,100,99971,100,100068,100,99960,100,100076,100,99959,400,100088,100,99952,100,100094,100,99947,100,100109,100,99938,100,100114,100,99936,100,100118,100,99932,100,100126,100,99913,100
2019-06-28 09:35:05.323516652,100024,664,99985,464,100036,100,99971,100,100068,100,99959,400,100076,100,99952,100,100088,100,99947,100,100094,100,99938,100,100109,100,99936,100,100114,100,99932,100,100118,100,99913,100,100126,100,99903,100
2019-06-28 09:35:06.842392091,100024,664,99985,364,100036,100,99971,100,100068,100,99959,400,100076,100,99952,100,100088,100,99947,100,100094,100,99938,100,100109,100,99936,100,100114,100,99913,100,100118,100,99903,100,100126,100,99884,100
2019-06-28 09:35:09.348868542,100024,664,99985,264,100036,100,99971,100,100068,100,99959,400,100076,100,99952,100,100088,100,99947,100,100094,100,99938,100,100109,100,99936,100,100114,100,99913,100,100118,100,99903,100,100126,100,99884,100
2019-06-28 09:35:10.000000000,100024,316,99971,216,100036,216,99959,516,100068,216,99952,216,100076,216,99947,216,100088,100,99938,100,100094,100,99936,100,100109,100,99913,100,100114,100,99903,100,100118,100,99884,100,100126,100,99873,100
2019-06-28 09:35:12.799686290,100024,316,99971,216,100036,216,99959,516,100068,216,99952,216,100076,216,99947,216,100088,100,99938,100,100094,100,99936,100,100109,100,99913,100,100114,100,99903,100,100118,100,99884,100,100126,100,99873,100
2019-06-28 09:35:20.000000000,100024,316,99971,216,100036,216,99959,516,100068,216,99952,216,100076,216,99947,216,100088,100,99938,100,100094,100,99936,100,100109,100,99913,100,100114,100,99903,100,100118,100,99884,100,100126,100,99873,100
2019-06-28 09:35:30.000000000,100024,664,99971,564,100036,100,99959,400,100068,100,99952,100,100076,100,99947,100,100088,100,99938,100,100094,100,99936,100,100109,100,99913,100,100114,100,99903,100,100118,100,99884,100,100126,100,99873,100
2019-06-28 09:35:40.000000000,100024,316,99971,216,100036,216,99959,516,100068,216,99952,216,100076,216,99947,216,100088,100,99938,100,100094,100,99936,100,100109,100,99913,100,100114,100,99903,100,100118,100,99884,100,100126,100,99873,100
2019-06-28 09:35:50.000000000,100024,664,99971,564,100036,100,99959,400,100068,100,99952,100,100076,100,99947,100,100088,100,99938,100,100094,100,99936,100,100109,100,99913,100,100114,100,99903,100,100118,100,99884,100,100126,100,99873,100
2019-06-28 09:36:00.000000000,100024,432,99971,332,100036,332,99959,632,100068,100,99952,100,100076,100,99947,100,100088,100,99938,100,100094,100,99936,100,100109,100,99913,100,100114,100,99903,100,100118,100,99884,100,100126,100,99873,100
2019-06-28 09:36:10.000000000,100024,432,99971,332,100036,332,99959,632,100068,100,99952,100,100076,100,99947,100,100088,100,99938,100,100094,100,99936,100,100109,100,99913,100,100114,100,99903,100,100118,100,99884,100,100126,100,99873,100
2019-06-28 09:36:13.286897026,99985,100,99971,332,100024,432,99959,532,100036,332,99952,100,100068,100,99947,100,100076,100,99938,100,100088,100,99936,100,100094,100,99913,100,100109,100,99903,100,100114,100,99884,100,100118,100,99873,100
2019-06-28 09:36:20.000000000,99985,564,99971,564,100024,200,99959,300,100036,100,99952,100,100068,100,99947,100,100076,100,99938,100,100088,100,99936,100,100094,100,99913,100,100109,100,99903,100,100114,100,99884,100,100118,100,99873,100
2019-06-28 09:36:22.349807236,99985,564,99971,564,100024,200,99959,300,100036,100,99952,100,100068,100,99947,100,100076,100,99938,100,100088,100,99936,100,100094,100,99913,100,100109,100,99903,100,100114,100,99884,100,100118,100,99873,100
2019-06-28 09:36:30.000000000,99985,258,99971,258,100024,353,99959,453,100036,253,99952,253,100068,100,99947,100,100076,100,99938,100,100088,100,99936,100,100094,100,99913,100,100109,100,99903,100,100114,100,99884,100,100118,100,99873,100
2019-06-28 09:36:34.946566674,99985,258,99971,158,100024,353,99959,453,100036,253,99952,253,100068,100,99947,100,100076,100,99938,100,100088,100,99936,100,100094,100,99913,100,100109,100,99903,100,100114,100,99884,100,100118,100,99873,100
2019-06-28 09:36:40.000000000,99985,216,99959,416,100024,316,99952,216,100036,216,99947,216,100068,216,99938,216,100076,100,99936,100,100088,100,99913,100,100094,100,99903,100,100109,100,99884,100,100114,100,99873,100,100118,100,99826,100
2019-06-28 09:36:50.000000000,99985,564,99959,764,100024,200,99952,100,100036,100,99947,100,100068,100,99938,100,100076,100,99936,100,100088,100,99913,100,100094,100,99903,100,100109,100,99884,100,100114,100,99873,100,100118,100,99826,100
2019-06-28 09:37:00.000000000,99985,332,99959,532,100024,432,99952,332,100036,100,99947,100,100068,100,99938,100,100076,100,99936,100,100088,100,99913,100,100094,100,99903,100,100109,100,99884,100,100114,100,99873,100,100118,100,99826,100
2019-06-28 09:37:10.000000000,99985,193,99959,393,100024,293,99952,193,100036,193,99947,193,100068,193,99938,193,100076,193,99936,193,100088,100,99913,100,100094,100,99903,100,100109,100,99884,100,100114,100,99873,100,100118,100,99826,100
2019-06-28 09:37:20.000000000,99985,332,99959,532,100024,432,99952,332,100036,100,99947,100,100068,100,99938,100,100076,100,99936,100,100088,100,99913,100,100094,100,99903,100,100109,100,99884,100,100114,100,99873,100,100118,100,99826,100
2019-06-28 09:37:29.637180440,99985,332,99959,532,100024,432,99952,332,100036,100,99947,100,100068,100,99938,100,100076,100,99936,100,100088,100,99913,100,100094,100,99903,100,100109,100,99884,100,100114,100,99873,100,100118,100,99826,100
2019-06-28 09:37:30.000000000,99985,564,99959,764,100024,200,99952,100,100036,100,99947,100,100068,100,99938,100,100076,100,99936,100,100088,100,99913,100,100094,100,99903,100,100109,100,99884,100,100114,100,99873,100,100118,100,99826,100
2019-06-28 09:37:40.000000000,99985,332,99959,532,100024,432,99952,332,100036,100,99947,100,100068,100,99938,100,100076,100,99936,100,100088,100,99913,100,100094,100,99903,100,100109,100,99884,100,100114,100,99873,100,100118,100,99826,100
2019-06-28 09:37:50.000000000,99985,564,99959,764,100024,200,99952,100,100036,100,99947,100,100068,100,99938,100,100076,100,99936,100,100088,100,99913,100,100094,100,99903,100,100109,100,99884,100,100114,100,99873,100,100118,100,99826,100
2019-06-28 09:38:00.000000000,99985,193,99959,393,100024,293,99952,193,100036,193,99947,193,100068,193,99938,193,100076,193,99936,193,100088,100,99913,100,100094,100,99903,100,100109,100,99884,100,100114,100,99873,100,100118,100,99826,100
2019-06-28 09:38:10.000000000,99985,193,99959,393,100024,293,99952,193,100036,193,99947,193,100068,193,99938,193,100076,193,99936,193,100088,100,99913,100,100094,100,99903,100,100109,100,99884,100,100114,100,99873,100,100118,100,99826,100
2019-06-28 09:38:20.000000000,99985,193,99959,393,100024,293,99952,193,100036,193,99947,193,100068,193,99938,193,100076,193,99936,193,100088,100,99913,100,100094,100,99903,100,100109,100,99884,100,100114,100,99873,100,100118,100,99826,100
2019-06-28 09:38:20.547891420,99985,193,99959,393,100024,293,99952,193,100036,193,99947,193,100068,193,99938,193,100076,193,99936,193,100088,100,99913,100,100094,100,99903,100,100109,100,99884,100,100114,100,99873,100,100118,100,99826,100
2019-06-28 09:38:30.000000000,99985,193,99959,393,100024,293,99952,193,100036,193,99947,193,100068,193,99938,193,100076,193,99936,193,100088,100,99913,100,100094,100,99903,100,100109,100,99884,100,100114,100,99873,100,100118,100,99826,100
2019-06-28 09:38:35.703901948,99984,100,99959,393,99985,193,99952,193,100024,193,99947,193,100036,193,99938,193,100068,193,99936,193,100076,193,99913,100,100088,100,99903,100,100094,100,99884,100,100109,100,99873,100,100114,100,99826,100
2019-06-28 09:38:40.000000000,99984,258,99959,458,99985,253,99952,253,100024,253,99947,253,100036,100,99938,100,100068,100,99936,100,100076,100,99913,100,100088,100,99903,100,100094,100,99884,100,100109,100,99873,100,100114,100,99826,100
2019-06-28 09:38:42.112259076,99984,258,99959,358,99985,253,99952,253,100024,253,99947,253,100036,100,99938,100,100068,100,99936,100,100076,100,99913,100,100088,100,99903,100,100094,100,99884,100,100109,100,99873,100,100114,100,99826,100
2019-06-28 09:38:50.000000000,99984,193,99959,293,99985,193,99952,193,100024,193,99947,193,100036,193,99938,193,100068,193,99936,193,100076,100,99913,100,100088,100,99903,100,100094,100,99884,100,100109,100,99873,100,100114,100,99826,100
2019-06-28 09:38:52.773646984,99971,100,99959,293,99984,193,99952,193,99985,193,99947,193,100024,193,99938,193,100036,193,99936,193,100068,193,99913,100,100076,100,99903,100,100088,100,99884,100,100094,100,99873,100,100109,100,99826,100
2019-06-28 09:39:00.000000000,99971,258,99959,358,99984,253,99952,253,99985,253,99947,253,100024,100,99938,100,100036,100,99936,100,100068,100,99913,100,100076,100,99903,100,100088,100,99884,100,100094,100,99873,100,100109,100,99826,100
2019-06-28 09:39:00.405884334,99971,358,99959,358,99984,253,99952,253,99985,253,99947,253,100024,100,99938,100,100036,100,99936,100,100068,100,99913,100,100076,100,99903,100,100088,100,99884,100,100094,100,99873,100,100109,100,99826,100
2019-06-28 09:39:10.000000000,99971,358,99959,358,99984,253,99952,253,99985,253,99947,253,100024,100,99938,100,100036,100,99936,100,100068,100,99913,100,100076,100,99903,100,100088,100,99884,100,100094,100,99873,100,100109,100,99826,100
2019-06-28 09:39:15.296414851,99971,358,99959,358,99984,253,99952,253,99985,253,99947,253,100024,100,99938,100,100036,100,99936,100,100068,100,99913,100,100076,100,99903,100,100088,100,99884,100,100094,100,99873,100,100109,100,99826,100
2019-06-28 09:39:20.000000000,99971,432,99959,432,99984,332,99952,332,99985,100,99947,100,100024,100,99938,100,100036,100,99936,100,100068,100,99913,100,100076,100,99903,100,100088,100,99884,100,100094,100,99873,100,100109,100,99826,100
2019-06-28 09:39:30.000000000,99971,358,99959,358,99984,253,99952,253,99985,253,99947,253,100024,100,99938,100,100036,100,99936,100,100068,100,99913,100,100076,100,99903,100,100088,100,99884,100,100094,100,99873,100,100109,100,99826,100
2019-06-28 09:39:31.026074029,99971,358,99959,258,99984,253,99952,253,99985,253,99947,253,100024,100,99938,100,100036,100,99936,100,100068,100,99913,100,100076,100,99903,100,100088,100,99884,100,100094,100,99873,100,100109,100,99826,100
2019-06-28 09:39:35.051028037,99971,358,99959,158,99984,253,99952,253,99985,253,99947,253,100024,100,99938,100,100036,100,99936,100,100068,100,99913,100,100076,100,99903,100,100088,100,99884,100,100094,100,99873,100,100109,100,99826,100
2019-06-28 09:39:40.000000000,99971,358,99952,258,99984,253,99947,253,99985,253,99938,253,100024,100,99936,100,100036,100,99913,100,100068,100,99903,100,100076,100,99884,100,100088,100,99873,100,100094,100,99826,100,100109,100,99727,100
2019-06-28 09:39:41.764784995,99971,358,99952,258,99984,253,99947,253,99985,253,99938,253,100024,100,99936,100,100036,100,99913,100,100068,100,99903,100,100076,100,99884,100,100088,100,99873,100,100094,100,99826,100,100109,100,99727,100
2019-06-28 09:39:48.739115566,99971,358,99952,158,99984,253,99947,253,99985,253,99938,253,100024,100,99936,100,100036,100,99913,100,100068,100,99903,100,100076,100,99884,100,100088,100,99873,100,100109,100,99826,100,100114,100,99727,100
2019-06-28 09:39:50.000000000,99971,293,99947,193,99984,193,99938,193,99985,193,99936,193,100024,193,99913,193,100036,193,99903,193,100068,100,99884,100,100076,100,99873,100,100088,100,99826,100,100109,100,99727,100,100114,100,99507,100
2019-06-28 09:39:55.949516863,99971,293,99947,193,99984,193,99938,193,99985,193,99936,193,100024,193,99913,193,100036,193,99903,193,100068,100,99884,100,100076,100,99873,100,100088,100,99826,100,100109,100,99727,100,100114,100,99507,100
2019-06-28 09:40:00.000000000,99971,664,99947,564,99984,100,99938,100,99985,100,99936,100,100024,100,99913,100,100036,100,99903,100,100068,100,99884,100,100076,100,99873,100,100088,100,99826,100,100109,100,99727,100,100114,100,99507,100
2019-06-28 09:40:02.063676005,99971,664,99947,464,99984,100,99938,100,99985,100,99936,100,100024,100,99913,100,100036,100,99903,100,100068,100,99884,100,100076,100,99873,100,100088,100,99826,100,100109,100,99727,100,100114,100,99507,100
2019-06-28 09:40:05.229938717,99952,100,99947,464,99971,664,99938,100,99984,100,99936,100,99985,100,99913,100,100024,100,99903,100,100036,100,99884,100,100068,100,99873,100,100076,100,99826,100,100088,100,99727,100,100109,100,99507,100
2019-06-28 09:40:10.000000000,99952,564,99938,564,99971,200,99936,100,99984,100,99913,100,99985,100,99903,100,100024,100,99884,100,100036,100,99873,100,100068,100,99826,100,100076,100,99727,100,100088,100,99507,100,100109,100,99364,100
2019-06-28 09:40:20.000000000,99952,216,99938,216,99971,316,99936,216,99984,216,99913,216,99985,216,99903,216,100024,100,99884,100,100036,100,99873,100,100068,100,99826,100,100076,100,99727,100,100088,100,99507,100,100109,100,99364,100
2019-06-28 09:40:30.000000000,99952,216,99938,216,99971,316,99936,216,99984,216,99913,216,99985,216,99903,216,100024,100,99884,100,100036,100,99873,100,100068,100,99826,100,100076,100,99727,100,100088,100,99507,100,100109,100,99364,100
2019-06-28 09:40:37.967288544,99952,216,99938,216,99971,316,99936,216,99984,216,99913,216,99985,216,99903,216,100024,100,99884,100,100036,100,99873,100,100068,100,99826,100,100076,100,99727,100,100088,100,99507,100,100109,100,99493,100
2019-06-28 09:40:40.000000000,99952,216,99938,216,99971,316,99936,216,99984,216,99913,216,99985,216,99903,216,100024,100,99884,100,100036,100,99873,100,100068,100,99826,100,100076,100,99727,100,100088,100,99507,100,100109,100,99493,100
2019-06-28 09:40:50.000000000,99952,564,99938,564,99971,200,99936,100,99984,100,99913,100,99985,100,99903,100,100024,100,99884,100,100036,100,99873,100,100068,100,99826,100,100076,100,99727,100,100088,100,99507,100,100109,100,99493,100
2019-06-28 09:40:58.427952196,99952,664,99938,564,99971,200,99936,100,99984,100,99913,100,100024,100,99903,100,100036,100,99884,100,100068,100,99873,100,100076,100,99826,100,100088,100,99727,100,100109,100,99507,100,100114,100,99493,100
2019-06-28 09:41:00.000000000,99952,432,99938,332,99971,432,99936,332,99984,100,99913,100,100024,100,99903,100,100036,100,99884,100,100068,100,99873,100,100076,100,99826,100,100088,100,99727,100,100109,100,99507,100,100114,100,99493,100
2019-06-28 09:41:07.212287219,99952,432,99938,232,99971,432,99936,332,99984,100,99903,100,100024,100,99884,100,100036,100,99873,100,100068,100,99826,100,100076,100,99727,100,100088,100,99507,100,100109,100,99493,100,100114,100,99364,100
2019-06-28 09:41:07.874051171,99947,100,99938,232,99952,432,99936,332,99971,432,99903,100,99984,100,99884,100,100036,100,99873,100,100068,100,99826,100,100076,100,99727,100,100088,100,99507,100,100109,100,99493,100,100114,100,99364,100
2019-06-28 09:41:10.000000000,99947,193,99936,193,99952,293,99903,193,99971,293,99884,193,99984,193,99873,193,100036,193,99826,193,100068,100,99727,100,100076,100,99507,100,100088,100,99493,100,100109,100,99364,100,100114,100,99243,100
2019-06-28 09:41:10.041700658,99947,193,99936,193,99952,293,99903,193,99971,293,99884,193,99984,193,99873,193,100036,193,99826,193,100068,100,99727,100,100076,100,99507,100,100088,100,99493,100,100109,100,99364,100,100114,100,99243,100
2019-06-28 09:41:15.298054463,99947,293,99936,193,99952,293,99903,193,99971,193,99884,193,99984,193,99873,193,100036,193,99826,193,100068,100,99727,100,100076,100,99507,100,100088,100,99493,100,100109,100,99364,100,100114,100,99243,100
2019-06-28 09:41:20.000000000,99947,316,99936,216,99952,316,99903,216,99971,216,99884,216,99984,216,99873,216,100036,100,99826,100,100068,100,99727,100,100076,100,99507,100,100088,100,99493,100,100109,100,99364,100,100114,100,99243,100
2019-06-28 09:41:30.000000000,99947,664,99936,564,99952,200,99903,100,99971,100,99884,100,99984,100,99873,100,100036,100,99826,100,100068,100,99727,100,100076,100,99507,100,100088,100,99493,100,100109,100,99364,100,100114,100,99243,100
2019-06-28 09:41:40.000000000,99947,432,99936,332,99952,432,99903,332,99971,100,99884,100,99984,100,99873,100,100036,100,99826,100,100068,100,99727,100,100076,100,99507,100,100088,100,99493,100,100109,100,99364,100,100114,100,99243,100
2019-06-28 09:41:40.460108101,99947,532,99936,332,99952,432,99903,332,99971,100,99884,100,99984,100,99873,100,100068,100,99826,100,100076,100,99727,100,100088,100,99507,100,100109,100,99493,100,100114,100,99364,100,100118,100,99243,100
2019-06-28 09:41:50.000000000,99947,458,99936,258,99952,353,99903,253,99971,253,99884,253,99984,100,99873,100,100068,100,99826,100,100076,100,99727,100,100088,100,99507,100,100109,100,99493,100,100114,100,99364,100,100118,100,99243,100
2019-06-28 09:41:50.367957988,99947,458,99936,158,99952,353,99903,253,99971,253,99884,253,99984,100,99873,100,100068,100,99826,100,100076,100,99727,100,100088,100,99507,100,100109,100,99493,100,100114,100,99364,100,100118,100,99243,100
2019-06-28 09:41:55.436670431,99947,458,99936,158,99952,353,99903,253,99971,253,99884,253,99984,100,99873,100,100068,100,99826,100,100076,100,99727,100,100088,100,99578,100,100109,100,99507,100,100114,100,99493,100,100118,100,99364,100
2019-06-28 09:42:00.000000000,99947,764,99903,564,99952,200,99884,100,99971,100,99873,100,99984,100,99826,100,100068,100,99727,100,100076,100,99578,100,100088,100,99507,100,100109,100,99493,100,100114,100,99364,100,100118,100,99243,100
2019-06-28 09:42:10.000000000,99947,393,99903,193,99952,293,99884,193,99971,193,99873,193,99984,193,99826,193,100068,193,99727,193,100076,100,99578,100,100088,100,99507,100,100109,100,99493,100,100114,100,99364,100,100118,100,99243,100
2019-06-28 09:42:19.784618705,99938,100,99903,193,99947,393,99884,193,99952,293,99873,193,99971,193,99826,193,99984,193,99727,193,100068,193,99578,100,100076,100,99507,100,100088,100,99493,100,100109,100,99364,100,100114,100,99243,100
2019-06-28 09:42:20.000000000,99938,564,99903,564,99947,300,99884,100,99952,200,99873,100,99971,100,99826,100,99984,100,99727,100,100068,100,99578,100,100076,100,99507,100,100088,100,99493,100,100109,100,99364,100,100114,100,99243,100
2019-06-28 09:42:21.457412932,99938,664,99903,564,99947,300,99884,100,99952,200,99873,100,99971,100,99826,100,99984,100,99727,100,100068,100,99578,100,100076,100,99507,100,100088,100,99493,100,100109,100,99364,100,100114,100,99243,100
2019-06-28 09:42:26.560217390,99938,664,99903,564,99947,300,99888,100,99952,200,99884,100,99971,100,99873,100,99984,100,99826,100,100068,100,99727,100,100076,100,99578,100,100088,100,99507,100,100109,100,99493,100,100114,100,99364,100
2019-06-28 09:42:30.000000000,99938,316,99903,216,99947,416,99888,216,99952,316,99884,216,99971,216,99873,216,99984,100,99826,100,100068,100,99727,100,100076,100,99578,100,100088,100,99507,100,100109,100,99493,100,100114,100,99364,100
2019-06-28 09:42:40.000000000,99938,358,99903,258,99947,453,99888,253,99952,353,99884,253,99971,100,99873,100,99984,100,99826,100,100068,100,99727,100,100076,100,99578,100,100088,100,99507,100,100109,100,99493,100,100114,100,99364,100
2019-06-28 09:42:50.000000000,99938,432,99903,332,99947,532,99888,332,99952,200,99884,100,99971,100,99873,100,99984,100,99826,100,100068,100,99727,100,100076,100,99578,100,100088,100,99507,100,100109,100,99493,100,100114,100,99364,100
2019-06-28 09:42:51.536020840,99938,532,99903,332,99947,532,99888,332,99952,200,99884,100,99971,100,99873,100,99984,100,99826,100,100068,100,99727,100,100076,100,99578,100,100088,100,99507,100,100109,100,99493,100,100114,100,99364,100
2019-06-28 09:43:00.000000000,99938,393,99903,193,99947,393,99888,193,99952,293,99884,193,99971,193,99873,193,99984,193,99826,193,100068,100,99727,100,100076,100,99578,100,100088,100,99507,100,100109,100,99493,100,100114,100,99364,100
2019-06-28 09:43:10.000000000,99938,764,99903,564,99947,300,99888,100,99952,200,99884,100,99971,100,99873,100,99984,100,99826,100,100068,100,99727,100,100076,100,99578,100,100088,100,99507,100,100109,100,99493,100,100114,100,99364,100
2019-06-28 09:43:14.525387283,99938,764,99903,564,99947,300,99888,100,99952,200,99884,100,99971,100,99873,100,99984,100,99826,100,100068,100,99727,100,100088,100,99578,100,100109,100,99527,100,100114,100,99507,100,100118,100,99493,100
2019-06-28 09:43:20.000000000,99938,458,99903,258,99947,453,99888,253,99952,353,99884,253,99971,100,99873,100,99984,100,99826,100,100068,100,99727,100,100088,100,99578,100,100109,100,99527,100,100114,100,99507,100,100118,100,99493,100
2019-06-28 09:43:27.537969575,99938,458,99903,158,99947,453,99888,253,99952,353,99884,253,99971,100,99873,100,99984,100,99826,100,100068,100,99727,100,100088,100,99578,100,100109,100,99527,100,100114,100,99507,100,100118,100,99493,100
2019-06-28 09:43:30.000000000,99938,532,99888,332,99947,532,99884,332,99952,200,99873,100,99971,100,99826,100,99984,100,99727,100,100068,100,99578,100,100088,100,99527,100,100109,100,99507,100,100114,100,99493,100,100118,100,99364,100
2019-06-28 09:43:40.000000000,99938,393,99888,193,99947,393,99884,193,99952,293,99873,193,99971,193,99826,193,99984,193,99727,193,100068,100,99578,100,100088,100,99527,100,100109,100,99507,100,100114,100,99493,100,100118,100,99364,100
2019-06-28 09:43:50.000000000,99938,764,99888,564,99947,300,99884,100,99952,200,99873,100,99971,100,99826,100,99984,100,99727,100,100068,100,99578,100,100088,100,99527,100,100109,100,99507,100,100114,100,99493,100,100118,100,99364,100
2019-06-28 09:43:59.743074579,99938,764,99888,564,99947,300,99884,100,99952,200,99873,100,99971,100,99833,100,99984,100,99826,100,100068,100,99727,100,100088,100,99578,100,100109,100,99527,100,100114,100,99507,100,100118,100,99493,100
2019-06-28 09:44:00.000000000,99938,393,99888,193,99947,393,99884,193,99952,293,99873,193,99971,193,99833,193,99984,193,99826,193,100068,100,99727,100,100088,100,99578,100,100109,100,99527,100,100114,100,99507,100,100118,100,99493,100
2019-06-28 09:44:10.000000000,99938,764,99888,564,99947,300,99884,100,99952,200,99873,100,99971,100,99833,100,99984,100,99826,100,100068,100,99727,100,100088,100,99578,100,100109,100,99527,100,100114,100,99507,100,100118,100,99493,100
2019-06-28 09:44:20.000000000,99938,393,99888,193,99947,393,99884,193,99952,293,99873,193,99971,193,99833,193,99984,193,99826,193,100068,100,99727,100,100088,100,99578,100,100109,100,99527,100,100114,100,99507,100,100118,100,99493,100
2019-06-28 09:44:22.413023164,99938,293,99888,193,99947,393,99884,193,99952,293,99873,193,99971,193,99833,193,99984,193,99826,193,100068,100,99727,100,100088,100,99578,100,100109,100,99527,100,100114,100,99507,100,100118,100,99493,100
2019-06-28 09:44:30.000000000,99938,358,99888,258,99947,453,99884,253,99952,353,99873,253,99971,100,99833,100,99984,100,99826,100,100068,100,99727,100,100088,100,99578,100,100109,100,99527,100,100114,100,99507,100,100118,100,99493,100
2019-06-28 09:44:40.000000000,99938,664,99888,564,99947,300,99884,100,99952,200,99873,100,99971,100,99833,100,99984,100,99826,100,100068,100,99727,100,100088,100,99578,100,100109,100,99527,100,100114,100,99507,100,100118,100,99493,100
2019-06-28 09:44:42.657020266,99938,564,99888,564,99947,300,99884,100,99952,200,99873,100,99971,100,99833,100,99984,100,99826,100,100068,100,99727,100,100088,100,99578,100,100109,100,99527,100,100114,100,99507,100,100118,100,99493,100
2019-06-28 09:44:50.000000000,99938,332,99888,332,99947,532,99884,332,99952,200,99873,100,99971,100,99833,100,99984,100,99826,100,100068,100,99727,100,100088,100,99578,100,100109,100,99527,100,100114,100,99507,100,100118,100,99493,100
2019-06-28 09:45:00.000000000,99938,216,99888,216,99947,416,99884,216,99952,316,99873,216,99971,216,99833,216,99984,100,99826,100,100068,100,99727,100,100088,100,99578,100,100109,100,99527,100,100114,100,99507,100,100118,100,99493,100
2019-06-28 09:45:02.945000778,99938,116,99888,216,99947,416,99884,216,99952,316,99873,216,99971,216,99833,216,99984,100,99826,100,100068,100,99727,100,100088,100,99578,100,100109,100,99527,100,100114,100,99507,100,100118,100,99493,100
2019-06-28 09:45:10.000000000,99947,416,99888,216,99952,316,99884,216,99971,216,99873,216,99984,216,99833,216,100068,100,99826,100,100088,100,99727,100,100109,100,99578,100,100114,100,99527,100,100118,100,99507,100,100126,100,99493,100
2019-06-28 09:45:20.000000000,99947,416,99888,216,99952,316,99884,216,99971,216,99873,216,99984,216,99833,216,100068,100,99826,100,100088,100,99727,100,100109,100,99578,100,100114,100,99527,100,100118,100,99507,100,100126,100,99493,100
2019-06-28 09:45:30.000000000,99947,458,99888,258,99952,353,99884,253,99971,253,99873,253,99984,100,99833,100,100068,100,99826,100,100088,100,99727,100,100109,100,99578,100,100114,100,99527,100,100118,100,99507,100,100126,100,99493,100
2019-06-28 09:45:32.045940469,99947,358,99888,258,99952,353,99884,153,99971,253,99873,253,99984,100,99833,100,100068,100,99826,100,100088,100,99727,100,100109,100,99578,100,100114,100,99527,100,100118,100,99507,100,100126,100,99493,100
2019-06-28 09:45:33.247760698,99947,258,99938,100,99952,353,99888,258,99971,253,99884,153,99984,100,99873,253,100068,100,99833,100,100088,100,99826,100,100109,100,99727,100,100114,100,99578,100,100118,100,99527,100,100126,100,99507,100
2019-06-28 09:45:40.000000000,99947,564,99938,564,99952,200,99888,100,99971,100,99873,100,99984,100,99833,100,100068,100,99826,100,100088,100,99727,100,100109,100,99578,100,100114,100,99527,100,100118,100,99507,100,100126,100,99493,100
2019-06-28 09:45:40.078980642,99947,564,99938,564,99952,200,99888,100,99971,100,99873,100,99984,100,99833,100,100068,100,99727,100,100088,100,99578,100,100109,100,99527,100,100114,100,99507,100,100118,100,99493,100,100126,100,99364,100
2019-06-28 09:45:47.878213003,99947,564,99938,564,99952,200,99888,100,99971,100,99873,100,99984,100,99833,100,100068,100,99727,100,100088,100,99578,100,100109,100,99527,100,100114,100,99507,100,100118,100,99493,100,100126,100,99364,100
2019-06-28 09:45:50.000000000,99947,564,99938,564,99952,200,99888,100,99971,100,99873,100,99984,100,99833,100,100068,100,99727,100,100088,100,99578,100,100109,100,99527,100,100114,100,99507,100,100118,100,99493,100,100126,100,99364,100
2019-06-28 09:46:00.000000000,99947,332,99938,332,99952,432,99888,332,99971,100,99873,100,99984,100,99833,100,100068,100,99727,100,100088,100,99578,100,100109,100,99527,100,100114,100,99507,100,100118,100,99493,100,100126,100,99364,100
2019-06-28 09:46:03.178272684,99947,232,99938,332,99952,432,99888,332,99971,100,99873,100,99984,100,99833,100,100068,100,99727,100,100088,100,99578,100,100109,100,99527,100,100114,100,99507,100,100118,100,99364,100,100126,100,99169,100
2019-06-28 09:46:10.000000000,99952,432,99938,332,99971,332,99888,332,99984,100,99873,100,100068,100,99833,100,100088,100,99727,100,100109,100,99578,100,100114,100,99527,100,100118,100,99507,100,100126,100,99364,100,100137,100,99169,100
2019-06-28 09:46:16.401730304,99952,432,99947,100,99971,332,99938,332,99984,100,99888,332,100068,100,99873,100,100088,100,99833,100,100109,100,99727,100,100114,100,99578,100,100118,100,99527,100,100126,100,99507,100,100137,100,99364,100
2019-06-28 09:46:20.000000000,99952,358,99947,258,99971,253,99938,253,99984,253,99888,253,100068,100,99873,100,100088,100,99833,100,100109,100,99727,100,100114,100,99578,100,100118,100,99527,100,100126,100,99507,100,100137,100,99364,100
2019-06-28 09:46:30.000000000,99952,293,99947,193,99971,193,99938,193,99984,193,99888,193,100068,193,99873,193,100088,193,99833,193,100109,100,99727,100,100114,100,99578,100,100118,100,99527,100,100126,100,99507,100,100137,100,99364,100
2019-06-28 09:46:33.799742426,99952,293,99947,93,99971,193,99938,193,99984,193,99888,193,100068,193,99873,193,100088,193,99833,193,100109,100,99727,100,100114,100,99578,100,100118,100,99527,100,100126,100,99507,100,100137,100,99364,100
2019-06-28 09:46:39.544645904,99952,293,99947,93,99971,193,99938,193,99984,193,99888,193,100068,193,99873,193,100088,193,99833,193,100109,100,99727,100,100114,100,99578,100,100118,100,99527,100,100126,100,99507,100,100137,100,99364,100
2019-06-28 09:46:40.000000000,99952,358,99938,258,99971,253,99888,253,99984,253,99873,253,100068,100,99833,100,100088,100,99727,100,100109,100,99578,100,100114,100,99527,100,100118,100,99507,100,100126,100,99364,100,100137,100,99169,100
2019-06-28 09:46:44.994763526,99952,258,99938,258,99971,253,99888,253,99984,253,99873,253,100068,100,99833,100,100088,100,99727,100,100109,100,99578,100,100114,100,99527,100,100118,100,99507,100,100126,100,99364,100,100137,100,99169,100
2019-06-28 09:46:50.000000000,99952,216,99938,216,99971,216,99888,216,99984,216,99873,216,100068,216,99833,216,100088,100,99727,100,100109,100,99578,100,100114,100,99527,100,100118,100,99507,100,100126,100,99364,100,100137,100,99169,100
2019-06-28 09:46:58.009978099,99952,116,99938,216,99971,216,99888,216,99984,216,99873,216,100068,216,99833,216,100088,100,99727,100,100109,100,99578,100,100114,100,99527,100,100118,100,99507,100,100126,100,99364,100,100137,100,99169,100
2019-06-28 09:47:00.000000000,99971,258,99938,258,99984,253,99888,253,100068,253,99873,253,100088,100,99833,100,100109,100,99727,100,100114,100,99578,100,100118,100,99527,100,100126,100,99507,100,100137,100,99364,100,100143,100,99169,100
2019-06-28 09:47:10.000000000,99971,332,99938,332,99984,332,99888,332,100068,100,99873,100,100088,100,99833,100,100109,100,99727,100,100114,100,99578,100,100118,100,99527,100,100126,100,99507,100,100137,100,99364,100,100143,100,99169,100
2019-06-28 09:47:20.000000000,99971,258,99938,258,99984,253,99888,253,100068,253,99873,253,100088,100,99833,100,100109,100,99727,100,100114,100,99578,100,100118,100,99527,100,100126,100,99507,100,100137,100,99364,100,100143,100,99169,100
2019-06-28 09:47:21.288018689,99971,158,99938,258,99984,253,99888,253,100068,253,99873,253,100088,100,99833,100,100109,100,99727,100,100114,100,99578,100,100118,100,99527,100,100126,100,99507,100,100137,100,99364,100,100143,100,99169,100
2019-06-28 09:47:30.000000000,99984,258,99938,258,100068,253,99888,253,100088,253,99873,253,100109,100,99833,100,100114,100,99727,100,100118,100,99578,100,100126,100,99527,100,100137,100,99507,100,100143,100,99364,100,100156,100,99169,100
2019-06-28 09:47:30.665076507,99984,258,99952,100,100068,253,99938,258,100088,253,99888,253,100109,100,99873,253,100114,100,99833,100,100118,100,99727,100,100126,100,99578,100,100137,100,99527,100,100143,100,99507,100,100156,100,99364,100
2019-06-28 09:47:40.000000000,99984,332,99952,332,100068,332,99938,332,100088,100,99888,100,100109,100,99873,100,100114,100,99833,100,100118,100,99727,100,100126,100,99578,100,100137,100,99527,100,100143,100,99507,100,100156,100,99364,100
2019-06-28 09:47:47.944406823,99984,332,99952,432,100068,332,99938,332,100088,100,99888,100,100109,100,99873,100,100114,100,99833,100,100118,100,99727,100,100126,100,99578,100,100137,100,99527,100,100143,100,99507,100,100156,100,99364,100
2019-06-28 09:47:50.000000000,99984,258,99952,358,100068,253,99938,253,100088,253,99888,253,100109,100,99873,100,100114,100,99833,100,100118,100,99727,100,100126,100,99578,100,100137,100,99527,100,100143,100,99507,100,100156,100,99364,100
2019-06-28 09:47:52.982082537,99984,258,99952,358,100068,253,99938,253,100088,253,99888,253,100109,100,99873,100,100114,100,99833,100,100118,100,99727,100,100126,100,99578,100,100137,100,99527,100,100143,100,99507,100,100156,100,99364,100
2019-06-28 09:47:53.736213142,99984,258,99952,458,100068,253,99938,253,100088,253,99888,253,100109,100,99873,100,100114,100,99833,100,100118,100,99727,100,100126,100,99578,100,100137,100,99527,100,100143,100,99507,100,100156,100,99364,100
2019-06-28 09:48:00.000000000,99984,258,99952,458,100068,253,99938,253,100088,253,99888,253,100109,100,99873,100,100114,100,99833,100,100118,100,99727,100,100126,100,99578,100,100137,100,99527,100,100143,100,99507,100,100156,100,99364,100
2019-06-28 09:48:00.775733787,99984,258,99952,458,100068,253,99938,253,100088,253,99888,253,100109,100,99873,100,100114,100,99833,100,100118,100,99727,100,100126,100,99578,100,100137,100,99527,100,100143,100,99507,100,100156,100,99364,100
2019-06-28 09:48:03.538017761,99984,158,99952,458,100068,253,99938,253,100088,253,99888,253,100109,100,99873,100,100114,100,99833,100,100118,100,99727,100,100126,100,99578,100,100137,100,99527,100,100143,100,99507,100,100156,100,99364,100
2019-06-28 09:48:08.773255290,99984,158,99971,100,100068,253,99952,458,100088,253,99938,253,100109,100,99888,253,100114,100,99873,100,100118,100,99833,100,100126,100,99727,100,100137,100,99578,100,100143,100,99527,100,100156,100,99507,100
2019-06-28 09:48:10.000000000,100068,258,99971,258,100088,253,99952,453,100109,253,99938,253,100114,100,99888,100,100118,100,99873,100,100126,100,99833,100,100137,100,99727,100,100143,100,99578,100,100156,100,99527,100,100199,100,99507,100
2019-06-28 09:48:14.311532423,100068,158,99971,258,100088,253,99952,453,100109,253,99938,253,100114,100,99888,100,100118,100,99873,100,100126,100,99727,100,100137,100,99578,100,100143,100,99527,100,100156,100,99507,100,100199,100,99364,100
2019-06-28 09:48:20.000000000,100088,193,99971,193,100109,193,99952,393,100114,193,99938,193,100118,193,99888,193,100126,193,99873,193,100137,100,99727,100,100143,100,99578,100,100156,100,99527,100,100199,100,99507,100,100204,100,99364,100
2019-06-28 09:48:30.000000000,100088,193,99971,193,100109,193,99952,393,100114,193,99938,193,100118,193,99888,193,100126,193,99873,193,100137,100,99727,100,100143,100,99578,100,100156,100,99527,100,100199,100,99507,100,100204,100,99364,100
2019-06-28 09:48:40.000000000,100088,216,99971,216,100109,216,99952,416,100114,216,99938,216,100118,216,99888,216,100126,100,99873,100,100137,100,99727,100,100143,100,99578,100,100156,100,99527,100,100199,100,99507,100,100204,100,99364,100
2019-06-28 09:48:50.000000000,100088,564,99971,564,100109,100,99952,300,100114,100,99938,100,100118,100,99888,100,100126,100,99873,100,100137,100,99727,100,100143,100,99578,100,100156,100,99527,100,100199,100,99507,100,100204,100,99364,100
2019-06-28 09:48:50.662606677,100088,464,99971,564,100109,100,99952,300,100114,100,99938,100,100118,100,99888,100,100126,100,99873,100,100137,100,99727,100,100143,100,99578,100,100156,100,99527,100,100199,100,99507,100,100204,100,99364,100
2019-06-28 09:49:00.000000000,100109,193,99971,193,100114,193,99952,393,100118,193,99938,193,100126,193,99888,193,100137,193,99873,193,100143,100,99727,100,100156,100,99578,100,100199,100,99527,100,100204,100,99507,100,100242,100,99364,100
2019-06-28 09:49:04.809012122,99999,100,99971,193,100109,193,99952,393,100114,193,99938,193,100118,193,99888,193,100126,193,99873,193,100137,193,99727,100,100143,100,99578,100,100156,100,99527,100,100199,100,99507,100,100204,100,99364,100
2019-06-28 09:49:06.874144945,100109,193,99971,193,100114,193,99952,393,100118,193,99938,193,100126,193,99888,193,100137,193,99873,193,100143,100,99727,100,100156,100,99527,100,100199,100,99507,100,100204,100,99364,100,100242,100,99169,100
2019-06-28 09:49:10.000000000,100109,332,99971,332,100114,332,99952,532,100118,100,99938,100,100126,100,99888,100,100137,100,99873,100,100143,100,99727,100,100156,100,99527,100,100199,100,99507,100,100204,100,99364,100,100242,100,99169,100
2019-06-28 09:49:12.303434554,100109,332,99971,332,100114,332,99952,532,100118,100,99938,100,100126,100,99888,100,100137,100,99873,100,100143,100,99727,100,100156,100,99527,100,100163,100,99507,100,100199,100,99364,100,100204,100,99169,100
2019-06-28 09:49:20.000000000,100109,258,99971,258,100114,253,99952,453,100118,253,99938,253,100126,100,99888,100,100137,100,99873,100,100143,100,99727,100,100156,100,99527,100,100163,100,99507,100,100199,100,99364,100,100204,100,99169,100
2019-06-28 09:49:26.219127813,100109,258,99971,158,100114,253,99952,453,100118,253,99938,253,100126,100,99888,100,100137,100,99873,100,100143,100,99727,100,100156,100,99527,100,100163,100,99507,100,100199,100,99364,100,100204,100,99169,100
2019-06-28 09:49:30.000000000,100109,193,99952,393,100114,193,99938,193,100118,193,99888,193,100126,193,99873,193,100137,193,99727,193,100143,100,99527,100,100156,100,99507,100,100163,100,99364,100,100199,100,99169,100,100204,100,99000,100
2019-06-28 09:49:40.000000000,100109,193,99952,393,100114,193,99938,193,100118,193,99888,193,100126,193,99873,193,100137,193,99727,193,100143,100,99527,100,100156,100,99507,100,100163,100,99364,100,100199,100,99169,100,100204,100,99000,100
2019-06-28 09:49:47.958163941,100109,193,100053,100,100114,193,99952,393,100118,193,99938,193,100126,193,99888,193,100137,193,99873,193,100143,100,99727,193,100156,100,99527,100,100163,100,99507,100,100199,100,99364,100,100204,100,99169,100
2019-06-28 09:49:48.333005893,100109,193,100053,100,100114,193,99972,100,100118,193,99952,393,100126,193,99938,193,100137,193,99888,193,100143,100,99873,193,100156,100,99727,193,100163,100,99527,100,100199,100,99507,100,100204,100,99364,100
2019-06-28 09:49:49.970509901,100109,193,100053,100,100114,193,99972,100,100118,193,99952,393,100126,193,99938,193,100137,193,99888,193,100143,100,99873,193,100156,100,99727,193,100163,100,99527,100,100199,100,99507,100,100242,100,99364,100
2019-06-28 09:49:50.000000000,100109,258,100053,258,100114,253,99972,253,100118,253,99952,453,100126,100,99938,100,100137,100,99888,100,100143,100,99873,100,100156,100,99727,100,100163,100,99527,100,100199,100,99507,100,100242,100,99364,100
2019-06-28 09:49:55.744291047,100109,258,100053,258,100114,253,100019,100,100118,253,99972,253,100126,100,99952,453,100137,100,99938,100,100143,100,99888,100,100156,100,99873,100,100163,100,99727,100,100199,100,99527,100,100242,100,99364,100
2019-06-28 09:50:00.000000000,100109,332,100053,332,100114,332,100019,332,100118,100,99972,100,100126,100,99952,300,100137,100,99938,100,100143,100,99888,100,100156,100,99873,100,100163,100,99727,100,100199,100,99527,100,100242,100,99364,100
2019-06-28 09:50:10.000000000,100109,193,100053,193,100114,193,100019,193,100118,193,99972,193,100126,193,99952,393,100137,193,99938,193,100143,100,99888,100,100156,100,99873,100,100163,100,99727,100,100199,100,99527,100,100242,100,99364,100
2019-06-28 09:50:10.717050330,100077,100,100053,193,100109,193,100019,193,100114,193,99972,193,100118,193,99952,393,100126,193,99938,193,100137,193,99888,100,100156,100,99873,100,100163,100,99727,100,100199,100,99527,100,100242,100,99364,100
2019-06-28 09:50:20.000000000,100077,258,100053,258,100109,253,100019,253,100114,253,99972,253,100118,100,99952,300,100126,100,99938,100,100137,100,99888,100,100156,100,99873,100,100163,100,99727,100,100199,100,99527,100,100242,100,99364,100
2019-06-28 09:50:30.000000000,100077,258,100053,258,100109,253,100019,253,100114,253,99972,253,100118,100,99952,300,100126,100,99938,100,100137,100,99888,100,100156,100,99873,100,100163,100,99727,100,100199,100,99527,100,100242,100,99364,100
2019-06-28 09:50:40.000000000,100077,216,100053,216,100109,216,100019,216,100114,216,99972,216,100118,216,99952,416,100126,100,99938,100,100137,100,99888,100,100156,100,99873,100,100163,100,99727,100,100199,100,99527,100,100242,100,99364,100
2019-06-28 09:50:50.000000000,100077,332,100053,332,100109,332,100019,332,100114,100,99972,100,100118,100,99952,300,100126,100,99938,100,100137,100,99888,100,100156,100,99873,100,100163,100,99727,100,100199,100,99527,100,100242,100,99364,100
2019-06-28 09:51:00.000000000,100077,216,100053,216,100109,216,100019,216,100114,216,99972,216,100118,216,99952,416,100126,100,99938,100,100137,100,99888,100,100156,100,99873,100,100163,100,99727,100,100199,100,99527,100,100242,100,99364,100
2019-06-28 09:51:10.000000000,100077,193,100053,193,100109,193,100019,193,100114,193,99972,193,100118,193,99952,393,100126,193,99938,193,100137,100,99888,100,100156,100,99873,100,100163,100,99727,100,100199,100,99527,100,100242,100,99364,100
2019-06-28 09:51:20.000000000,100077,332,100053,332,100109,332,100019,332,100114,100,99972,100,100118,100,99952,300,100126,100,99938,100,100137,100,99888,100,100156,100,99873,100,100163,100,99727,100,100199,100,99527,100,100242,100,99364,100
2019-06-28 09:51:30.000000000,100077,193,100053,193,100109,193,100019,193,100114,193,99972,193,100118,193,99952,393,100126,193,99938,193,100137,100,99888,100,100156,100,99873,100,100163,100,99727,100,100199,100,99527,100,100242,100,99364,100
2019-06-28 09:51:30.483527598,100077,193,100053,193,100109,193,100019,193,100114,193,99972,193,100118,193,99952,393,100126,193,99938,193,100137,100,99888,100,100156,100,99873,100,100163,100,99727,100,100199,100,99695,100,100242,100,99364,100
2019-06-28 09:51:40.000000000,100077,216,100053,216,100109,216,100019,216,100114,216,99972,216,100118,216,99952,416,100126,100,99938,100,100137,100,99888,100,100156,100,99873,100,100163,100,99727,100,100199,100,99695,100,100242,100,99364,100
2019-06-28 09:51:50.000000000,100077,564,100053,564,100109,100,100019,100,100114,100,99972,100,100118,100,99952,300,100126,100,99938,100,100137,100,99888,100,100156,100,99873,100,100163,100,99727,100,100199,100,99695,100,100242,100,99364,100
2019-06-28 09:52:00.000000000,100077,258,100053,258,100109,253,100019,253,100114,253,99972,253,100118,100,99952,300,100126,100,99938,100,100137,100,99888,100,100156,100,99873,100,100163,100,99727,100,100199,100,99695,100,100242,100,99364,100
2019-06-28 09:52:00.895691030,100077,258,100053,158,100109,253,100019,253,100114,253,99972,253,100118,100,99952,300,100126,100,99938,100,100137,100,99888,100,100156,100,99873,100,100163,100,99727,100,100199,100,99695,100,100242,100,99364,100
2019-06-28 09:52:06.062553756,100077,258,100053,158,100109,253,100019,253,100114,253,99972,253,100118,100,99952,300,100126,100,99938,100,100156,100,99888,100,100163,100,99873,100,100167,100,99727,100,100199,100,99695,100,100242,100,99364,100
2019-06-28 09:52:10.000000000,100077,564,100019,564,100109,100,99972,100,100114,100,99952,300,100118,100,99938,100,100126,100,99888,100,100156,100,99873,100,100163,100,99727,100,100167,100,99695,100,100199,100,99364,100,100242,100,99169,100
2019-06-28 09:52:20.000000000,100077,564,100019,564,100109,100,99972,100,100114,100,99952,300,100118,100,99938,100,100126,100,99888,100,100156,100,99873,100,100163,100,99727,100,100167,100,99695,100,100199,100,99364,100,100242,100,99169,100
2019-06-28 09:52:27.963548696,100053,100,100019,564,100077,564,99972,100,100109,100,99952,300,100114,100,99938,100,100118,100,99888,100,100126,100,99873,100,100156,100,99727,100,100163,100,99695,100,100167,100,99364,100,100199,100,99169,100
2019-06-28 09:52:30.000000000,100053,193,100019,193,100077,193,99972,193,100109,193,99952,393,100114,193,99938,193,100118,193,99888,193,100126,100,99873,100,100156,100,99727,100,100163,100,99695,100,100167,100,99364,100,100199,100,99169,100
2019-06-28 09:52:40.000000000,100053,332,100019,332,100077,332,99972,332,100109,100,99952,300,100114,100,99938,100,100118,100,99888,100,100126,100,99873,100,100156,100,99727,100,100163,100,99695,100,100167,100,99364,100,100199,100,99169,100
2019-06-28 09:52:50.000000000,100053,193,100019,193,100077,193,99972,193,100109,193,99952,393,100114,193,99938,193,100118,193,99888,193,100126,100,99873,100,100156,100,99727,100,100163,100,99695,100,100167,100,99364,100,100199,100,99169,100
2019-06-28 09:52:56.249822069,100053,193,100019,93,100077,193,99972,193,100109,193,99952,393,100114,193,99938,193,100118,193,99888,193,100126,100,99873,100,100156,100,99727,100,100163,100,99695,100,100167,100,99364,100,100199,100,99169,100
2019-06-28 09:53:00.000000000,100053,216,99972,216,100077,216,99952,416,100109,216,99938,216,100114,216,99888,216,100118,100,99873,100,100126,100,99727,100,100156,100,99695,100,100163,100,99364,100,100167,100,99169,100,100199,100,99000,100
2019-06-28 09:53:01.517914554,100052,100,99972,216,100053,216,99952,416,100077,216,99938,216,100109,216,99888,216,100114,216,99873,100,100118,100,99727,100,100126,100,99695,100,100156,100,99364,100,100163,100,99169,100,100167,100,99000,100
2019-06-28 09:53:10.000000000,100052,564,99972,564,100053,100,99952,300,100077,100,99938,100,100109,100,99888,100,100114,100,99873,100,100118,100,99727,100,100126,100,99695,100,100156,100,99364,100,100163,100,99169,100,100167,100,99000,100
2019-06-28 09:53:20.000000000,100052,332,99972,332,100053,332,99952,532,100077,100,99938,100,100109,100,99888,100,100114,100,99873,100,100118,100,99727,100,100126,100,99695,100,100156,100,99364,100,100163,100,99169,100,100167,100,99000,100
2019-06-28 09:53:26.980005906,100052,332,99972,232,100053,332,99952,532,100077,100,99938,100,100114,100,99888,100,100118,100,99873,100,100126,100,99727,100,100156,100,99695,100,100163,100,99364,100,100167,100,99169,100,100199,100,99000,100
2019-06-28 09:53:30.000000000,100052,332,99952,532,100053,332,99938,332,100077,100,99888,100,100114,100,99873,100,100118,100,99727,100,100126,100,99695,100,100156,100,99364,100,100163,100,99169,100,100167,100,99000,100,100199,100,,
2019-06-28 09:53:38.773059545,100052,332,99952,532,100053,332,99938,332,100077,100,99888,100,100114,100,99873,100,100118,100,99727,100,100126,100,99695,100,100156,100,99364,100,100163,100,99238,100,100167,100,99000,100,100199,100,,
2019-06-28 09:53:40.000000000,100052,564,99952,764,100053,100,99938,100,100077,100,99888,100,100114,100,99873,100,100118,100,99727,100,100126,100,99695,100,100156,100,99364,100,100163,100,99238,100,100167,100,99000,100,100199,100,,
2019-06-28 09:53:47.400111247,100019,100,99952,664,100052,564,99938,100,100053,100,99888,100,100077,100,99873,100,100114,100,99727,100,100118,100,99695,100,100126,100,99364,100,100156,100,99238,100,100163,100,99000,100,100167,100,,
2019-06-28 09:53:49.636748151,100019,200,99952,664,100052,564,99938,100,100053,100,99888,100,100077,100,99873,100,100114,100,99727,100,100118,100,99695,100,100126,100,99364,100,100156,100,99238,100,100163,100,99000,100,100167,100,,
2019-06-28 09:53:50.000000000,100019,432,99952,432,100052,332,99938,332,100053,100,99888,100,100077,100,99873,100,100114,100,99727,100,100118,100,99695,100,100126,100,99364,100,100156,100,99238,100,100163,100,99000,100,100167,100,,
2019-06-28 09:53:52.191619641,100019,432,99952,332,100052,332,99938,332,100053,100,99888,100,100077,100,99873,100,100114,100,99727,100,100118,100,99695,100,100126,100,99364,100,100156,100,99238,100,100163,100,99000,100,100167,100,,
2019-06-28 09:54:00.000000000,100019,432,99952,332,100052,332,99938,332,100053,100,99888,100,100077,100,99873,100,100114,100,99727,100,100118,100,99695,100,100126,100,99364,100,100156,100,99238,100,100163,100,99000,100,100167,100,,
2019-06-28 09:54:02.228859258,100019,432,99952,332,100052,332,99938,332,100053,100,99888,100,100077,100,99873,100,100114,100,99727,100,100118,100,99695,100,100126,100,99364,100,100156,100,99296,100,100163,100,99238,100,100167,100,99000,100
2019-06-28 09:54:10.000000000,100019,293,99952,193,100052,193,99938,193,100053,193,99888,193,100077,193,99873,193,100114,193,99727,193,100118,100,99695,100,100126,100,99364,100,100156,100,99296,100,100163,100,99238,100,100167,100,99000,100
2019-06-28 09:54:10.031673213,100019,293,99952,93,100052,193,99938,193,100053,193,99888,193,100077,193,99873,193,100114,193,99727,193,100118,100,99695,100,100126,100,99364,100,100156,100,99296,100,100163,100,99238,100,100167,100,99000,100
2019-06-28 09:54:20.000000000,100019,358,99938,258,100052,253,99888,253,100053,253,99873,253,100077,100,99727,100,100114,100,99695,100,100118,100,99364,100,100126,100,99296,100,100156,100,99238,100,100163,100,99000,100,100167,100,,
2019-06-28 09:54:20.971877956,100019,358,99938,158,100052,253,99888,253,100053,253,99873,253,100077,100,99727,100,100114,100,99695,100,100118,100,99364,100,100126,100,99296,100,100156,100,99238,100,100163,100,99000,100,100167,100,,
2019-06-28 09:54:21.331487245,99952,100,99938,158,100019,258,99888,253,100052,253,99873,253,100053,253,99727,100,100077,100,99695,100,100114,100,99364,100,100118,100,99296,100,100126,100,99238,100,100156,100,99000,100,100163,100,,
2019-06-28 09:54:23.126775741,99952,100,99938,58,100019,258,99888,253,100052,253,99873,253,100053,253,99727,100,100077,100,99695,100,100114,100,99364,100,100118,100,99296,100,100126,100,99238,100,100156,100,99000,100,100163,100,,
2019-06-28 09:54:30.000000000,99952,332,99888,332,100019,332,99873,332,100052,100,99727,100,100053,100,99695,100,100077,100,99364,100,100114,100,99296,100,100118,100,99238,100,100126,100,99000,100,100156,100,,,100163,100,,
2019-06-28 09:54:39.663664083,99952,332,99888,332,100019,332,99873,332,100052,100,99727,100,100053,100,99695,100,100077,100,99296,100,100114,100,99238,100,100118,100,99000,100,100126,100,98959,100,100156,100,,,100163,100,,
2019-06-28 09:54:40.000000000,99952,332,99888,332,100019,332,99873,332,100052,100,99727,100,100053,100,99695,100,100077,100,99296,100,100114,100,99238,100,100118,100,99000,100,100126,100,98959,100,100156,100,,,100163,100,,
2019-06-28 09:54:50.000000000,99952,216,99888,216,100019,216,99873,216,100052,216,99727,216,100053,216,99695,216,100077,100,99296,100,100114,100,99238,100,100118,100,99000,100,100126,100,98959,100,100156,100,,,100163,100,,
2019-06-28 09:54:55.899938063,99938,100,99888,216,99952,216,99873,216,100019,216,99727,216,100052,216,99695,216,100053,216,99296,100,100077,100,99238,100,100114,100,99000,100,100118,100,98959,100,100126,100,,,100156,100,,
2019-06-28 09:55:00.000000000,99938,216,99888,216,99952,216,99873,216,100019,216,99727,216,100052,216,99695,216,100053,100,99296,100,100077,100,99238,100,100114,100,99000,100,100118,100,98959,100,100126,100,,,100156,100,,
2019-06-28 09:55:09.627166521,99938,216,99888,216,99952,216,99873,216,100019,216,99727,216,100052,216,99695,216,100053,100,99515,100,100077,100,99296,100,100114,100,99238,100,100118,100,99000,100,100126,100,98959,100,100156,100,,
2019-06-28 09:55:10.000000000,99938,332,99888,332,99952,332,99873,332,100019,100,99727,100,100052,100,99695,100,100053,100,99515,100,100077,100,99296,100,100114,100,99238,100,100118,100,99000,100,100126,100,98959,100,100156,100,,
2019-06-28 09:55:20.000000000,99938,216,99888,216,99952,216,99873,216,100019,216,99727,216,100052,216,99695,216,100053,100,99515,100,100077,100,99296,100,100114,100,99238,100,100118,100,99000,100,100126,100,98959,100,100156,100,,
2019-06-28 09:55:30.000000000,99938,193,99888,193,99952,193,99873,193,100019,193,99727,193,100052,193,99695,193,100053,193,99515,193,100077,100,99296,100,100114,100,99238,100,100118,100,99000,100,100126,100,98959,100,100156,100,,
2019-06-28 09:55:31.178471521,99938,193,99888,93,99952,193,99873,193,100019,193,99727,193,100052,193,99695,193,100053,193,99515,193,100114,100,99296,100,100118,100,99238,100,100126,100,99000,100,100156,100,98959,100,100163,100,,
2019-06-28 09:55:33.181221938,99938,193,99888,93,99952,193,99873,193,100019,193,99727,193,100052,193,99695,193,100053,193,99515,193,100114,100,99400,100,100118,100,99296,100,100126,100,99238,100,100156,100,99000,100,100163,100,98959,100
2019-06-28 09:55:40.000000000,99938,216,99873,216,99952,216,99727,216,100019,216,99695,216,100052,216,99515,216,100053,100,99400,100,100114,100,99296,100,100118,100,99238,100,100126,100,99000,100,100156,100,98959,100,100163,100,,
2019-06-28 09:55:44.174074503,99937,100,99873,216,99938,216,99727,216,99952,216,99695,216,100019,216,99515,216,100052,216,99400,100,100053,100,99296,100,100114,100,99238,100,100118,100,99000,100,100126,100,98959,100,100156,100,,
2019-06-28 09:55:50.000000000,99937,258,99873,258,99938,253,99727,253,99952,253,99695,253,100019,100,99515,100,100052,100,99400,100,100053,100,99296,100,100114,100,99238,100,100118,100,99000,100,100126,100,98959,100,100156,100,,
2019-06-28 09:55:52.580128130,99937,358,99873,258,99938,253,99727,253,99952,253,99695,253,100019,100,99515,100,100052,100,99400,100,100053,100,99296,100,100114,100,99238,100,100118,100,99000,100,100126,100,98959,100,100156,100,,
2019-06-28 09:56:00.000000000,99937,316,99873,216,99938,216,99727,216,99952,216,99695,216,100019,216,99515,216,100052,100,99400,100,100053,100,99296,100,100114,100,99238,100,100118,100,99000,100,100126,100,98959,100,100156,100,,
2019-06-28 09:56:01.525494426,99937,316,99873,116,99938,216,99727,216,99952,216,99695,216,100019,216,99515,216,100052,100,99400,100,100053,100,99296,100,100114,100,99238,100,100118,100,99000,100,100126,100,98959,100,100156,100,,
2019-06-28 09:56:10.000000000,99937,432,99727,332,99938,332,99695,332,99952,100,99515,100,100019,100,99400,100,100052,100,99296,100,100053,100,99238,100,100114,100,99000,100,100118,100,98959,100,100126,100,,,100156,100,,
2019-06-28 09:56:19.125248256,99937,432,99727,232,99938,332,99695,332,99952,100,99515,100,100019,100,99400,100,100052,100,99296,100,100053,100,99238,100,100114,100,99000,100,100118,100,98959,100,100126,100,,,100156,100,,
2019-06-28 09:56:20.000000000,99937,432,99695,332,99938,332,99515,332,99952,100,99400,100,100019,100,99296,100,100052,100,99238,100,100053,100,99000,100,100114,100,98959,100,100118,100,,,100126,100,,,100156,100,,
2019-06-28 09:56:30.000000000,99937,664,99695,564,99938,100,99515,100,99952,100,99400,100,100019,100,99296,100,100052,100,99238,100,100053,100,99000,100,100114,100,98959,100,100118,100,,,100126,100,,,100156,100,,
2019-06-28 09:56:40.000000000,99937,358,99695,258,99938,253,99515,253,99952,253,99400,253,100019,100,99296,100,100052,100,99238,100,100053,100,99000,100,100114,100,98959,100,100118,100,,,100126,100,,,100156,100,,
2019-06-28 09:56:46.425782782,99937,358,99695,258,99938,253,99515,253,99952,253,99400,253,100019,100,99296,100,100052,100,99238,100,100053,100,99000,100,100114,100,98971,100,100118,100,98959,100,100126,100,,,100156,100,,
2019-06-28 09:56:50.000000000,99937,664,99695,564,99938,100,99515,100,99952,100,99400,100,100019,100,99296,100,100052,100,99238,100,100053,100,99000,100,100114,100,98971,100,100118,100,98959,100,100126,100,,,100156,100,,
2019-06-28 09:56:57.872592353,99937,664,99695,464,99938,100,99515,100,99952,100,99400,100,100019,100,99296,100,100052,100,99238,100,100053,100,98971,100,100114,100,98959,100,100118,100,,,100126,100,,,100156,100,,
2019-06-28 09:57:00.000000000,99937,664,99515,564,99938,100,99400,100,99952,100,99296,100,100019,100,99238,100,100052,100,98971,100,100053,100,98959,100,100114,100,,,100118,100,,,100126,100,,,100156,100,,
2019-06-28 09:57:01.760256274,99937,664,99515,564,99938,100,99400,100,99952,100,99296,100,100019,100,99238,100,100052,100,99215,100,100053,100,98971,100,100114,100,98959,100,100118,100,,,100126,100,,,100156,100,,
2019-06-28 09:57:10.000000000,99937,432,99515,332,99938,332,99400,332,99952,100,99296,100,100019,100,99238,100,100052,100,99215,100,100053,100,98971,100,100114,100,98959,100,100118,100,,,100126,100,,,100156,100,,
2019-06-28 09:57:19.743603337,99727,100,99515,332,99937,432,99400,332,99938,332,99296,100,99952,100,99238,100,100019,100,99215,100,100052,100,98971,100,100053,100,98959,100,100114,100,,,100118,100,,,100126,100,,
2019-06-28 09:57:20.000000000,99727,193,99515,193,99937,293,99400,193,99938,193,99296,193,99952,193,99238,193,100019,193,99215,193,100052,100,98971,100,100053,100,98959,100,100114,100,,,100118,100,,,100126,100,,
2019-06-28 09:57:30.000000000,99727,193,99515,193,99937,293,99400,193,99938,193,99296,193,99952,193,99238,193,100019,193,99215,193,100052,100,98971,100,100053,100,98959,100,100114,100,,,100118,100,,,100126,100,,
2019-06-28 09:57:40.000000000,99727,193,99515,193,99937,293,99400,193,99938,193,99296,193,99952,193,99238,193,100019,193,99215,193,100052,100,98971,100,100053,100,98959,100,100114,100,,,100118,100,,,100126,100,,
2019-06-28 09:57:40.816262413,99727,193,99515,193,99937,293,99400,193,99938,193,99296,193,99952,193,99238,193,100019,193,99215,193,100052,100,98971,100,100053,100,98959,100,100114,100,,,100118,100,,,100126,100,,
2019-06-28 09:57:50.000000000,99727,564,99515,564,99937,200,99400,100,99938,100,99296,100,99952,100,99238,100,100019,100,99215,100,100052,100,98971,100,100053,100,98959,100,100114,100,,,100118,100,,,100126,100,,
2019-06-28 09:57:54.991419616,99727,564,99515,464,99937,200,99400,100,99938,100,99296,100,99952,100,99238,100,100019,100,99215,100,100052,100,98971,100,100053,100,98959,100,100114,100,,,100118,100,,,100126,100,,
2019-06-28 09:58:00.000000000,99727,216,99400,216,99937,316,99296,216,99938,216,99238,216,99952,216,99215,216,100019,100,98971,100,100052,100,98959,100,100053,100,,,100114,100,,,100118,100,,,100126,100,,
2019-06-28 09:58:10.000000000,99727,258,99400,258,99937,353,99296,253,99938,253,99238,253,99952,100,99215,100,100019,100,98971,100,100052,100,98959,100,100053,100,,,100114,100,,,100118,100,,,100126,100,,
2019-06-28 09:58:15.056057283,99727,258,99400,158,99937,353,99296,253,99938,253,99238,253,99952,100,99215,100,100019,100,98959,100,100052,100,,,100053,100,,,100114,100,,,100118,100,,,100126,100,,
2019-06-28 09:58:20.000000000,99727,332,99296,332,99937,432,99238,332,99938,100,99215,100,99952,100,98959,100,100019,100,,,100052,100,,,100053,100,,,100114,100,,,100118,100,,,100126,100,,
2019-06-28 09:58:23.821691646,99727,332,99296,332,99937,432,99243,100,99938,100,99238,332,99952,100,99215,100,100019,100,98959,100,100052,100,,,100053,100,,,100114,100,,,100118,100,,,100126,100,,
2019-06-28 09:58:25.151621698,99727,332,99296,332,99937,432,99243,100,99938,100,99238,332,99952,100,99215,100,100019,100,99104,100,100052,100,98959,100,100053,100,,,100114,100,,,100118,100,,,100126,100,,
2019-06-28 09:58:30.000000000,99727,258,99296,258,99937,353,99243,253,99938,253,99238,253,99952,100,99215,100,100019,100,99104,100,100052,100,98959,100,100053,100,,,100114,100,,,100118,100,,,100126,100,,
2019-06-28 09:58:35.262301775,99727,258,99296,258,99937,353,99243,253,99938,253,99238,253,99952,100,99215,100,100019,100,99116,100,100052,100,99104,100,100053,100,98959,100,100114,100,,,100126,100,,,100167,100,,
2019-06-28 09:58:40.000000000,99727,258,99296,258,99937,353,99243,253,99938,253,99238,253,99952,100,99215,100,100019,100,99116,100,100052,100,99104,100,100053,100,98959,100,100114,100,,,100126,100,,,100167,100,,
2019-06-28 09:58:46.207044437,99339,100,99296,258,99727,258,99243,253,99937,353,99238,253,99938,253,99215,100,99952,100,99116,100,100019,100,99104,100,100052,100,98959,100,100053,100,,,100114,100,,,100126,100,,
2019-06-28 09:58:50.000000000,99339,332,99296,332,99727,332,99243,332,99937,200,99238,100,99938,100,99215,100,99952,100,99116,100,100019,100,99104,100,100052,100,98959,100,100053,100,,,100114,100,,,100126,100,,
2019-06-28 09:58:52.135829835,99339,332,99296,332,99570,100,99243,232,99727,332,99238,100,99937,200,99215,100,99938,100,99116,100,99952,100,99104,100,100019,100,98959,100,100052,100,,,100053,100,,,100114,100,,
2019-06-28 09:59:00.000000000,99339,216,99296,216,99570,216,99238,216,99727,216,99215,216,99937,316,99116,216,99938,100,99104,100,99952,100,98959,100,100019,100,,,100052,100,,,100053,100,,,100114,100,,
2019-06-28 09:59:10.000000000,99339,193,99296,193,99570,193,99238,193,99727,193,99215,193,99937,293,99116,193,99938,193,99104,193,99952,100,98959,100,100019,100,,,100052,100,,,100053,100,,,100114,100,,
2019-06-28 09:59:20.000000000,99339,564,99296,564,99570,100,99238,100,99727,100,99215,100,99937,200,99116,100,99938,100,99104,100,99952,100,98959,100,100019,100,,,100052,100,,,100053,100,,,100114,100,,
2019-06-28 09:59:30.000000000,99339,564,99296,564,99570,100,99238,100,99727,100,99215,100,99937,200,99116,100,99938,100,99104,100,99952,100,98959,100,100019,100,,,100052,100,,,100053,100,,,100114,100,,
2019-06-28 09:59:40.000000000,99339,216,99296,216,99570,216,99238,216,99727,216,99215,216,99937,316,99116,216,99938,100,99104,100,99952,100,98959,100,100019,100,,,100052,100,,,100053,100,,,100114,100,,
2019-06-28 09:59:41.044238099,99339,216,99296,116,99570,216,99238,216,99727,216,99215,216,99937,316,99116,216,99938,100,99104,100,99952,100,98959,100,100019,100,,,100052,100,,,100053,100,,,100114,100,,
2019-06-28 09:59:48.016063511,99339,216,99296,16,99570,216,99238,216,99727,216,99215,216,99937,316,99116,216,99938,100,99104,100,99952,100,,,100019,100,,,100052,100,,,100053,100,,,100114,100,,
2019-06-28 09:59:50.000000000,99339,216,99238,216,99570,216,99215,216,99727,216,99116,216,99937,316,99104,216,99938,100,,,99952,100,,,100019,100,,,100052,100,,,100053,100,,,100114,100,,
2019-06-28 09:59:56.087125979,99339,216,99238,216,99570,216,99215,216,99727,216,99116,216,99937,316,99104,216,99938,100,98610,100,99952,100,,,100019,100,,,100052,100,,,100053,100,,,100114,100,,
2019-06-28 10:00:00.000000000,99339,193,99238,193,99570,193,99215,193,99727,193,99116,193,99937,293,99104,193,99938,193,98610,193,99952,100,,,100019,100,,,100052,100,,,100053,100,,,100114,100,,
2019-06-28 10:00:10.000000000,99339,332,99238,332,99570,332,99215,332,99727,100,99116,100,99937,200,99104,100,99938,100,98610,100,99952,100,,,100019,100,,,100052,100,,,100053,100,,,100114,100,,
2019-06-28 10:00:20.000000000,99339,193,99238,193,99570,193,99215,193,99727,193,99116,193,99937,293,99104,193,99938,193,98610,193,99952,100,,,100019,100,,,100052,100,,,100053,100,,,100114,100,,
2019-06-28 10:00:30.000000000,99339,332,99238,332,99570,332,99215,332,99727,100,99116,100,99937,200,99104,100,99938,100,98610,100,99952,100,,,100019,100,,,100052,100,,,100053,100,,,100114,100,,
2019-06-28 10:00:37.279662451,99339,332,99238,232,99570,332,99215,332,99727,100,99116,100,99937,200,99104,100,99938,100,98610,100,99952,100,,,100019,100,,,100052,100,,,100053,100,,,100114,100,,
2019-06-28 10:00:39.649006858,99339,332,99238,232,99570,332,99215,332,99727,100,99116,100,99937,100,99104,100,99938,100,98610,100,99952,100,,,100019,100,,,100052,100,,,100053,100,,,100114,100,,
2019-06-28 10:00:40.000000000,99339,193,99215,193,99570,193,99116,193,99727,193,99104,193,99937,193,98610,193,99938,193,98609,93,99952,100,,,100019,100,,,100052,100,,,100053,100,,,100114,100,,
2019-06-28 10:00:50.000000000,99339,216,99215,216,99570,216,99116,216,99727,216,99104,216,99937,216,98610,216,99938,100,,,99952,100,,,100019,100,,,100052,100,,,100053,100,,,100114,100,,
2019-06-28 10:01:00.000000000,99339,332,99215,332,99570,332,99116,332,99727,100,99104,100,99937,100,98610,100,99938,100,,,99952,100,,,100019,100,,,100052,100,,,100053,100,,,100114,100,,
2019-06-28 10:01:10.000000000,99339,332,99215,332,99570,332,99116,332,99727,100,99104,100,99937,100,98610,100,99938,100,,,99952,100,,,100019,100,,,100052,100,,,100053,100,,,100114,100,,
2019-06-28 10:01:15.908916334,99339,332,99215,232,99570,332,99116,332,99727,100,99104,100,99937,100,98610,100,99938,100,,,99952,100,,,100019,100,,,100052,100,,,100053,100,,,100114,100,,
2019-06-28 10:01:20.000000000,99339,564,99116,564,99570,100,99104,100,99727,100,98610,100,99937,100,,,99938,100,,,99952,100,,,100019,100,,,100052,100,,,100053,100,,,100114,100,,
2019-06-28 10:01:30.000000000,99339,332,99116,332,99570,332,99104,332,99727,100,98610,100,99937,100,,,99938,100,,,99952,100,,,100019,100,,,100052,100,,,100053,100,,,100114,100,,
2019-06-28 10:01:30.826378874,99238,100,99116,332,99339,332,99104,332,99570,332,98610,100,99727,100,,,99937,100,,,99938,100,,,99952,100,,,100019,100,,,100052,100,,,100053,100,,
2019-06-28 10:01:33.394482794,99179,100,99116,332,99238,100,99104,332,99339,332,98610,100,99570,332,,,99727,100,,,99937,100,,,99938,100,,,99952,100,,,100019,100,,,100052,100,,
2019-06-28 10:01:40.000000000,99179,564,99116,564,99238,100,99104,100,99339,100,98610,100,99570,100,,,99727,100,,,99937,100,,,99938,100,,,99952,100,,,100019,100,,,100052,100,,
2019-06-28 10:01:50.000000000,99179,332,99116,332,99238,332,99104,332,99339,100,98610,100,99570,100,,,99727,100,,,99937,100,,,99938,100,,,99952,100,,,100019,100,,,100052,100,,
2019-06-28 10:02:00.000000000,99179,564,99116,564,99238,100,99104,100,99339,100,98610,100,99570,100,,,99727,100,,,99937,100,,,99938,100,,,99952,100,,,100019,100,,,100052,100,,
2019-06-28 10:02:10.000000000,99179,216,99116,216,99238,216,99104,216,99339,216,98610,216,99570,216,98609,116,99727,100,,,99937,100,,,99938,100,,,99952,100,,,100019,100,,,100052,100,,
2019-06-28 10:02:20.000000000,99179,193,99116,193,99238,193,99104,193,99339,193,98610,193,99570,193,98609,93,99727,193,,,99937,100,,,99938,100,,,99952,100,,,100019,100,,,100052,100,,
2019-06-28 10:02:29.796921675,99179,93,99116,193,99238,193,99104,193,99339,193,98610,193,99570,193,98609,93,99727,193,,,99937,100,,,99938,100,,,99952,100,,,100019,100,,,100052,100,,
2019-06-28 10:02:30.000000000,99238,216,99116,216,99339,216,99104,216,99570,216,98610,216,99727,216,98609,116,99937,100,,,99938,100,,,99952,100,,,100019,100,,,100052,100,,,100053,100,,
2019-06-28 10:02:40.000000000,99238,216,99116,216,99339,216,99104,216,99570,216,98610,216,99727,216,98609,116,99937,100,,,99938,100,,,99952,100,,,100019,100,,,100052,100,,,100053,100,,
2019-06-28 10:02:50.000000000,99238,332,99116,332,99339,332,99104,332,99570,100,98610,100,99727,100,,,99937,100,,,99938,100,,,99952,100,,,100019,100,,,100052,100,,,100053,100,,
2019-06-28 10:03:00.000000000,99238,193,99116,193,99339,193,99104,193,99570,193,98610,193,99727,193,98609,93,99937,193,,,99938,100,,,99952,100,,,100019,100,,,100052,100,,,100053,100,,
2019-06-28 10:03:09.184085221,99238,193,99216,100,99339,193,99116,193,99570,193,99104,193,99727,193,98610,193,99937,193,98609,93,99938,100,,,99952,100,,,100019,100,,,100052,100,,,100053,100,,
2019-06-28 10:03:10.000000000,99238,332,99216,332,99339,332,99116,332,99570,100,99104,100,99727,100,98610,100,99937,100,,,99938,100,,,99952,100,,,100019,100,,,100052,100,,,100053,100,,
2019-06-28 10:03:11.014455037,99238,232,99216,332,99339,332,99116,332,99570,100,99104,100,99727,100,98610,100,99937,100,,,99938,100,,,99952,100,,,100019,100,,,100052,100,,,100053,100,,
2019-06-28 10:03:15.133728206,99238,132,99216,332,99339,332,99116,332,99570,100,99104,100,99727,100,98610,100,99937,100,,,99938,100,,,99952,100,,,100019,100,,,100052,100,,,100053,100,,
2019-06-28 10:03:17.641045563,99238,132,99216,332,99339,332,99116,332,99547,100,99104,100,99570,100,98610,100,99727,100,,,99937,100,,,99938,100,,,99952,100,,,100019,100,,,100052,100,,
2019-06-28 10:03:20.000000000,99339,332,99216,332,99547,332,99116,332,99570,100,99104,100,99727,100,98610,100,99937,100,,,99938,100,,,99952,100,,,100019,100,,,100052,100,,,100053,100,,
2019-06-28 10:03:30.000000000,99339,332,99216,332,99547,332,99116,332,99570,100,99104,100,99727,100,98610,100,99937,100,,,99938,100,,,99952,100,,,100019,100,,,100052,100,,,100053,100,,
2019-06-28 10:03:40.000000000,99339,564,99216,564,99547,100,99116,100,99570,100,99104,100,99727,100,98610,100,99937,100,,,99938,100,,,99952,100,,,100019,100,,,100052,100,,,100053,100,,
2019-06-28 10:03:50.000000000,99339,258,99216,258,99547,253,99116,253,99570,253,99104,253,99727,100,98610,100,99937,100,,,99938,100,,,99952,100,,,100019,100,,,100052,100,,,100053,100,,
2019-06-28 10:03:57.105979431,99339,258,99216,258,99547,253,99116,253,99570,253,99104,253,99727,100,98610,100,99850,100,,,99937,100,,,99938,100,,,99952,100,,,100019,100,,,100052,100,,
2019-06-28 10:04:00.000000000,99339,258,99216,258,99547,253,99116,253,99570,253,99104,253,99727,100,98610,100,99850,100,,,99937,100,,,99938,100,,,99952,100,,,100019,100,,,100052,100,,
2019-06-28 10:04:10.000000000,99339,258,99216,258,99547,253,99116,253,99570,253,99104,253,99727,100,98610,100,99850,100,,,99937,100,,,99938,100,,,99952,100,,,100019,100,,,100052,100,,
2019-06-28 10:04:14.187524326,99339,158,99216,258,99547,253,99116,253,99570,253,99104,253,99727,100,98610,100,99850,100,,,99937,100,,,99938,100,,,99952,100,,,100019,100,,,100052,100,,
2019-06-28 10:04:15.449713434,99339,58,99216,258,99547,153,99116,253,99570,253,99104,253,99727,100,98610,100,99850,100,,,99937,100,,,99938,100,,,99952,100,,,100019,100,,,100052,100,,
2019-06-28 10:04:20.000000000,99570,564,99216,564,99727,100,99116,100,99850,100,99104,100,99937,100,98610,100,99938,100,,,99952,100,,,100019,100,,,100052,100,,,100053,100,,,100114,100,,
2019-06-28 10:04:24.356775614,99570,564,99216,564,99727,100,99116,100,99850,100,99104,100,99937,100,98610,100,99938,100,,,99952,100,,,100019,100,,,100052,100,,,100053,100,,,100114,100,,
2019-06-28 10:04:27.320488032,99570,564,99216,564,99727,100,99116,100,99850,100,99104,100,99937,100,98610,100,99938,100,,,99952,100,,,99975,100,,,100019,100,,,100052,100,,,100053,100,,
2019-06-28 10:04:30.000000000,99570,332,99216,332,99727,332,99116,332,99850,100,99104,100,99937,100,98610,100,99938,100,,,99952,100,,,99975,100,,,100019,100,,,100052,100,,,100053,100,,
2019-06-28 10:04:37.437197541,99570,232,99216,332,99727,332,99116,332,99850,100,99104,100,99937,100,98610,100,99938,100,,,99952,100,,,99975,100,,,100019,100,,,100052,100,,,100053,100,,
2019-06-28 10:04:40.000000000,99727,258,99216,258,99850,253,99116,253,99937,253,99104,253,99938,100,98610,100,99952,100,,,99975,100,,,100019,100,,,100052,100,,,100053,100,,,100114,100,,
2019-06-28 10:04:41.039629197,99727,258,99216,258,99850,253,99116,253,99937,253,99104,253,99938,100,98610,100,99952,100,,,99975,100,,,100019,100,,,100052,100,,,100053,100,,,100114,100,,
2019-06-28 10:04:48.644750883,99727,258,99339,100,99850,253,99216,258,99937,253,99116,253,99938,100,99104,253,99975,100,98610,100,100019,100,,,100052,100,,,100053,100,,,100114,100,,,100122,100,,
2019-06-28 10:04:50.000000000,99727,258,99339,258,99850,253,99216,253,99937,253,99116,253,99938,100,99104,100,99975,100,98610,100,100019,100,,,100052,100,,,100053,100,,,100114,100,,,100122,100,,
2019-06-28 10:04:54.160160045,99727,258,99339,358,99850,253,99216,253,99937,253,99116,253,99938,100,99104,100,99975,100,98610,100,100019,100,,,100052,100,,,100114,100,,,100122,100,,,100126,100,,
2019-06-28 10:04:56.138315184,99727,258,99339,458,99850,253,99216,253,99937,253,99116,253,99938,100,99104,100,99975,100,98610,100,100019,100,,,100052,100,,,100114,100,,,100122,100,,,100126,100,,
2019-06-28 10:05:00.000000000,99727,332,99339,532,99850,332,99216,332,99937,100,99116,100,99938,100,99104,100,99975,100,98610,100,100019,100,,,100052,100,,,100114,100,,,100122,100,,,100126,100,,
2019-06-28 10:05:08.937362418,99727,232,99339,532,99850,332,99216,332,99937,100,99116,100,99938,100,99104,100,99975,100,98610,100,100019,100,,,100052,100,,,100114,100,,,100122,100,,,100126,100,,
2019-06-28 10:05:09.651303650,99727,232,99570,100,99850,332,99339,532,99937,100,99216,332,99938,100,99116,100,99975,100,99104,100,100019,100,98610,100,100052,100,,,100114,100,,,100122,100,,,100126,100,,
2019-06-28 10:05:10.000000000,99850,564,99570,564,99937,100,99339,300,99938,100,99216,100,99975,100,99116,100,100019,100,99104,100,100052,100,98610,100,100114,100,,,100122,100,,,100126,100,,,100133,100,,
2019-06-28 10:05:14.297745970,99850,564,99771,100,99937,100,99570,564,99938,100,99339,300,99975,100,99216,100,100019,100,99116,100,100052,100,99104,100,100114,100,98610,100,100122,100,,,100126,100,,,100133,100,,
2019-06-28 10:05:20.000000000,99850,564,99771,564,99937,100,99570,100,99938,100,99339,300,99975,100,99216,100,100019,100,99116,100,100052,100,99104,100,100114,100,98610,100,100122,100,,,100126,100,,,100133,100,,
2019-06-28 10:05:27.762524503,99850,564,99771,564,99937,100,99570,100,99938,100,99339,300,99975,100,99216,100,100019,100,99116,100,100052,100,99104,100,100114,100,98610,100,100122,100,,,100126,100,,,100133,100,,
2019-06-28 10:05:30.000000000,99850,216,99771,216,99937,216,99570,216,99938,216,99339,416,99975,216,99216,216,100019,100,99116,100,100052,100,99104,100,100114,100,98610,100,100122,100,,,100126,100,,,100133,100,,
2019-06-28 10:05:40.000000000,99850,193,99771,193,99937,193,99570,193,99938,193,99339,393,99975,193,99216,193,100019,193,99116,193,100052,100,99104,100,100114,100,98610,100,100122,100,,,100126,100,,,100133,100,,
2019-06-28 10:05:45.585165393,99850,93,99771,93,99937,193,99570,193,99938,193,99339,393,99975,193,99216,193,100019,193,99116,193,100052,100,99104,100,100114,100,98610,100,100122,100,,,100126,100,,,100133,100,,
2019-06-28 10:05:50.000000000,99937,332,99570,332,99938,332,99339,532,99975,100,99216,100,100019,100,99116,100,100052,100,99104,100,100114,100,98610,100,100122,100,,,100126,100,,,100133,100,,,100167,100,,
2019-06-28 10:06:00.000000000,99937,258,99570,258,99938,253,99339,453,99975,253,99216,253,100019,100,99116,100,100052,100,99104,100,100114,100,98610,100,100122,100,,,100126,100,,,100133,100,,,100167,100,,
2019-06-28 10:06:10.000000000,99937,216,99570,216,99938,216,99339,416,99975,216,99216,216,100019,216,99116,216,100052,100,99104,100,100114,100,98610,100,100122,100,,,100126,100,,,100133,100,,,100167,100,,
2019-06-28 10:06:20.000000000,99937,216,99570,216,99938,216,99339,416,99975,216,99216,216,100019,216,99116,216,100052,100,99104,100,100114,100,98610,100,100122,100,,,100126,100,,,100133,100,,,100167,100,,
2019-06-28 10:06:30.000000000,99937,564,99570,564,99938,100,99339,300,99975,100,99216,100,100019,100,99116,100,100052,100,99104,100,100114,100,98610,100,100122,100,,,100126,100,,,100133,100,,,100167,100,,
2019-06-28 10:06:40.000000000,99937,258,99570,258,99938,253,99339,453,99975,253,99216,253,100019,100,99116,100,100052,100,99104,100,100114,100,98610,100,100122,100,,,100126,100,,,100133,100,,,100167,100,,
2019-06-28 10:06:50.000000000,99937,216,99570,216,99938,216,99339,416,99975,216,99216,216,100019,216,99116,216,100052,100,99104,100,100114,100,98610,100,100122,100,,,100126,100,,,100133,100,,,100167,100,,
2019-06-28 10:07:00.000000000,99937,332,99570,332,99938,332,99339,532,99975,100,99216,100,100019,100,99116,100,100052,100,99104,100,100114,100,98610,100,100122,100,,,100126,100,,,100133,100,,,100167,100,,
2019-06-28 10:07:05.096927409,99771,100,99570,332,99937,332,99339,532,99938,332,99216,100,99975,100,99116,100,100019,100,99104,100,100052,100,98610,100,100114,100,,,100122,100,,,100126,100,,,100133,100,,
2019-06-28 10:07:10.000000000,99771,258,99570,258,99937,253,99339,453,99938,253,99216,253,99975,100,99116,100,100019,100,99104,100,100052,100,98610,100,100114,100,,,100122,100,,,100126,100,,,100133,100,,
2019-06-28 10:07:20.000000000,99771,332,99570,332,99937,332,99339,532,99938,100,99216,100,99975,100,99116,100,100019,100,99104,100,100052,100,98610,100,100114,100,,,100122,100,,,100126,100,,,100133,100,,
2019-06-28 10:07:24.969522406,99771,332,99570,332,99864,100,99339,532,99937,332,99216,100,99938,100,99116,100,99975,100,99104,100,100019,100,,,100052,100,,,100114,100,,,100122,100,,,100126,100,,
2019-06-28 10:07:30.000000000,99771,332,99570,332,99864,332,99339,532,99937,100,99216,100,99938,100,99116,100,99975,100,99104,100,100019,100,,,100052,100,,,100114,100,,,100122,100,,,100126,100,,
2019-06-28 10:07:40.000000000,99771,564,99570,564,99864,100,99339,300,99937,100,99216,100,99938,100,99116,100,99975,100,99104,100,100019,100,,,100052,100,,,100114,100,,,100122,100,,,100126,100,,
