,ask_price_1,ask_size_1,bid_price_1,bid_size_1,ask_price_2,ask_size_2,bid_price_2,bid_size_2,ask_price_3,ask_size_3,bid_price_3,bid_size_3,ask_price_4,ask_size_4,bid_price_4,bid_size_4,ask_price_5,ask_size_5,bid_price_5,bid_size_5,ask_price_6,ask_size_6,bid_price_6,bid_size_6,ask_price_7,ask_size_7,bid_price_7,bid_size_7,ask_price_8,ask_size_8,bid_price_8,bid_size_8,ask_price_9,ask_size_9,bid_price_9,bid_size_9,ask_price_10,ask_size_10,bid_price_10,bid_size_10
2019-06-28 09:30:00.000000000,100076,100,99956,100,,,,,,,,,,,,,,,,,,,,,,,,,,,,,,,,,,,,
2019-06-28 09:30:00.000000003,100076,100,99982,100,,,99956,100,,,,,,,,,,,,,,,,,,,,,,,,,,,,,,,,
2019-06-28 09:30:00.000000004,100028,100,99982,100,100076,100,99956,100,,,99874,100,,,,,,,,,,,,,,,,,,,,,,,,,,,,
2019-06-28 09:30:00.000000005,100028,100,99982,100,100076,100,99972,100,,,99956,100,,,99874,100,,,,,,,,,,,,,,,,,,,,,,,,
2019-06-28 09:30:00.000000007,100028,100,99982,100,100031,100,99972,100,100076,100,99956,100,,,99899,100,,,99874,100,,,,,,,,,,,,,,,,,,,,
2019-06-28 09:30:00.000000010,100020,100,99982,100,100028,100,99972,100,100031,100,99956,100,100076,100,99899,100,,,99874,100,,,,,,,,,,,,,,,,,,,,
2019-06-28 09:30:00.000000011,100020,100,99982,100,100028,100,99972,100,100031,100,99956,100,100076,100,99899,100,100160,100,99874,100,,,,,,,,,,,,,,,,,,,,
2019-06-28 09:30:00.000000012,100020,100,99972,100,100028,100,99956,100,100031,100,99924,100,100076,100,99899,100,100160,100,99874,100,,,,,,,,,,,,,,,,,,,,
2019-06-28 09:30:00.000000014,100020,100,99972,100,100028,100,99956,100,100031,100,99945,100,100072,100,99924,100,100076,100,99899,100,100160,100,99874,100,,,,,,,,,,,,,,,,
2019-06-28 09:30:00.000000016,100020,100,99972,100,100028,100,99956,100,100031,100,99945,100,100072,100,99924,100,100076,100,99899,100,100133,100,99874,100,100160,100,99838,100,,,,,,,,,,,,
2019-06-28 09:30:00.000000017,100020,100,99972,100,100028,100,99956,100,100031,100,99945,100,100072,100,99924,100,100076,100,99899,100,100079,100,99874,100,100133,100,99838,100,100160,100,,,,,,,,,,
2019-06-28 09:30:00.000000018,100020,100,99956,100,100028,100,99945,100,100031,100,99924,100,100072,100,99899,100,100076,100,99874,100,100079,100,99838,100,100133,100,,,100160,100,,,,,,,,,,
2019-06-28 09:30:00.000000019,100020,100,99956,100,100028,100,99945,100,100031,100,99924,100,100052,100,99899,100,100072,100,99874,100,100076,100,99838,100,100079,100,,,100133,100,,,100160,100,,,,,,
2019-06-28 09:30:00.000000020,100020,100,99972,100,100028,100,99956,100,100031,100,99945,100,100052,100,99924,100,100072,100,99899,100,100076,100,99874,100,100079,100,99838,100,100133,100,,,100160,100,,,,,,
2019-06-28 09:30:00.000000021,100020,100,99972,200,100028,100,99956,100,100031,100,99945,100,100052,100,99924,100,100072,100,99899,100,100076,100,99888,100,100079,100,99874,100,100118,100,99838,100,100133,100,,,100160,100,,
2019-06-28 09:30:00.000000022,100020,100,99972,200,100028,100,99956,100,100031,100,99945,100,100052,100,99924,100,100072,100,99899,100,100074,100,99888,100,100076,100,99878,100,100079,100,99874,100,100118,100,99873,100,100133,100,99838,100
2019-06-28 09:30:00.000000025,100020,100,99972,200,100028,100,99956,100,100031,100,99945,100,100052,100,99924,100,100072,100,99899,100,100074,100,99888,100,100076,100,99878,100,100079,100,99874,100,100084,100,99873,100,100118,100,99838,100
2019-06-28 09:30:00.000000026,100020,100,99972,200,100028,100,99956,100,100031,100,99945,100,100052,100,99924,100,100072,100,99899,100,100074,100,99888,100,100076,100,99878,100,100079,100,99874,100,100084,100,99873,100,100118,100,99838,100
2019-06-28 09:30:00.000000027,100020,100,100014,100,100028,100,99972,200,100031,100,99956,100,100052,100,99945,100,100072,100,99924,100,100074,100,99899,100,100076,100,99888,100,100079,100,99878,100,100084,100,99874,100,100118,100,99873,100
2019-06-28 09:30:00.000000028,100020,100,99972,200,100028,100,99956,100,100031,100,99945,100,100052,100,99924,100,100072,100,99899,100,100074,100,99888,100,100076,100,99878,100,100079,100,99874,100,100084,100,99873,100,100118,100,99838,100
2019-06-28 09:30:00.000000029,100020,100,99972,100,100028,100,99956,100,100031,100,99945,100,100052,100,99924,100,100072,100,99899,100,100074,100,99888,100,100076,100,99878,100,100079,100,99874,100,100084,100,99873,100,100118,100,99838,100
2019-06-28 09:30:00.000000031,100020,100,99972,100,100028,100,99964,100,100031,100,99956,100,100052,100,99945,100,100072,100,99924,100,100074,100,99899,100,100076,100,99888,100,100079,100,99878,100,100084,100,99874,100,100118,100,99873,100
2019-06-28 09:30:00.000000032,100020,100,99976,100,100028,100,99972,100,100031,100,99964,100,100052,100,99956,100,100072,100,99945,100,100074,100,99924,100,100076,100,99899,100,100079,100,99888,100,100084,100,99878,100,100118,100,99874,100
2019-06-28 09:30:00.000000035,100020,100,99996,100,100028,100,99976,100,100031,100,99972,100,100052,100,99964,100,100072,100,99956,100,100074,100,99945,100,100076,100,99924,100,100079,100,99899,100,100084,100,99888,100,100118,100,99878,100
2019-06-28 09:30:00.000000036,100020,100,99996,100,100028,100,99976,100,100031,100,99973,100,100052,100,99972,100,100072,100,99964,100,100074,100,99956,100,100076,100,99945,100,100079,100,99924,100,100084,100,99899,100,100118,100,99888,100
2019-06-28 09:30:00.000000037,100020,100,99996,100,100028,100,99976,100,100031,100,99973,100,100052,100,99972,100,100072,100,99964,100,100074,100,99956,100,100076,100,99945,100,100079,100,99942,100,100084,100,99924,100,100118,100,99922,100
2019-06-28 09:30:00.000000038,100020,100,99996,100,100028,100,99976,100,100031,100,99973,200,100052,100,99972,100,100072,100,99964,100,100074,100,99956,100,100076,100,99945,100,100079,100,99942,100,100084,100,99924,100,100118,100,99922,100
2019-06-28 09:30:00.000000040,100020,100,99996,100,100028,100,99976,100,100031,100,99973,200,100052,100,99972,100,100072,100,99964,100,100074,100,99961,100,100076,100,99956,100,100079,100,99945,100,100084,100,99942,100,100118,100,99924,100
2019-06-28 09:30:00.000000041,100020,100,99997,100,100028,100,99996,100,100031,100,99976,100,100052,100,99973,200,100072,100,99972,100,100074,100,99964,100,100076,100,99961,100,100079,100,99956,100,100084,100,99945,100,100118,100,99942,100
2019-06-28 09:30:00.000000043,100020,100,99996,100,100028,100,99976,100,100031,100,99973,200,100052,100,99972,100,100072,100,99964,100,100074,100,99961,100,100076,100,99956,100,100079,100,99945,100,100084,100,99942,100,100118,100,99924,100
2019-06-28 09:30:00.000000046,100020,100,99996,100,100028,100,99976,100,100031,100,99973,200,100052,100,99972,100,100072,100,99964,100,100074,100,99961,100,100076,100,99956,100,100079,100,99945,100,100084,100,99942,100,100118,100,99924,100
2019-06-28 09:30:00.000000052,100020,100,99996,100,100028,100,99976,100,100031,100,99973,200,100052,100,99972,100,100072,100,99964,100,100074,100,99961,100,100076,100,99956,100,100079,100,99945,100,100084,100,99942,100,100118,100,99924,100
2019-06-28 09:30:00.000000053,100020,100,99996,100,100028,100,99976,100,100031,100,99973,200,100052,100,99972,100,100067,100,99964,100,100072,100,99961,100,100074,100,99956,100,100076,100,99945,100,100079,100,99942,100,100084,100,99924,100
2019-06-28 09:30:00.000000055,100006,100,99996,100,100020,100,99976,100,100028,100,99973,200,100031,100,99972,100,100052,100,99964,100,100067,100,99961,100,100072,100,99956,100,100074,100,99945,100,100076,100,99942,100,100079,100,99940,100
2019-06-28 09:30:00.000000057,100006,100,99996,100,100020,100,99976,100,100028,100,99973,200,100031,100,99972,100,100052,100,99964,100,100067,100,99961,100,100072,100,99956,100,100074,100,99945,100,100076,100,99942,100,100079,100,99940,100
2019-06-28 09:30:00.000000058,99997,100,99996,100,100006,100,99976,100,100020,100,99973,200,100028,100,99972,100,100031,100,99964,100,100052,100,99961,100,100067,100,99956,100,100072,100,99945,100,100074,100,99942,100,100076,100,99940,100
2019-06-28 09:30:00.000000060,99997,100,99996,100,100006,100,99976,100,100020,100,99973,200,100028,100,99972,100,100031,100,99964,100,100044,100,99961,100,100052,100,99956,100,100067,100,99945,100,100072,100,99942,100,100074,100,99940,100
2019-06-28 09:30:00.000000061,99997,200,99996,100,100006,100,99976,100,100020,100,99973,200,100028,100,99972,100,100031,100,99964,100,100044,100,99961,100,100052,100,99956,100,100067,100,99945,100,100072,100,99942,100,100074,100,99940,100
2019-06-28 09:30:00.000000063,99997,200,99996,100,100006,100,99976,100,100020,100,99973,200,100028,100,99972,100,100031,100,99964,100,100044,100,99961,100,100052,100,99956,100,100067,100,99945,100,100072,100,99942,100,100074,100,99940,100
2019-06-28 09:30:00.000000069,99997,200,99996,100,100006,100,99976,100,100020,100,99973,200,100028,100,99972,100,100031,100,99964,100,100044,100,99961,100,100052,100,99956,100,100067,100,99945,100,100072,100,99942,100,100074,100,99940,100
2019-06-28 09:30:00.000000070,99997,200,99996,100,100006,100,99990,100,100020,100,99976,100,100028,100,99973,200,100031,100,99972,100,100044,100,99964,100,100052,100,99961,100,100067,100,99956,100,100072,100,99945,100,100074,100,99942,100
2019-06-28 09:30:00.000000072,99997,200,99996,100,100006,100,99990,100,100020,100,99976,100,100028,100,99973,200,100031,100,99972,100,100044,100,99964,100,100052,100,99961,200,100067,100,99956,100,100072,100,99945,100,100074,100,99942,100
2019-06-28 09:30:00.000000079,99997,200,99996,100,100006,100,99990,100,100020,100,99977,100,100028,100,99976,100,100031,100,99973,200,100044,100,99972,100,100052,100,99964,100,100067,100,99961,200,100072,100,99956,100,100074,100,99945,100
2019-06-28 09:30:00.000000081,99997,300,99996,100,100006,100,99990,100,100020,100,99977,100,100028,100,99976,100,100031,100,99973,200,100044,100,99972,100,100052,100,99964,100,100067,100,99961,200,100072,100,99956,100,100074,100,99945,100
2019-06-28 09:30:00.000000082,99997,400,99996,100,100006,100,99990,100,100020,100,99977,100,100028,100,99976,100,100031,100,99973,200,100044,100,99972,100,100052,100,99964,100,100067,100,99961,200,100072,100,99956,100,100074,100,99945,100
2019-06-28 09:30:00.000000084,99997,400,99996,100,100006,100,99990,100,100020,100,99977,100,100028,100,99976,100,100031,100,99973,200,100043,100,99972,100,100044,100,99964,100,100052,100,99961,200,100067,100,99956,100,100072,100,99945,100
2019-06-28 09:30:00.000000086,99997,400,99996,100,100006,100,99990,100,100020,100,99977,100,100028,200,99976,100,100031,100,99973,200,100043,100,99972,100,100044,100,99964,100,100052,100,99961,200,100067,100,99956,100,100072,100,99945,100
2019-06-28 09:30:00.000000087,99997,200,99996,100,100006,100,99990,100,100020,100,99977,100,100028,200,99976,100,100031,100,99973,200,100043,100,99972,100,100044,100,99964,100,100052,100,99961,200,100067,100,99956,100,100072,100,99945,100
2019-06-28 09:30:00.000000089,99997,100,99996,100,100006,100,99990,100,100020,100,99977,100,100028,200,99976,100,100031,100,99973,200,100043,100,99972,100,100044,100,99964,100,100052,100,99961,200,100067,100,99956,100,100072,100,99945,100
2019-06-28 09:30:00.000000092,99997,100,99990,100,100006,100,99977,100,100020,100,99976,100,100028,200,99973,200,100031,100,99972,100,100043,100,99964,100,100044,100,99961,200,100052,100,99956,100,100067,100,99945,100,100072,100,99942,100
2019-06-28 09:30:00.000000093,99997,200,99990,100,100006,100,99977,100,100020,100,99976,100,100028,200,99973,200,100031,100,99972,100,100043,100,99964,100,100044,100,99961,200,100052,100,99956,100,100067,100,99945,100,100072,100,99942,100
2019-06-28 09:30:00.000000095,99997,200,99990,100,100006,100,99977,100,100020,100,99976,100,100028,200,99973,200,100031,100,99972,100,100043,100,99964,100,100044,100,99961,200,100052,100,99959,100,100067,100,99956,100,100072,100,99945,100
2019-06-28 09:30:00.000000098,99997,200,99990,100,100006,100,99977,100,100020,100,99976,100,100028,200,99973,200,100031,100,99972,100,100043,100,99964,100,100044,100,99961,200,100052,100,99959,100,100067,100,99956,100,100072,100,99945,100
2019-06-28 09:30:08.527253419,99996,100,99990,100,99997,200,99977,100,100006,100,99976,100,100020,100,99973,200,100028,200,99972,100,100031,100,99964,100,100043,100,99961,200,100044,100,99959,100,100052,100,99956,100,100067,100,99945,100
2019-06-28 09:30:09.229574478,99996,100,99990,100,99997,200,99977,100,100006,100,99976,100,100020,100,99973,200,100028,100,99972,100,100031,100,99964,100,100043,100,99961,200,100044,100,99959,100,100052,100,99956,100,100067,100,99945,100
2019-06-28 09:30:10.000000000,99996,234,99990,234,99997,334,99977,234,100006,100,99976,100,100020,100,99973,200,100028,100,99972,100,100031,100,99964,100,100043,100,99961,200,100044,100,99959,100,100052,100,99956,100,100067,100,99945,100
2019-06-28 09:30:19.717050372,99996,234,99990,234,99997,334,99977,234,100006,100,99976,100,100020,100,99973,200,100028,100,99972,100,100031,100,99964,100,100043,100,99961,200,100044,100,99959,100,100052,100,99956,100,100067,100,99945,100
2019-06-28 09:30:20.000000000,99996,167,99990,167,99997,267,99977,167,100006,167,99976,167,100020,167,99973,267,100028,100,99972,100,100031,100,99964,100,100043,100,99961,200,100044,100,99959,100,100052,100,99956,100,100067,100,99945,100
2019-06-28 09:30:21.932704766,99996,67,99990,167,99997,267,99977,167,100006,167,99976,167,100020,167,99973,267,100028,100,99972,100,100031,100,99964,100,100043,100,99961,200,100044,100,99959,100,100052,100,99956,100,100067,100,99945,100
2019-06-28 09:30:25.570003570,99997,267,99996,33,100006,167,99990,167,100020,167,99977,167,100028,100,99976,167,100031,100,99973,267,100043,100,99972,100,100044,100,99964,100,100067,100,99961,200,100072,100,99959,100,100076,100,99956,100
2019-06-28 09:30:30.000000000,99997,467,99996,300,100006,100,99990,100,100020,100,99977,100,100028,100,99976,100,100031,100,99973,200,100043,100,99972,100,100044,100,99964,100,100067,100,99961,200,100072,100,99959,100,100076,100,99956,100
2019-06-28 09:30:31.845120601,99997,467,99996,400,100006,100,99990,100,100020,100,99977,100,100028,100,99976,100,100031,100,99973,200,100043,100,99972,100,100044,100,99964,100,100067,100,99961,200,100072,100,99959,100,100076,100,99956,100
2019-06-28 09:30:40.000000000,99997,334,99996,267,100006,234,99990,234,100020,100,99977,100,100028,100,99976,100,100031,100,99973,200,100043,100,99972,100,100044,100,99964,100,100067,100,99961,200,100072,100,99959,100,100076,100,99956,100
2019-06-28 09:30:48.020356665,99997,334,99996,267,100006,234,99990,234,100020,100,99977,100,100028,100,99976,100,100031,100,99973,200,100043,100,99972,100,100044,100,99964,100,100067,100,99961,200,100072,100,99959,100,100076,100,99956,100
2019-06-28 09:30:50.000000000,99997,467,99996,400,100006,100,99990,100,100020,100,99977,100,100028,100,99976,100,100031,100,99973,200,100043,100,99972,100,100044,100,99964,100,100067,100,99961,200,100072,100,99959,100,100076,100,99956,100
2019-06-28 09:30:52.096939946,99997,467,99996,300,100006,100,99990,100,100028,100,99977,100,100031,100,99976,100,100043,100,99973,200,100044,100,99972,100,100067,100,99964,100,100072,100,99961,200,100076,100,99959,100,100079,100,99956,100
2019-06-28 09:31:00.000000000,99997,291,99996,124,100006,188,99990,188,100028,188,99977,188,100031,100,99976,100,100043,100,99973,200,100044,100,99972,100,100067,100,99964,100,100072,100,99961,200,100076,100,99959,100,100079,100,99956,100
2019-06-28 09:31:10.000000000,99997,467,99996,300,100006,100,99990,100,100028,100,99977,100,100031,100,99976,100,100043,100,99973,200,100044,100,99972,100,100067,100,99964,100,100072,100,99961,200,100076,100,99959,100,100079,100,99956,100
2019-06-28 09:31:20.000000000,99997,467,99996,300,100006,100,99990,100,100028,100,99977,100,100031,100,99976,100,100043,100,99973,200,100044,100,99972,100,100067,100,99964,100,100072,100,99961,200,100076,100,99959,100,100079,100,99956,100
2019-06-28 09:31:30.000000000,99997,467,99996,300,100006,100,99990,100,100028,100,99977,100,100031,100,99976,100,100043,100,99973,200,100044,100,99972,100,100067,100,99964,100,100072,100,99961,200,100076,100,99959,100,100079,100,99956,100
2019-06-28 09:31:36.766163704,99997,467,99996,300,100006,100,99990,100,100028,100,99977,100,100031,100,99976,100,100043,100,99973,200,100044,100,99972,100,100067,100,99964,100,100072,100,99961,200,100076,100,99959,100,100079,100,99956,100
2019-06-28 09:31:40.000000000,99997,253,99996,86,100006,153,99990,153,100028,153,99977,153,100031,153,99976,153,100043,153,99973,253,100044,100,99972,100,100067,100,99964,100,100072,100,99961,200,100076,100,99959,100,100079,100,99956,100
2019-06-28 09:31:50.000000000,99997,467,99996,300,100006,100,99990,100,100028,100,99977,100,100031,100,99976,100,100043,100,99973,200,100044,100,99972,100,100067,100,99964,100,100072,100,99961,200,100076,100,99959,100,100079,100,99956,100
2019-06-28 09:31:51.753244584,99997,467,99996,200,100006,100,99990,100,100028,100,99977,100,100031,100,99976,100,100043,100,99973,200,100044,100,99972,100,100067,100,99964,100,100072,100,99961,200,100076,100,99959,100,100079,100,99956,100
2019-06-28 09:32:00.000000000,99997,291,99990,191,100006,188,99977,188,100028,188,99976,188,100031,100,99973,200,100043,100,99972,100,100044,100,99964,100,100067,100,99961,200,100072,100,99959,100,100076,100,99956,100,100079,100,99945,100
2019-06-28 09:32:05.103375302,99996,100,99990,191,99997,291,99977,88,100006,188,99976,188,100028,188,99973,200,100031,100,99972,100,100043,100,99964,100,100044,100,99961,200,100067,100,99959,100,100072,100,99956,100,100076,100,99945,100
2019-06-28 09:32:09.107803871,99997,291,99990,191,100006,188,99977,88,100028,188,99976,188,100031,100,99973,200,100043,100,99972,100,100044,100,99964,100,100067,100,99961,200,100072,100,99959,100,100076,100,99956,100,100079,100,99945,100
2019-06-28 09:32:10.000000000,99997,334,99990,234,100006,234,99976,234,100028,100,99973,200,100031,100,99972,100,100043,100,99964,100,100044,100,99961,200,100067,100,99959,100,100072,100,99956,100,100076,100,99945,100,100079,100,99942,100
2019-06-28 09:32:20.000000000,99997,253,99990,153,100006,153,99976,153,100028,153,99973,253,100031,153,99972,153,100043,153,99964,153,100044,100,99961,200,100067,100,99959,100,100072,100,99956,100,100076,100,99945,100,100079,100,99942,100
2019-06-28 09:32:24.865744659,99997,253,99990,53,100006,153,99976,153,100028,153,99973,253,100031,153,99972,153,100043,153,99964,153,100044,100,99961,200,100067,100,99959,100,100072,100,99956,100,100076,100,99945,100,100079,100,99942,100
2019-06-28 09:32:30.000000000,99997,467,99976,367,100006,100,99973,200,100028,100,99972,100,100031,100,99964,100,100043,100,99961,200,100044,100,99959,100,100067,100,99956,100,100072,100,99945,100,100076,100,99942,100,100079,100,99940,100
2019-06-28 09:32:33.811152340,99997,467,99976,367,100006,100,99973,200,100028,100,99972,100,100031,100,99964,100,100043,100,99961,200,100044,100,99959,100,100067,100,99956,100,100072,100,99953,100,100076,100,99945,100,100079,100,99942,100
2019-06-28 09:32:40.000000000,99997,253,99976,153,100006,153,99973,253,100028,153,99972,153,100031,153,99964,153,100043,153,99961,253,100044,100,99959,100,100067,100,99956,100,100072,100,99953,100,100076,100,99945,100,100079,100,99942,100
2019-06-28 09:32:42.437029885,99997,253,99976,153,100006,53,99973,253,100028,153,99972,153,100031,153,99964,153,100043,153,99961,253,100044,100,99959,100,100067,100,99956,100,100072,100,99953,100,100076,100,99945,100,100079,100,99942,100
2019-06-28 09:32:50.000000000,99997,467,99976,367,100028,100,99973,200,100031,100,99972,100,100043,100,99964,100,100044,100,99961,200,100067,100,99959,100,100072,100,99956,100,100076,100,99953,100,100079,100,99945,100,100084,100,99942,100
2019-06-28 09:33:00.000000000,99997,334,99976,234,100028,234,99973,334,100031,100,99972,100,100043,100,99964,100,100044,100,99961,200,100067,100,99959,100,100072,100,99956,100,100076,100,99953,100,100079,100,99945,100,100084,100,99942,100
2019-06-28 09:33:04.329057172,99997,334,99976,234,100028,234,99973,334,100031,100,99972,100,100043,100,99964,100,100044,100,99961,200,100067,100,99959,100,100072,100,99956,100,100076,100,99953,100,100079,100,99945,100,100084,100,99942,100
2019-06-28 09:33:10.000000000,99997,334,99976,234,100028,234,99973,334,100031,100,99972,100,100043,100,99964,100,100044,100,99961,200,100067,100,99959,100,100072,100,99956,100,100076,100,99953,100,100079,100,99945,100,100084,100,99942,100
2019-06-28 09:33:17.905310282,99997,334,99976,134,100028,234,99973,334,100031,100,99972,100,100043,100,99964,100,100044,100,99961,200,100067,100,99959,100,100072,100,99956,100,100076,100,99953,100,100079,100,99945,100,100084,100,99942,100
2019-06-28 09:33:20.000000000,99997,253,99973,253,100028,153,99972,153,100031,153,99964,153,100043,153,99961,253,100044,153,99959,153,100067,100,99956,100,100072,100,99953,100,100076,100,99945,100,100079,100,99942,100,100084,100,99940,100
2019-06-28 09:33:25.029634003,99997,253,99973,253,100028,153,99972,153,100031,153,99964,153,100043,153,99961,253,100044,153,99959,153,100067,100,99956,100,100072,100,99954,100,100076,100,99953,100,100079,100,99945,100,100084,100,99942,100
2019-06-28 09:33:30.000000000,99997,291,99973,291,100028,188,99972,188,100031,188,99964,188,100043,100,99961,200,100044,100,99959,100,100067,100,99956,100,100072,100,99954,100,100076,100,99953,100,100079,100,99945,100,100084,100,99942,100
2019-06-28 09:33:40.000000000,99997,267,99973,267,100028,167,99972,167,100031,167,99964,167,100043,167,99961,267,100044,100,99959,100,100067,100,99956,100,100072,100,99954,100,100076,100,99953,100,100079,100,99945,100,100084,100,99942,100
2019-06-28 09:33:40.063531725,99997,267,99973,267,100028,167,99972,167,100031,167,99964,167,100043,167,99961,267,100044,100,99959,100,100067,100,99956,100,100072,100,99954,100,100076,100,99953,100,100079,100,99945,100,100084,100,99940,100
2019-06-28 09:33:50.000000000,99997,291,99973,291,100028,188,99972,188,100031,188,99964,188,100043,100,99961,200,100044,100,99959,100,100067,100,99956,100,100072,100,99954,100,100076,100,99953,100,100079,100,99945,100,100084,100,99940,100
2019-06-28 09:34:00.000000000,99997,467,99973,467,100028,100,99972,100,100031,100,99964,100,100043,100,99961,200,100044,100,99959,100,100067,100,99956,100,100072,100,99954,100,100076,100,99953,100,100079,100,99945,100,100084,100,99940,100
2019-06-28 09:34:07.582326682,99997,467,99973,367,100028,100,99972,100,100031,100,99964,100,100043,100,99961,200,100044,100,99959,100,100067,100,99956,100,100072,100,99954,100,100076,100,99953,100,100079,100,99945,100,100084,100,99940,100
2019-06-28 09:34:10.000000000,99997,253,99973,153,100028,153,99972,153,100031,153,99964,153,100043,153,99961,253,100044,153,99959,153,100067,100,99956,100,100072,100,99954,100,100076,100,99953,100,100079,100,99945,100,100084,100,99940,100
2019-06-28 09:34:20.000000000,99997,253,99973,153,100028,153,99972,153,100031,153,99964,153,100043,153,99961,253,100044,153,99959,153,100067,100,99956,100,100072,100,99954,100,100076,100,99953,100,100079,100,99945,100,100084,100,99940,100
2019-06-28 09:34:30.000000000,99997,253,99973,153,100028,153,99972,153,100031,153,99964,153,100043,153,99961,253,100044,153,99959,153,100067,100,99956,100,100072,100,99954,100,100076,100,99953,100,100079,100,99945,100,100084,100,99940,100
2019-06-28 09:34:40.000000000,99997,467,99973,367,100028,100,99972,100,100031,100,99964,100,100043,100,99961,200,100044,100,99959,100,100067,100,99956,100,100072,100,99954,100,100076,100,99953,100,100079,100,99945,100,100084,100,99940,100
2019-06-28 09:34:50.000000000,99997,467,99973,367,100028,100,99972,100,100031,100,99964,100,100043,100,99961,200,100044,100,99959,100,100067,100,99956,100,100072,100,99954,100,100076,100,99953,100,100079,100,99945,100,100084,100,99940,100
2019-06-28 09:35:00.000000000,99997,267,99973,167,100028,167,99972,167,100031,167,99964,167,100043,167,99961,267,100044,100,99959,100,100067,100,99956,100,100072,100,99954,100,100076,100,99953,100,100079,100,99945,100,100084,100,99940,100
2019-06-28 09:35:10.000000000,99997,291,99973,191,100028,188,99972,188,100031,188,99964,188,100043,100,99961,200,100044,100,99959,100,100067,100,99956,100,100072,100,99954,100,100076,100,99953,100,100079,100,99945,100,100084,100,99940,100
2019-06-28 09:35:20.000000000,99997,467,99973,367,100028,100,99972,100,100031,100,99964,100,100043,100,99961,200,100044,100,99959,100,100067,100,99956,100,100072,100,99954,100,100076,100,99953,100,100079,100,99945,100,100084,100,99940,100
2019-06-28 09:35:30.000000000,99997,291,99973,191,100028,188,99972,188,100031,188,99964,188,100043,100,99961,200,100044,100,99959,100,100067,100,99956,100,100072,100,99954,100,100076,100,99953,100,100079,100,99945,100,100084,100,99940,100
2019-06-28 09:35:40.000000000,99997,334,99973,234,100028,234,99972,234,100031,100,99964,100,100043,100,99961,200,100044,100,99959,100,100067,100,99956,100,100072,100,99954,100,100076,100,99953,100,100079,100,99945,100,100084,100,99940,100
2019-06-28 09:35:50.000000000,99997,291,99973,191,100028,188,99972,188,100031,188,99964,188,100043,100,99961,200,100044,100,99959,100,100067,100,99956,100,100072,100,99954,100,100076,100,99953,100,100079,100,99945,100,100084,100,99940,100
2019-06-28 09:35:52.070012877,99997,291,99973,91,100028,188,99972,188,100031,188,99964,188,100043,100,99961,200,100044,100,99959,100,100067,100,99956,100,100072,100,99954,100,100076,100,99953,100,100079,100,99945,100,100084,100,99940,100
2019-06-28 09:36:00.000000000,99997,291,99972,191,100028,188,99964,188,100031,188,99961,288,100043,100,99959,100,100044,100,99956,100,100067,100,99954,100,100072,100,99953,100,100076,100,99945,100,100079,100,99940,100,100084,100,99937,100
2019-06-28 09:36:02.884523302,99997,291,99972,91,100028,188,99964,188,100031,188,99961,288,100043,100,99959,100,100044,100,99956,100,100067,100,99954,100,100072,100,99953,100,100076,100,99945,100,100079,100,99940,100,100084,100,99937,100
2019-06-28 09:36:10.000000000,99997,253,99964,153,100028,153,99961,253,100031,153,99959,153,100043,153,99956,153,100044,153,99954,153,100067,100,99953,100,100072,100,99945,100,100076,100,99940,100,100079,100,99937,100,100084,100,99922,100
2019-06-28 09:36:13.807335435,99997,153,99964,153,100028,153,99961,253,100031,153,99959,153,100043,153,99956,153,100044,153,99954,153,100067,100,99953,100,100072,100,99945,100,100076,100,99940,100,100079,100,99937,100,100084,100,99922,100
2019-06-28 09:36:20.000000000,99997,153,99964,153,100028,153,99961,253,100031,153,99959,153,100043,153,99956,153,100044,153,99954,153,100067,100,99953,100,100072,100,99945,100,100076,100,99940,100,100079,100,99937,100,100084,100,99922,100
2019-06-28 09:36:30.000000000,99997,234,99964,234,100028,234,99961,334,100031,100,99959,100,100043,100,99956,100,100044,100,99954,100,100067,100,99953,100,100072,100,99945,100,100076,100,99940,100,100079,100,99937,100,100084,100,99922,100
2019-06-28 09:36:38.802248633,99997,234,99964,234,100028,234,99961,234,100031,100,99959,100,100043,100,99956,100,100044,100,99954,100,100067,100,99953,100,100072,100,99945,100,100076,100,99940,100,100079,100,99937,100,100084,100,99922,100
2019-06-28 09:36:40.000000000,99997,367,99964,367,100028,100,99961,100,100031,100,99959,100,100043,100,99956,100,100044,100,99954,100,100067,100,99953,100,100072,100,99945,100,100076,100,99940,100,100079,100,99937,100,100084,100,99922,100
2019-06-28 09:36:42.126041382,99973,100,99964,367,99997,367,99961,100,100028,100,99959,100,100031,100,99956,100,100043,100,99954,100,100044,100,99953,100,100067,100,99945,100,100072,100,99940,100,100076,100,99937,100,100079,100,99922,100
2019-06-28 09:36:49.458089066,99973,100,99964,367,99997,367,99961,100,100028,100,99959,100,100031,100,99956,100,100043,100,99953,100,100044,100,99945,100,100067,100,99940,100,100072,100,99937,100,100076,100,99922,100,100079,100,99913,100
2019-06-28 09:36:50.000000000,99973,234,99964,234,99997,234,99961,234,100028,100,99959,100,100031,100,99956,100,100043,100,99953,100,100044,100,99945,100,100067,100,99940,100,100072,100,99937,100,100076,100,99922,100,100079,100,99913,100
2019-06-28 09:36:50.799052859,99973,234,99964,234,99997,234,99961,234,100028,100,99959,100,100031,100,99956,100,100043,100,99953,100,100067,100,99945,100,100072,100,99940,100,100076,100,99937,100,100079,100,99922,100,100084,100,99913,100
2019-06-28 09:37:00.000000000,99973,367,99964,367,99997,100,99961,100,100028,100,99959,100,100031,100,99956,100,100043,100,99953,100,100067,100,99945,100,100072,100,99940,100,100076,100,99937,100,100079,100,99922,100,100084,100,99913,100
2019-06-28 09:37:09.590085172,99973,367,99964,367,99997,100,99961,100,100028,100,99959,100,100031,100,99956,100,100043,100,99953,100,100067,100,99945,100,100072,100,99940,100,100076,100,99937,100,100079,100,99922,100,100084,100,99913,100
2019-06-28 09:37:10.000000000,99973,191,99964,191,99997,188,99961,188,100028,188,99959,188,100031,100,99956,100,100043,100,99953,100,100067,100,99945,100,100072,100,99940,100,100076,100,99937,100,100079,100,99922,100,100084,100,99913,100
2019-06-28 09:37:20.000000000,99973,234,99964,234,99997,234,99961,234,100028,100,99959,100,100031,100,99956,100,100043,100,99953,100,100067,100,99945,100,100072,100,99940,100,100076,100,99937,100,100079,100,99922,100,100084,100,99913,100
2019-06-28 09:37:30.000000000,99973,367,99964,367,99997,100,99961,100,100028,100,99959,100,100031,100,99956,100,100043,100,99953,100,100067,100,99945,100,100072,100,99940,100,100076,100,99937,100,100079,100,99922,100,100084,100,99913,100
2019-06-28 09:37:40.000000000,99973,191,99964,191,99997,188,99961,188,100028,188,99959,188,100031,100,99956,100,100043,100,99953,100,100067,100,99945,100,100072,100,99940,100,100076,100,99937,100,100079,100,99922,100,100084,100,99913,100
2019-06-28 09:37:49.355019137,99973,191,99964,191,99997,188,99961,188,100028,188,99959,188,100031,100,99956,100,100043,100,99953,100,100067,100,99945,100,100072,100,99940,100,100076,100,99937,100,100079,100,99922,100,100084,100,99913,100
2019-06-28 09:37:50.000000000,99973,167,99964,167,99997,167,99961,167,100028,167,99959,167,100031,167,99956,167,100043,100,99953,100,100067,100,99945,100,100072,100,99940,100,100076,100,99937,100,100079,100,99922,100,100084,100,99913,100
2019-06-28 09:37:54.571253794,99973,167,99964,167,99997,167,99961,167,100028,167,99959,167,100031,167,99956,167,100043,100,99953,100,100067,100,99945,100,100072,100,99940,100,100076,100,99937,100,100079,100,99922,100,100084,100,99913,100
2019-06-28 09:38:00.000000000,99973,167,99964,167,99997,167,99961,167,100028,167,99959,167,100031,167,99956,167,100043,100,99953,100,100067,100,99945,100,100072,100,99940,100,100076,100,99937,100,100079,100,99922,100,100084,100,99913,100
2019-06-28 09:38:05.464929071,99973,167,99964,167,99997,167,99961,167,100028,167,99959,167,100031,167,99956,167,100043,100,99953,100,100067,100,99945,100,100072,100,99940,100,100076,100,99937,100,100079,100,99922,100,100084,100,99913,100
2019-06-28 09:38:09.057619392,99973,167,99964,167,99997,167,99961,167,100028,167,99959,167,100031,167,99956,167,100043,100,99953,100,100067,100,99945,100,100072,100,99940,100,100076,100,99937,100,100079,100,99922,100,100084,100,99913,100
2019-06-28 09:38:10.000000000,99973,153,99964,153,99997,153,99961,153,100028,153,99959,153,100031,153,99956,153,100043,153,99953,153,100067,100,99945,100,100072,100,99940,100,100076,100,99937,100,100079,100,99922,100,100084,100,99913,100
2019-06-28 09:38:20.000000000,99973,234,99964,234,99997,234,99961,234,100028,100,99959,100,100031,100,99956,100,100043,100,99953,100,100067,100,99945,100,100072,100,99940,100,100076,100,99937,100,100079,100,99922,100,100084,100,99913,100
2019-06-28 09:38:30.000000000,99973,191,99964,191,99997,188,99961,188,100028,188,99959,188,100031,100,99956,100,100043,100,99953,100,100067,100,99945,100,100072,100,99940,100,100076,100,99937,100,100079,100,99922,100,100084,100,99913,100
2019-06-28 09:38:35.153455046,99973,191,99964,91,99997,188,99961,188,100028,188,99959,188,100031,100,99956,100,100043,100,99953,100,100067,100,99945,100,100072,100,99940,100,100076,100,99937,100,100079,100,99922,100,100131,100,99913,100
2019-06-28 09:38:40.000000000,99973,234,99961,234,99997,234,99959,234,100028,100,99956,100,100031,100,99953,100,100043,100,99945,100,100067,100,99940,100,100072,100,99937,100,100076,100,99922,100,100079,100,99913,100,100131,100,99889,100
2019-06-28 09:38:50.000000000,99973,234,99961,234,99997,234,99959,234,100028,100,99956,100,100031,100,99953,100,100043,100,99945,100,100067,100,99940,100,100072,100,99937,100,100076,100,99922,100,100079,100,99913,100,100131,100,99889,100
2019-06-28 09:38:50.336315934,99973,234,99961,234,99997,234,99959,234,100028,100,99956,100,100031,100,99953,100,100043,100,99945,100,100067,100,99937,100,100072,100,99922,100,100076,100,99913,100,100079,100,99889,100,100131,100,99888,100
2019-06-28 09:39:00.000000000,99973,367,99961,367,99997,100,99959,100,100028,100,99956,100,100031,100,99953,100,100043,100,99945,100,100067,100,99937,100,100072,100,99922,100,100076,100,99913,100,100079,100,99889,100,100131,100,99888,100
2019-06-28 09:39:05.801139241,99972,100,99961,367,99973,367,99959,100,99997,100,99956,100,100028,100,99953,100,100031,100,99945,100,100043,100,99937,100,100067,100,99922,100,100072,100,99913,100,100076,100,99889,100,100079,100,99888,100
2019-06-28 09:39:10.000000000,99972,191,99961,191,99973,188,99959,188,99997,188,99956,188,100028,100,99953,100,100031,100,99945,100,100043,100,99937,100,100067,100,99922,100,100072,100,99913,100,100076,100,99889,100,100079,100,99888,100
2019-06-28 09:39:20.000000000,99972,234,99961,234,99973,234,99959,234,99997,100,99956,100,100028,100,99953,100,100031,100,99945,100,100043,100,99937,100,100067,100,99922,100,100072,100,99913,100,100076,100,99889,100,100079,100,99888,100
2019-06-28 09:39:30.000000000,99972,153,99961,153,99973,153,99959,153,99997,153,99956,153,100028,153,99953,153,100031,153,99945,153,100043,100,99937,100,100067,100,99922,100,100072,100,99913,100,100076,100,99889,100,100079,100,99888,100
2019-06-28 09:39:40.000000000,99972,234,99961,234,99973,234,99959,234,99997,100,99956,100,100028,100,99953,100,100031,100,99945,100,100043,100,99937,100,100067,100,99922,100,100072,100,99913,100,100076,100,99889,100,100079,100,99888,100
2019-06-28 09:39:50.000000000,99972,191,99961,191,99973,188,99959,188,99997,188,99956,188,100028,100,99953,100,100031,100,99945,100,100043,100,99937,100,100067,100,99922,100,100072,100,99913,100,100076,100,99889,100,100079,100,99888,100
2019-06-28 09:40:00.000000000,99972,191,99961,191,99973,188,99959,188,99997,188,99956,188,100028,100,99953,100,100031,100,99945,100,100043,100,99937,100,100067,100,99922,100,100072,100,99913,100,100076,100,99889,100,100079,100,99888,100
2019-06-28 09:40:05.481319567,99972,191,99961,91,99973,188,99959,188,99997,188,99956,188,100028,100,99953,100,100031,100,99945,100,100043,100,99937,100,100067,100,99922,100,100072,100,99913,100,100076,100,99889,100,100079,100,99888,100
2019-06-28 09:40:10.000000000,99972,191,99959,191,99973,188,99956,188,99997,188,99953,188,100028,100,99945,100,100031,100,99937,100,100043,100,99922,100,100067,100,99913,100,100072,100,99889,100,100076,100,99888,100,100079,100,99878,100
2019-06-28 09:40:11.073761633,99972,191,99959,191,99973,188,99956,188,99997,188,99953,188,100028,100,99945,100,100031,100,99937,100,100043,100,99922,100,100067,100,99913,100,100072,100,99889,100,100076,100,99888,100,100079,100,99874,200
2019-06-28 09:40:20.000000000,99972,167,99959,167,99973,167,99956,167,99997,167,99953,167,100028,167,99945,167,100031,100,99937,100,100043,100,99922,100,100067,100,99913,100,100072,100,99889,100,100076,100,99888,100,100079,100,99874,200
2019-06-28 09:40:30.000000000,99972,191,99959,191,99973,188,99956,188,99997,188,99953,188,100028,100,99945,100,100031,100,99937,100,100043,100,99922,100,100067,100,99913,100,100072,100,99889,100,100076,100,99888,100,100079,100,99874,200
2019-06-28 09:40:37.052644699,99972,191,99959,191,99973,188,99956,188,99997,188,99953,188,100028,100,99945,100,100031,100,99937,100,100043,100,99922,100,100067,100,99913,100,100072,100,99889,100,100076,100,99888,100,100079,100,99874,200
2019-06-28 09:40:40.000000000,99972,367,99959,367,99973,100,99956,100,99997,100,99953,100,100028,100,99945,100,100031,100,99937,100,100043,100,99922,100,100067,100,99913,100,100072,100,99889,100,100076,100,99888,100,100079,100,99874,200
2019-06-28 09:40:46.276337837,99964,100,99959,367,99972,367,99956,100,99973,100,99953,100,99997,100,99945,100,100028,100,99937,100,100031,100,99922,100,100043,100,99913,100,100067,100,99889,100,100072,100,99888,100,100076,100,99874,200
2019-06-28 09:40:50.000000000,99964,234,99959,234,99972,234,99956,234,99973,100,99953,100,99997,100,99945,100,100028,100,99937,100,100031,100,99922,100,100043,100,99913,100,100067,100,99889,100,100072,100,99888,100,100076,100,99874,200
2019-06-28 09:41:00.000000000,99964,191,99959,191,99972,188,99956,188,99973,188,99953,188,99997,100,99945,100,100028,100,99937,100,100031,100,99922,100,100043,100,99913,100,100067,100,99889,100,100072,100,99888,100,100076,100,99874,200
2019-06-28 09:41:10.000000000,99964,153,99959,153,99972,153,99956,153,99973,153,99953,153,99997,153,99945,153,100028,153,99937,153,100031,100,99922,100,100043,100,99913,100,100067,100,99889,100,100072,100,99888,100,100076,100,99874,200
2019-06-28 09:41:20.000000000,99964,234,99959,234,99972,234,99956,234,99973,100,99953,100,99997,100,99945,100,100028,100,99937,100,100031,100,99922,100,100043,100,99913,100,100067,100,99889,100,100072,100,99888,100,100076,100,99874,200
2019-06-28 09:41:28.683196052,99964,334,99959,234,99972,234,99956,234,99973,100,99953,100,99997,100,99945,100,100028,100,99937,100,100031,100,99922,100,100043,100,99913,100,100067,100,99889,100,100072,100,99888,100,100076,100,99874,200
2019-06-28 09:41:30.000000000,99964,467,99959,367,99972,100,99956,100,99973,100,99953,100,99997,100,99945,100,100028,100,99937,100,100031,100,99922,100,100043,100,99913,100,100067,100,99889,100,100072,100,99888,100,100076,100,99874,200
2019-06-28 09:41:40.000000000,99964,291,99959,191,99972,188,99956,188,99973,188,99953,188,99997,100,99945,100,100028,100,99937,100,100031,100,99922,100,100043,100,99913,100,100067,100,99889,100,100072,100,99888,100,100076,100,99874,200
2019-06-28 09:41:50.000000000,99964,334,99959,234,99972,234,99956,234,99973,100,99953,100,99997,100,99945,100,100028,100,99937,100,100031,100,99922,100,100043,100,99913,100,100067,100,99889,100,100072,100,99888,100,100076,100,99874,200
2019-06-28 09:42:00.000000000,99964,291,99959,191,99972,188,99956,188,99973,188,99953,188,99997,100,99945,100,100028,100,99937,100,100031,100,99922,100,100043,100,99913,100,100067,100,99889,100,100072,100,99888,100,100076,100,99874,200
2019-06-28 09:42:05.108272264,99964,291,99959,191,99972,188,99956,188,99973,188,99953,188,99997,100,99945,100,100028,100,99937,100,100031,100,99922,100,100043,100,99913,100,100067,100,99889,100,100072,100,99888,100,100076,100,99874,200
2019-06-28 09:42:10.000000000,99964,334,99959,234,99972,234,99956,234,99973,100,99953,100,99997,100,99945,100,100028,100,99937,100,100031,100,99922,100,100043,100,99913,100,100067,100,99889,100,100072,100,99888,100,100076,100,99874,200
2019-06-28 09:42:10.362309624,99964,434,99959,234,99972,234,99956,234,99973,100,99953,100,99997,100,99945,100,100028,100,99937,100,100031,100,99922,100,100043,100,99913,100,100067,100,99889,100,100072,100,99888,100,100079,100,99874,200
2019-06-28 09:42:11.651917352,99964,434,99959,134,99972,234,99956,234,99973,100,99953,100,99997,100,99945,100,100028,100,99937,100,100031,100,99922,100,100043,100,99913,100,100067,100,99889,100,100072,100,99888,100,100079,100,99874,200
2019-06-28 09:42:20.000000000,99964,391,99956,191,99972,188,99953,188,99973,188,99945,188,99997,100,99937,100,100028,100,99922,100,100031,100,99913,100,100043,100,99889,100,100067,100,99888,100,100072,100,99874,200,100079,100,99838,100
2019-06-28 09:42:20.892286958,99964,391,99956,91,99972,188,99953,188,99973,188,99945,188,99997,100,99937,100,100028,100,99922,100,100031,100,99913,100,100043,100,99888,100,100067,100,99874,200,100072,100,99838,100,100079,100,99743,100
2019-06-28 09:42:30.000000000,99964,367,99953,167,99972,167,99945,167,99973,167,99937,167,99997,167,99922,167,100028,100,99913,100,100031,100,99888,100,100043,100,99874,200,100067,100,99838,100,100072,100,99743,100,100079,100,98691,100
2019-06-28 09:42:40.000000000,99964,567,99953,367,99972,100,99945,100,99973,100,99937,100,99997,100,99922,100,100028,100,99913,100,100031,100,99888,100,100043,100,99874,200,100067,100,99838,100,100072,100,99743,100,100079,100,98691,100
2019-06-28 09:42:44.665474496,99964,567,99953,267,99972,100,99945,100,99973,100,99922,100,99997,100,99913,100,100028,100,99888,100,100031,100,99874,200,100043,100,99838,100,100067,100,99743,100,100072,100,98691,100,100079,100,98671,100
2019-06-28 09:42:48.700146710,99956,100,99953,267,99964,567,99945,100,99972,100,99922,100,99973,100,99913,100,99997,100,99888,100,100028,100,99874,200,100031,100,99838,100,100043,100,99743,100,100067,100,98691,100,100072,100,98671,100
2019-06-28 09:42:50.000000000,99956,234,99945,234,99964,434,99922,234,99972,100,99913,100,99973,100,99888,100,99997,100,99874,200,100028,100,99838,100,100031,100,99743,100,100043,100,98691,100,100067,100,98671,100,100072,100,98615,100
2019-06-28 09:43:00.000000000,99956,367,99945,367,99964,300,99922,100,99972,100,99913,100,99973,100,99888,100,99997,100,99874,200,100028,100,99838,100,100031,100,99743,100,100043,100,98691,100,100067,100,98671,100,100072,100,98615,100
2019-06-28 09:43:01.997691571,99956,367,99945,267,99964,300,99922,100,99972,100,99913,100,99973,100,99888,100,99997,100,99874,200,100028,100,99838,100,100031,100,99743,100,100043,100,98691,100,100067,100,98671,100,100072,100,98615,100
2019-06-28 09:43:05.376800120,99953,100,99945,267,99956,367,99922,100,99964,300,99913,100,99972,100,99888,100,99973,100,99874,200,99997,100,99838,100,100028,100,99743,100,100031,100,98691,100,100043,100,98671,100,100067,100,98615,100
2019-06-28 09:43:10.000000000,99953,191,99922,191,99956,188,99913,188,99964,388,99888,188,99972,100,99874,200,99973,100,99838,100,99997,100,99743,100,100028,100,98691,100,100031,100,98671,100,100043,100,98615,100,100067,100,98560,100
2019-06-28 09:43:20.000000000,99953,367,99922,367,99956,100,99913,100,99964,300,99888,100,99972,100,99874,200,99973,100,99838,100,99997,100,99743,100,100028,100,98691,100,100031,100,98671,100,100043,100,98615,100,100067,100,98560,100
2019-06-28 09:43:21.490200843,99953,367,99922,267,99956,100,99913,100,99964,300,99888,100,99972,100,99874,200,99973,100,99838,100,99997,100,99743,100,100028,100,98691,100,100031,100,98671,100,100043,100,98615,100,100067,100,98560,100
2019-06-28 09:43:24.719547273,99953,367,99922,267,99956,100,99913,100,99964,300,99888,100,99972,100,99874,200,99973,100,99838,100,99997,100,99743,100,100028,100,98778,100,100031,100,98691,100,100043,100,98671,100,100067,100,98615,100
2019-06-28 09:43:30.000000000,99953,234,99913,234,99956,234,99888,234,99964,300,99874,200,99972,100,99838,100,99973,100,99743,100,99997,100,98778,100,100028,100,98691,100,100031,100,98671,100,100043,100,98615,100,100067,100,98560,100
2019-06-28 09:43:38.945096223,99953,234,99913,134,99956,234,99888,234,99964,300,99874,200,99972,100,99838,100,99973,100,99743,100,99997,100,98778,100,100028,100,98691,100,100031,100,98671,100,100043,100,98615,100,100067,100,98560,100
2019-06-28 09:43:40.000000000,99953,191,99888,191,99956,188,99874,288,99964,388,99838,188,99972,100,99743,100,99973,100,98778,100,99997,100,98691,100,100028,100,98671,100,100031,100,98615,100,100043,100,98560,100,100067,100,98553,100
2019-06-28 09:43:50.000000000,99953,167,99888,167,99956,167,99874,267,99964,367,99838,167,99972,167,99743,167,99973,100,98778,100,99997,100,98691,100,100028,100,98671,100,100031,100,98615,100,100043,100,98560,100,100067,100,98553,100
2019-06-28 09:43:58.461159499,99953,167,99888,167,99956,167,99874,267,99964,367,99838,167,99972,167,99743,167,99973,100,98971,100,99997,100,98778,100,100028,100,98691,100,100031,100,98671,100,100043,100,98615,100,100067,100,98560,100
2019-06-28 09:44:00.000000000,99953,234,99888,234,99956,234,99874,334,99964,300,99838,100,99972,100,99743,100,99973,100,98971,100,99997,100,98778,100,100028,100,98691,100,100031,100,98671,100,100043,100,98615,100,100067,100,98560,100
2019-06-28 09:44:07.240402499,99953,234,99888,134,99956,234,99874,334,99964,300,99838,100,99972,100,99743,100,99973,100,98971,100,99997,100,98778,100,100028,100,98691,100,100031,100,98671,100,100043,100,98615,100,100067,100,98560,100
2019-06-28 09:44:10.000000000,99953,167,99874,267,99956,167,99838,167,99964,367,99743,167,99972,167,98971,167,99973,100,98778,100,99997,100,98691,100,100028,100,98671,100,100031,100,98615,100,100043,100,98560,100,100067,100,98553,100
2019-06-28 09:44:10.308701912,99913,100,99874,267,99953,167,99838,167,99956,167,99743,167,99964,367,98971,167,99972,167,98778,100,99973,100,98691,100,99997,100,98671,100,100028,100,98615,100,100043,100,98560,100,100067,100,98553,100
2019-06-28 09:44:20.000000000,99913,367,99874,467,99953,100,99838,100,99956,100,99743,100,99964,300,98971,100,99972,100,98778,100,99973,100,98691,100,99997,100,98671,100,100028,100,98615,100,100043,100,98560,100,100067,100,98553,100
2019-06-28 09:44:24.657011105,99913,367,99874,467,99953,100,99838,100,99956,100,99743,100,99964,300,98973,100,99972,100,98971,100,99973,100,98778,100,99997,100,98691,100,100028,100,98671,100,100043,100,98615,100,100067,100,98560,100
2019-06-28 09:44:30.000000000,99913,191,99874,291,99953,188,99838,188,99956,188,99743,188,99964,300,98973,100,99972,100,98971,100,99973,100,98778,100,99997,100,98691,100,100028,100,98671,100,100043,100,98615,100,100067,100,98560,100
2019-06-28 09:44:38.682200121,99913,191,99874,291,99953,188,99838,188,99956,188,99743,188,99964,300,99088,100,99972,100,98973,100,99973,100,98971,100,99997,100,98778,100,100028,100,98691,100,100067,100,98671,100,100072,100,98615,100
2019-06-28 09:44:40.000000000,99913,367,99874,467,99953,100,99838,100,99956,100,99743,100,99964,300,99088,100,99972,100,98973,100,99973,100,98971,100,99997,100,98778,100,100028,100,98691,100,100067,100,98671,100,100072,100,98615,100
2019-06-28 09:44:50.000000000,99913,167,99874,267,99953,167,99838,167,99956,167,99743,167,99964,367,99088,167,99972,100,98973,100,99973,100,98971,100,99997,100,98778,100,100028,100,98691,100,100067,100,98671,100,100072,100,98615,100
2019-06-28 09:45:00.000000000,99913,191,99874,291,99953,188,99838,188,99956,188,99743,188,99964,300,99088,100,99972,100,98973,100,99973,100,98971,100,99997,100,98778,100,100028,100,98691,100,100067,100,98671,100,100072,100,98615,100
2019-06-28 09:45:10.000000000,99913,191,99874,291,99953,188,99838,188,99956,188,99743,188,99964,300,99088,100,99972,100,98973,100,99973,100,98971,100,99997,100,98778,100,100028,100,98691,100,100067,100,98671,100,100072,100,98615,100
2019-06-28 09:45:20.000000000,99913,167,99874,267,99953,167,99838,167,99956,167,99743,167,99964,367,99088,167,99972,100,98973,100,99973,100,98971,100,99997,100,98778,100,100028,100,98691,100,100067,100,98671,100,100072,100,98615,100
2019-06-28 09:45:28.194343550,99913,267,99874,267,99953,167,99838,167,99956,167,99743,167,99964,367,99088,167,99972,100,98973,100,99973,100,98971,100,99997,100,98778,100,100028,100,98691,100,100067,100,98671,100,100072,100,98615,100
2019-06-28 09:45:30.000000000,99913,291,99874,291,99953,188,99838,188,99956,188,99743,188,99964,300,99088,100,99972,100,98973,100,99973,100,98971,100,99997,100,98778,100,100028,100,98691,100,100067,100,98671,100,100072,100,98615,100
2019-06-28 09:45:40.000000000,99913,291,99874,291,99953,188,99838,188,99956,188,99743,188,99964,300,99088,100,99972,100,98973,100,99973,100,98971,100,99997,100,98778,100,100028,100,98691,100,100067,100,98671,100,100072,100,98615,100
2019-06-28 09:45:49.700890465,99913,291,99874,191,99953,188,99838,188,99956,188,99743,188,99964,300,99088,100,99972,100,98973,100,99973,100,98971,100,99997,100,98778,100,100028,100,98691,100,100067,100,98671,100,100072,100,98615,100
2019-06-28 09:45:50.000000000,99913,291,99874,191,99953,188,99838,188,99956,188,99743,188,99964,300,99088,100,99972,100,98973,100,99973,100,98971,100,99997,100,98778,100,100028,100,98691,100,100067,100,98671,100,100072,100,98615,100
2019-06-28 09:46:00.000000000,99913,291,99874,191,99953,188,99838,188,99956,188,99743,188,99964,300,99088,100,99972,100,98973,100,99973,100,98971,100,99997,100,98778,100,100028,100,98691,100,100067,100,98671,100,100072,100,98615,100
2019-06-28 09:46:10.000000000,99913,253,99874,153,99953,153,99838,153,99956,153,99743,153,99964,353,99088,153,99972,153,98973,153,99973,100,98971,100,99997,100,98778,100,100028,100,98691,100,100067,100,98671,100,100072,100,98615,100
2019-06-28 09:46:20.000000000,99913,467,99874,367,99953,100,99838,100,99956,100,99743,100,99964,300,99088,100,99972,100,98973,100,99973,100,98971,100,99997,100,98778,100,100028,100,98691,100,100067,100,98671,100,100072,100,98615,100
2019-06-28 09:46:30.000000000,99913,467,99874,367,99953,100,99838,100,99956,100,99743,100,99964,300,99088,100,99972,100,98973,100,99973,100,98971,100,99997,100,98778,100,100028,100,98691,100,100067,100,98671,100,100072,100,98615,100
2019-06-28 09:46:34.630607179,99913,467,99874,367,99953,100,99838,100,99956,100,99743,100,99964,300,99088,100,99972,100,98973,100,99973,100,98971,100,99997,100,98778,100,100028,100,98691,100,100067,100,98671,100,100072,100,98615,100
2019-06-28 09:46:36.382549899,99913,467,99874,367,99953,100,99838,100,99956,100,99743,100,99964,300,99088,100,99972,100,98973,100,99973,100,98971,100,99997,100,98778,100,100028,100,98691,100,100067,100,98671,100,100072,100,98615,100
2019-06-28 09:46:40.000000000,99913,334,99874,234,99953,234,99838,234,99956,100,99743,100,99964,300,99088,100,99972,100,98973,100,99973,100,98971,100,99997,100,98778,100,100028,100,98691,100,100067,100,98671,100,100072,100,98615,100
2019-06-28 09:46:50.000000000,99913,334,99874,234,99953,234,99838,234,99956,100,99743,100,99964,300,99088,100,99972,100,98973,100,99973,100,98971,100,99997,100,98778,100,100028,100,98691,100,100067,100,98671,100,100072,100,98615,100
2019-06-28 09:47:00.000000000,99913,334,99874,234,99953,234,99838,234,99956,100,99743,100,99964,300,99088,100,99972,100,98973,100,99973,100,98971,100,99997,100,98778,100,100028,100,98691,100,100067,100,98671,100,100072,100,98615,100
2019-06-28 09:47:08.950703094,99888,100,99874,234,99913,334,99838,234,99953,234,99743,100,99956,100,99088,100,99964,300,98973,100,99972,100,98971,100,99973,100,98778,100,99997,100,98691,100,100028,100,98671,100,100067,100,98615,100
2019-06-28 09:47:09.264008863,99888,100,99874,234,99913,334,99838,234,99953,134,99743,100,99956,100,99088,100,99964,300,98973,100,99972,100,98971,100,99973,100,98778,100,99997,100,98691,100,100028,100,98671,100,100067,100,98615,100
2019-06-28 09:47:10.000000000,99888,367,99874,367,99913,200,99838,100,99956,100,99743,100,99964,300,99088,100,99972,100,98973,100,99973,100,98971,100,99997,100,98778,100,100028,100,98691,100,100067,100,98671,100,100072,100,98615,100
2019-06-28 09:47:10.755283244,99888,367,99874,267,99913,200,99838,100,99956,100,99743,100,99964,300,99088,100,99972,100,98973,100,99973,100,98971,100,99997,100,98778,100,100028,100,98691,100,100067,100,98671,100,100072,100,98615,100
2019-06-28 09:47:20.000000000,99888,234,99838,234,99913,334,99743,234,99956,100,99088,100,99964,300,98973,100,99972,100,98971,100,99973,100,98778,100,99997,100,98691,100,100028,100,98671,100,100067,100,98615,100,100072,100,98553,100
2019-06-28 09:47:30.000000000,99888,191,99838,191,99913,288,99743,188,99956,188,99088,188,99964,300,98973,100,99972,100,98971,100,99973,100,98778,100,99997,100,98691,100,100028,100,98671,100,100067,100,98615,100,100072,100,98553,100
2019-06-28 09:47:30.034738154,99888,191,99838,191,99913,288,99743,188,99956,188,99088,188,99964,300,98973,100,99972,100,98971,100,99973,100,98918,100,99997,100,98778,100,100028,100,98691,100,100067,100,98671,100,100072,100,98615,100
2019-06-28 09:47:37.314208362,99888,191,99838,191,99913,288,99743,188,99956,188,99123,100,99964,300,99088,188,99972,100,98973,100,99973,100,98971,100,99997,100,98918,100,100028,100,98778,100,100067,100,98691,100,100072,100,98671,100
2019-06-28 09:47:40.000000000,99888,153,99838,153,99913,253,99743,153,99956,153,99123,153,99964,353,99088,153,99972,153,98973,153,99973,100,98971,100,99997,100,98918,100,100028,100,98778,100,100067,100,98691,100,100072,100,98671,100
2019-06-28 09:47:45.574936852,99888,153,99838,53,99913,253,99743,153,99956,153,99123,153,99964,353,99088,153,99972,153,98973,153,99973,100,98971,100,99997,100,98918,100,100028,100,98778,100,100067,100,98691,100,100072,100,98671,100
2019-06-28 09:47:50.000000000,99888,153,99743,153,99913,253,99123,153,99956,153,99088,153,99964,353,98973,153,99972,153,98971,153,99973,100,98918,100,99997,100,98778,100,100028,100,98691,100,100067,100,98671,100,100072,100,98615,100
2019-06-28 09:47:55.018750162,99888,153,99743,153,99913,253,99123,153,99956,153,99088,153,99964,353,99021,100,99972,153,98973,153,99973,100,98971,153,99997,100,98918,100,100028,100,98778,100,100067,100,98691,100,100072,100,98671,100
2019-06-28 09:48:00.000000000,99888,367,99743,367,99913,200,99123,100,99956,100,99088,100,99964,300,99021,100,99972,100,98973,100,99973,100,98971,100,99997,100,98918,100,100028,100,98778,100,100067,100,98691,100,100072,100,98671,100
2019-06-28 09:48:10.000000000,99888,153,99743,153,99913,253,99123,153,99956,153,99088,153,99964,353,99021,153,99972,153,98973,153,99973,100,98971,100,99997,100,98918,100,100028,100,98778,100,100067,100,98691,100,100072,100,98671,100
2019-06-28 09:48:20.000000000,99888,367,99743,367,99913,200,99123,100,99956,100,99088,100,99964,300,99021,100,99972,100,98973,100,99973,100,98971,100,99997,100,98918,100,100028,100,98778,100,100067,100,98691,100,100072,100,98671,100
2019-06-28 09:48:30.000000000,99888,153,99743,153,99913,253,99123,153,99956,153,99088,153,99964,353,99021,153,99972,153,98973,153,99973,100,98971,100,99997,100,98918,100,100028,100,98778,100,100067,100,98691,100,100072,100,98671,100
2019-06-28 09:48:40.000000000,99888,153,99743,153,99913,253,99123,153,99956,153,99088,153,99964,353,99021,153,99972,153,98973,153,99973,100,98971,100,99997,100,98918,100,100028,100,98778,100,100067,100,98691,100,100072,100,98671,100
2019-06-28 09:48:47.150022101,99888,153,99839,100,99913,253,99743,153,99956,153,99123,153,99964,253,99088,153,99972,153,99021,153,99973,100,98973,153,99997,100,98971,100,100028,100,98918,100,100067,100,98778,100,100072,100,98691,100
2019-06-28 09:48:49.026960979,99888,153,99839,100,99913,253,99743,153,99956,153,99715,100,99964,253,99123,153,99972,153,99088,153,99973,100,99021,153,99997,100,98973,153,100028,100,98971,100,100067,100,98918,100,100072,100,98778,100
2019-06-28 09:48:50.000000000,99888,167,99839,167,99913,267,99743,167,99956,167,99715,167,99964,267,99123,167,99972,100,99088,100,99973,100,99021,100,99997,100,98973,100,100028,100,98971,100,100067,100,98918,100,100072,100,98778,100
2019-06-28 09:49:00.000000000,99888,234,99839,234,99913,334,99743,234,99956,100,99715,100,99964,200,99123,100,99972,100,99088,100,99973,100,99021,100,99997,100,98973,100,100028,100,98971,100,100067,100,98918,100,100072,100,98778,100
2019-06-28 09:49:10.000000000,99888,367,99839,367,99913,200,99743,100,99956,100,99715,100,99964,200,99123,100,99972,100,99088,100,99973,100,99021,100,99997,100,98973,100,100028,100,98971,100,100067,100,98918,100,100072,100,98778,100
2019-06-28 09:49:16.043032540,99888,267,99875,100,99913,200,99839,367,99956,100,99743,100,99964,200,99715,100,99972,100,99123,100,99973,100,99088,100,99997,100,99021,100,100028,100,98973,100,100067,100,98971,100,100072,100,98918,100
2019-06-28 09:49:20.000000000,99913,291,99875,191,99956,188,99839,188,99964,288,99743,188,99972,100,99715,100,99973,100,99123,100,99997,100,99088,100,100028,100,99021,100,100067,100,98973,100,100072,100,98971,100,100079,100,98918,100
2019-06-28 09:49:30.000000000,99913,467,99875,367,99956,100,99839,100,99964,200,99743,100,99972,100,99715,100,99973,100,99123,100,99997,100,99088,100,100028,100,99021,100,100067,100,98973,100,100072,100,98971,100,100079,100,98918,100
2019-06-28 09:49:40.000000000,99913,253,99875,153,99956,153,99839,153,99964,253,99743,153,99972,153,99715,153,99973,153,99123,153,99997,100,99088,100,100028,100,99021,100,100067,100,98973,100,100072,100,98971,100,100079,100,98918,100
2019-06-28 09:49:50.000000000,99913,267,99875,167,99956,167,99839,167,99964,267,99743,167,99972,167,99715,167,99973,100,99123,100,99997,100,99088,100,100028,100,99021,100,100067,100,98973,100,100072,100,98971,100,100079,100,98918,100
2019-06-28 09:50:00.000000000,99913,267,99875,167,99956,167,99839,167,99964,267,99743,167,99972,167,99715,167,99973,100,99123,100,99997,100,99088,100,100028,100,99021,100,100067,100,98973,100,100072,100,98971,100,100079,100,98918,100
2019-06-28 09:50:02.077946452,99913,267,99875,67,99956,167,99839,167,99964,267,99743,167,99972,167,99715,167,99973,100,99123,100,99997,100,99088,100,100028,100,99021,100,100067,100,98973,100,100072,100,98971,100,100079,100,98918,100
2019-06-28 09:50:10.000000000,99913,267,99839,167,99956,167,99743,167,99964,267,99715,167,99972,167,99123,167,99973,100,99088,100,99997,100,99021,100,100028,100,98973,100,100067,100,98971,100,100072,100,98918,100,100079,100,98778,100
2019-06-28 09:50:20.000000000,99913,291,99839,191,99956,188,99743,188,99964,288,99715,188,99972,100,99123,100,99973,100,99088,100,99997,100,99021,100,100028,100,98973,100,100067,100,98971,100,100072,100,98918,100,100079,100,98778,100
2019-06-28 09:50:30.000000000,99913,334,99839,234,99956,234,99743,234,99964,200,99715,100,99972,100,99123,100,99973,100,99088,100,99997,100,99021,100,100028,100,98973,100,100067,100,98971,100,100072,100,98918,100,100079,100,98778,100
2019-06-28 09:50:34.441836864,99844,100,99839,234,99913,334,99743,234,99956,234,99715,100,99964,200,99088,100,99972,100,99021,100,99973,100,98973,100,99997,100,98971,100,100028,100,98918,100,100067,100,98778,100,100072,100,98691,100
2019-06-28 09:50:34.599138713,99844,100,99839,234,99913,334,99743,234,99956,234,99715,100,99964,200,99627,100,99972,100,99088,100,99973,100,99021,100,99997,100,98973,100,100028,100,98971,100,100072,100,98918,100,100079,100,98778,100
2019-06-28 09:50:40.000000000,99844,234,99839,234,99913,334,99743,234,99956,100,99715,100,99964,200,99627,100,99972,100,99088,100,99973,100,99021,100,99997,100,98973,100,100028,100,98971,100,100072,100,98918,100,100079,100,98778,100
2019-06-28 09:50:48.310148651,99844,234,99839,234,99913,334,99743,234,99956,100,99715,100,99964,200,99627,100,99972,100,99540,100,99973,100,99088,100,99997,100,99021,100,100028,100,98973,100,100072,100,98918,100,100079,100,98778,100
2019-06-28 09:50:50.000000000,99844,153,99839,153,99913,253,99743,153,99956,153,99715,153,99964,253,99627,153,99972,153,99540,153,99973,100,99088,100,99997,100,99021,100,100028,100,98973,100,100072,100,98918,100,100079,100,98778,100
2019-06-28 09:51:00.000000000,99844,153,99839,153,99913,253,99743,153,99956,153,99715,153,99964,253,99627,153,99972,153,99540,153,99973,100,99088,100,99997,100,99021,100,100028,100,98973,100,100072,100,98918,100,100079,100,98778,100
2019-06-28 09:51:02.115762661,99844,153,99839,153,99875,100,99743,153,99913,253,99715,153,99956,153,99627,153,99964,253,99540,153,99972,153,99088,100,99973,100,99021,100,99997,100,98973,100,100028,100,98918,100,100072,100,98778,100
2019-06-28 09:51:03.865473515,99844,153,99839,153,99852,100,99743,153,99875,100,99715,153,99913,253,99627,153,99956,153,99540,153,99964,253,99088,100,99972,153,99021,100,99973,100,98973,100,99997,100,98918,100,100028,100,98778,100
2019-06-28 09:51:10.000000000,99844,153,99839,153,99852,153,99743,153,99875,153,99715,153,99913,253,99627,153,99956,153,99540,153,99964,200,99088,100,99972,100,99021,100,99973,100,98973,100,99997,100,98918,100,100028,100,98778,100
2019-06-28 09:51:10.009171823,99844,153,99839,53,99852,153,99743,153,99875,153,99715,153,99913,253,99627,153,99956,153,99540,153,99964,200,99088,100,99972,100,99021,100,99973,100,98918,100,99997,100,98778,100,100028,100,98691,100
2019-06-28 09:51:20.000000000,99844,153,99743,153,99852,153,99715,153,99875,153,99627,153,99913,253,99540,153,99956,153,99088,153,99964,200,99021,100,99972,100,98918,100,99973,100,98778,100,99997,100,98691,100,100028,100,98671,100
2019-06-28 09:51:22.668586876,99844,153,99743,153,99852,153,99734,100,99875,153,99715,153,99913,253,99627,153,99956,153,99540,153,99964,200,99088,153,99972,100,99021,100,99973,100,98918,100,99997,100,98778,100,100028,100,98691,100
2019-06-28 09:51:30.000000000,99844,167,99743,167,99852,167,99734,167,99875,167,99715,167,99913,267,99627,167,99956,100,99540,100,99964,200,99088,100,99972,100,99021,100,99973,100,98918,100,99997,100,98778,100,100028,100,98691,100
2019-06-28 09:51:38.077093200,99844,167,99743,67,99852,167,99734,167,99875,167,99715,167,99913,267,99627,167,99956,100,99540,100,99964,200,99088,100,99972,100,99021,100,99973,100,98918,100,99997,100,98778,100,100028,100,98691,100
2019-06-28 09:51:40.000000000,99844,167,99734,167,99852,167,99715,167,99875,167,99627,167,99913,267,99540,167,99956,100,99088,100,99964,200,99021,100,99972,100,98918,100,99973,100,98778,100,99997,100,98691,100,100028,100,98671,100
2019-06-28 09:51:50.000000000,99844,367,99734,367,99852,100,99715,100,99875,100,99627,100,99913,200,99540,100,99956,100,99088,100,99964,200,99021,100,99972,100,98918,100,99973,100,98778,100,99997,100,98691,100,100028,100,98671,100
2019-06-28 09:52:00.000000000,99844,367,99734,367,99852,100,99715,100,99875,100,99627,100,99913,200,99540,100,99956,100,99088,100,99964,200,99021,100,99972,100,98918,100,99973,100,98778,100,99997,100,98691,100,100028,100,98671,100
2019-06-28 09:52:10.000000000,99844,191,99734,191,99852,188,99715,188,99875,188,99627,188,99913,200,99540,100,99956,100,99088,100,99964,200,99021,100,99972,100,98918,100,99973,100,98778,100,99997,100,98691,100,100028,100,98671,100
2019-06-28 09:52:10.805632783,99844,191,99734,91,99852,188,99715,188,99875,188,99627,188,99913,200,99540,100,99956,100,99088,100,99964,200,99021,100,99972,100,98918,100,99973,100,98778,100,99997,100,98691,100,100028,100,98671,100
2019-06-28 09:52:16.344909713,99743,100,99734,91,99844,191,99715,188,99852,188,99627,188,99875,188,99540,100,99913,200,99088,100,99956,100,99021,100,99964,200,98918,100,99972,100,98778,100,99973,100,98691,100,100028,100,98671,100
2019-06-28 09:52:20.000000000,99743,153,99715,153,99844,153,99627,153,99852,153,99540,153,99875,153,99088,153,99913,253,99021,153,99956,100,98918,100,99964,200,98778,100,99972,100,98691,100,99973,100,98671,100,100028,100,98615,100
2019-06-28 09:52:21.121630231,99743,253,99715,153,99844,153,99627,153,99852,153,99540,153,99875,153,99088,153,99913,253,99021,153,99956,100,98918,100,99964,200,98778,100,99972,100,98691,100,99973,100,98671,100,100028,100,98615,100
2019-06-28 09:52:21.643069305,99743,253,99715,53,99844,153,99627,153,99852,153,99540,153,99875,153,99088,153,99913,253,99021,153,99956,100,98918,100,99964,200,98778,100,99972,100,98691,100,99973,100,98671,100,100028,100,98615,100
2019-06-28 09:52:22.395646801,99734,100,99715,53,99743,253,99627,153,99844,153,99540,153,99852,153,99088,153,99875,153,99021,153,99913,253,98918,100,99956,100,98778,100,99964,200,98691,100,99972,100,98671,100,99973,100,98615,100
2019-06-28 09:52:27.958525861,99734,100,99715,53,99743,253,99627,153,99844,153,99540,153,99852,153,99088,153,99875,153,99021,153,99913,253,98958,100,99956,100,98918,100,99964,200,98778,100,99972,100,98691,100,99973,100,98671,100
2019-06-28 09:52:30.000000000,99734,167,99627,167,99743,267,99540,167,99844,167,99088,167,99852,167,99021,167,99875,100,98958,100,99913,200,98918,100,99956,100,98778,100,99964,200,98691,100,99972,100,98671,100,99973,100,98615,100
2019-06-28 09:52:30.396622996,99734,167,99627,167,99743,267,99540,167,99844,167,99165,100,99852,167,99088,167,99875,100,99021,167,99913,200,98958,100,99956,100,98918,100,99964,200,98778,100,99972,100,98691,100,99973,100,98671,100
2019-06-28 09:52:39.024808592,99734,167,99627,167,99743,267,99540,167,99844,167,99165,100,99852,167,99088,167,99875,100,99085,100,99913,200,99021,167,99956,100,98958,100,99964,200,98918,100,99972,100,98778,100,99973,100,98671,100
2019-06-28 09:52:40.000000000,99734,167,99627,167,99743,267,99540,167,99844,167,99165,167,99852,167,99088,167,99875,100,99085,100,99913,200,99021,100,99956,100,98958,100,99964,200,98918,100,99972,100,98778,100,99973,100,98671,100
2019-06-28 09:52:50.000000000,99734,153,99627,153,99743,253,99540,153,99844,153,99165,153,99852,153,99088,153,99875,153,99085,153,99913,200,99021,100,99956,100,98958,100,99964,200,98918,100,99972,100,98778,100,99973,100,98671,100
2019-06-28 09:52:52.201354815,99734,153,99627,53,99743,253,99540,153,99844,153,99165,153,99852,153,99088,153,99875,153,99085,153,99913,200,99021,100,99956,100,98958,100,99964,200,98918,100,99972,100,98778,100,99973,100,98671,100
2019-06-28 09:53:00.000000000,99734,167,99540,167,99743,267,99165,167,99844,167,99088,167,99852,167,99085,167,99875,100,99021,100,99913,200,98958,100,99956,100,98918,100,99964,200,98778,100,99972,100,98671,100,99973,100,98615,100
2019-06-28 09:53:10.000000000,99734,234,99540,234,99743,334,99165,234,99844,100,99088,100,99852,100,99085,100,99875,100,99021,100,99913,200,98958,100,99956,100,98918,100,99964,200,98778,100,99972,100,98671,100,99973,100,98615,100
2019-06-28 09:53:19.324841416,99734,234,99540,234,99743,334,99165,234,99844,100,99088,100,99852,100,99085,100,99875,100,99021,100,99913,200,98958,100,99956,100,98918,100,99964,200,98778,100,99972,100,98677,100,99973,100,98671,100
2019-06-28 09:53:20.000000000,99734,153,99540,153,99743,253,99165,153,99844,153,99088,153,99852,153,99085,153,99875,153,99021,153,99913,200,98958,100,99956,100,98918,100,99964,200,98778,100,99972,100,98677,100,99973,100,98671,100
2019-06-28 09:53:27.267536104,99734,153,99540,53,99743,253,99165,153,99844,153,99088,153,99852,153,99085,153,99875,153,99021,153,99913,200,98958,100,99956,100,98918,100,99964,200,98778,100,99972,100,98677,100,99973,100,98671,100
2019-06-28 09:53:30.000000000,99734,153,99165,153,99743,253,99088,153,99844,153,99085,153,99852,153,99021,153,99875,153,98958,153,99913,200,98918,100,99956,100,98778,100,99964,200,98677,100,99972,100,98671,100,99973,100,98615,100
2019-06-28 09:53:34.149792000,99243,100,99165,153,99734,153,99088,153,99743,253,99085,153,99844,153,99021,153,99852,153,98958,153,99875,153,98918,100,99913,200,98778,100,99956,100,98677,100,99964,200,98671,100,99972,100,98615,100
2019-06-28 09:53:35.140543087,99243,100,99165,53,99734,153,99088,153,99743,253,99085,153,99844,153,99021,153,99852,153,98958,153,99875,153,98918,100,99913,200,98778,100,99956,100,98677,100,99964,200,98671,100,99972,100,98615,100
2019-06-28 09:53:36.301998361,99243,100,99165,53,99734,153,99088,153,99743,253,99085,153,99844,153,99071,100,99852,153,99021,153,99875,153,98958,153,99913,200,98918,100,99956,100,98778,100,99964,200,98677,100,99972,100,98671,100
2019-06-28 09:53:40.000000000,99243,191,99088,191,99734,188,99085,188,99743,288,99071,188,99844,100,99021,100,99852,100,98958,100,99875,100,98918,100,99913,200,98778,100,99956,100,98677,100,99964,200,98671,100,99972,100,98615,100
2019-06-28 09:53:41.167891216,99243,191,99088,191,99734,188,99085,188,99743,288,99074,100,99844,100,99071,188,99852,100,99021,100,99875,100,98958,100,99913,200,98918,100,99956,100,98778,100,99964,200,98677,100,99972,100,98671,100
2019-06-28 09:53:50.000000000,99243,191,99088,191,99734,188,99085,188,99743,288,99074,188,99844,100,99071,100,99852,100,99021,100,99875,100,98958,100,99913,200,98918,100,99956,100,98778,100,99964,200,98677,100,99972,100,98671,100
2019-06-28 09:54:00.000000000,99243,153,99088,153,99734,153,99085,153,99743,253,99074,153,99844,153,99071,153,99852,153,99021,153,99875,100,98958,100,99913,200,98918,100,99956,100,98778,100,99964,200,98677,100,99972,100,98671,100
2019-06-28 09:54:10.000000000,99243,367,99088,367,99734,100,99085,100,99743,200,99074,100,99844,100,99071,100,99852,100,99021,100,99875,100,98958,100,99913,200,98918,100,99956,100,98778,100,99964,200,98677,100,99972,100,98671,100
2019-06-28 09:54:20.000000000,99243,367,99088,367,99734,100,99085,100,99743,200,99074,100,99844,100,99071,100,99852,100,99021,100,99875,100,98958,100,99913,200,98918,100,99956,100,98778,100,99964,200,98677,100,99972,100,98671,100
2019-06-28 09:54:30.000000000,99243,234,99088,234,99734,234,99085,234,99743,200,99074,100,99844,100,99071,100,99852,100,99021,100,99875,100,98958,100,99913,200,98918,100,99956,100,98778,100,99964,200,98677,100,99972,100,98671,100
2019-06-28 09:54:40.000000000,99243,191,99088,191,99734,188,99085,188,99743,288,99074,188,99844,100,99071,100,99852,100,99021,100,99875,100,98958,100,99913,200,98918,100,99956,100,98778,100,99964,200,98677,100,99972,100,98671,100
2019-06-28 09:54:49.481429489,99243,191,99088,191,99734,188,99085,188,99743,288,99074,188,99844,100,99071,100,99852,100,99021,100,99875,100,98958,100,99913,200,98918,100,99956,100,98778,100,99964,200,98677,100,99973,100,98671,100
2019-06-28 09:54:50.000000000,99243,234,99088,234,99734,234,99085,234,99743,200,99074,100,99844,100,99071,100,99852,100,99021,100,99875,100,98958,100,99913,200,98918,100,99956,100,98778,100,99964,200,98677,100,99973,100,98671,100
2019-06-28 09:55:00.000000000,99243,234,99088,234,99734,234,99085,234,99743,200,99074,100,99844,100,99071,100,99852,100,99021,100,99875,100,98958,100,99913,200,98918,100,99956,100,98778,100,99964,200,98677,100,99973,100,98671,100
2019-06-28 09:55:10.000000000,99243,234,99088,234,99734,234,99085,234,99743,200,99074,100,99844,100,99071,100,99852,100,99021,100,99875,100,98958,100,99913,200,98918,100,99956,100,98778,100,99964,200,98677,100,99973,100,98671,100
2019-06-28 09:55:17.823787843,99243,234,99088,234,99357,100,99085,234,99734,234,99074,100,99743,200,99071,100,99844,100,99021,100,99852,100,98958,100,99875,100,98918,100,99913,200,98778,100,99956,100,98677,100,99964,200,98671,100
2019-06-28 09:55:20.000000000,99243,191,99088,191,99357,188,99085,188,99734,188,99074,188,99743,200,99071,100,99844,100,99021,100,99852,100,98958,100,99875,100,98918,100,99913,200,98778,100,99956,100,98677,100,99964,200,98671,100
2019-06-28 09:55:30.000000000,99243,234,99088,234,99357,234,99085,234,99734,100,99074,100,99743,200,99071,100,99844,100,99021,100,99852,100,98958,100,99875,100,98918,100,99913,200,98778,100,99956,100,98677,100,99964,200,98671,100
2019-06-28 09:55:38.204075215,99243,234,99088,234,99357,234,99085,234,99540,100,99074,100,99734,100,99071,100,99743,200,99021,100,99844,100,98958,100,99852,100,98918,100,99875,100,98778,100,99913,200,98677,100,99956,100,98671,100
2019-06-28 09:55:40.000000000,99243,167,99088,167,99357,167,99085,167,99540,167,99074,167,99734,167,99071,167,99743,200,99021,100,99844,100,98958,100,99852,100,98918,100,99875,100,98778,100,99913,200,98677,100,99956,100,98671,100
2019-06-28 09:55:42.450972554,99243,167,99088,167,99357,167,99085,167,99540,267,99074,167,99734,167,99071,167,99743,200,99021,100,99844,100,98958,100,99852,100,98918,100,99875,100,98778,100,99913,100,98677,100,99956,100,98671,100
2019-06-28 09:55:50.000000000,99243,367,99088,367,99357,100,99085,100,99540,200,99074,100,99734,100,99071,100,99743,200,99021,100,99844,100,98958,100,99852,100,98918,100,99875,100,98778,100,99913,100,98677,100,99956,100,98671,100
2019-06-28 09:56:00.000000000,99243,153,99088,153,99357,153,99085,153,99540,253,99074,153,99734,153,99071,153,99743,253,99021,153,99844,100,98958,100,99852,100,98918,100,99875,100,98778,100,99913,100,98677,100,99956,100,98671,100
2019-06-28 09:56:10.000000000,99243,153,99088,153,99357,153,99085,153,99540,253,99074,153,99734,153,99071,153,99743,253,99021,153,99844,100,98958,100,99852,100,98918,100,99875,100,98778,100,99913,100,98677,100,99956,100,98671,100
2019-06-28 09:56:11.330912599,99243,153,99088,153,99357,153,99085,153,99540,353,99074,153,99734,153,99071,153,99743,253,99021,153,99844,100,98958,100,99852,100,98918,100,99875,100,98778,100,99913,100,98677,100,99956,100,98671,100
2019-06-28 09:56:14.869705552,99357,153,99243,47,99540,353,99088,153,99734,153,99085,153,99743,253,99074,153,99844,100,99071,153,99852,100,99021,153,99875,100,98958,100,99913,100,98918,100,99956,100,98778,100,99964,100,98677,100
2019-06-28 09:56:14.913803058,99286,100,99243,47,99357,153,99088,153,99540,353,99085,153,99734,153,99074,153,99743,253,99071,153,99844,100,99021,153,99852,100,98958,100,99875,100,98918,100,99913,100,98778,100,99956,100,98677,100
2019-06-28 09:56:20.000000000,99286,367,99243,314,99357,100,99088,100,99540,300,99085,100,99734,100,99074,100,99743,200,99071,100,99844,100,99021,100,99852,100,98958,100,99875,100,98918,100,99913,100,98778,100,99956,100,98677,100
2019-06-28 09:56:30.000000000,99286,191,99243,138,99357,188,99088,188,99540,388,99085,188,99734,100,99074,100,99743,200,99071,100,99844,100,99021,100,99852,100,98958,100,99875,100,98918,100,99913,100,98778,100,99956,100,98677,100
2019-06-28 09:56:40.000000000,99286,191,99243,138,99357,188,99088,188,99540,388,99085,188,99734,100,99074,100,99743,200,99071,100,99844,100,99021,100,99852,100,98958,100,99875,100,98918,100,99913,100,98778,100,99956,100,98677,100
2019-06-28 09:56:45.354785580,99286,191,99243,138,99357,188,99159,100,99540,388,99088,188,99734,100,99085,188,99743,200,99074,100,99844,100,99071,100,99852,100,99021,100,99875,100,98958,100,99913,100,98918,100,99956,100,98778,100
2019-06-28 09:56:50.000000000,99286,153,99243,100,99357,153,99159,153,99540,353,99088,153,99734,153,99085,153,99743,253,99074,153,99844,100,99071,100,99852,100,99021,100,99875,100,98958,100,99913,100,98918,100,99956,100,98778,100
2019-06-28 09:57:00.000000000,99286,191,99243,138,99357,188,99159,188,99540,388,99088,188,99734,100,99085,100,99743,200,99074,100,99844,100,99071,100,99852,100,99021,100,99875,100,98958,100,99913,100,98918,100,99956,100,98778,100
2019-06-28 09:57:10.000000000,99286,367,99243,314,99357,100,99159,100,99540,300,99088,100,99734,100,99085,100,99743,200,99074,100,99844,100,99071,100,99852,100,99021,100,99875,100,98958,100,99913,100,98918,100,99956,100,98778,100
2019-06-28 09:57:20.000000000,99286,153,99243,100,99357,153,99159,153,99540,353,99088,153,99734,153,99085,153,99743,253,99074,153,99844,100,99071,100,99852,100,99021,100,99875,100,98958,100,99913,100,98918,100,99956,100,98778,100
2019-06-28 09:57:25.130251983,99286,153,99243,100,99357,153,99159,153,99540,353,99088,153,99734,153,99085,153,99743,253,99074,153,99844,100,99071,100,99852,100,99021,100,99875,100,98958,100,99913,100,98918,100,99956,100,98778,100
2019-06-28 09:57:30.000000000,99286,234,99243,181,99357,234,99159,234,99540,300,99088,100,99734,100,99085,100,99743,200,99074,100,99844,100,99071,100,99852,100,99021,100,99875,100,98958,100,99913,100,98918,100,99956,100,98778,100
2019-06-28 09:57:33.441972823,99286,234,99243,81,99357,234,99159,234,99540,300,99088,100,99734,100,99085,100,99743,200,99074,100,99844,100,99071,100,99852,100,99021,100,99875,100,98958,100,99913,100,98918,100,99956,100,98778,100
2019-06-28 09:57:40.000000000,99286,191,99159,191,99357,188,99088,188,99540,388,99085,188,99734,100,99074,100,99743,200,99071,100,99844,100,99021,100,99852,100,98958,100,99875,100,98918,100,99913,100,98778,100,99956,100,98677,100
2019-06-28 09:57:40.676646723,99286,191,99159,91,99357,188,99088,88,99540,388,99085,188,99734,100,99074,100,99743,200,99071,100,99844,100,99021,100,99852,100,98958,100,99875,100,98918,100,99913,100,98778,100,99956,100,98677,100
2019-06-28 09:57:47.960784160,99286,191,99159,91,99357,88,99088,88,99540,388,99085,188,99734,100,99074,100,99743,200,99071,100,99844,100,99021,100,99852,100,98958,100,99875,100,98938,100,99913,100,98918,100,99956,100,98778,100
2019-06-28 09:57:50.000000000,99286,234,99085,234,99540,434,99074,234,99734,100,99071,100,99743,200,99021,100,99844,100,98958,100,99852,100,98938,100,99875,100,98918,100,99913,100,98778,100,99956,100,98677,100,99973,100,98671,100
2019-06-28 09:58:00.000000000,99286,167,99085,167,99540,367,99074,167,99734,167,99071,167,99743,267,99021,167,99844,100,98958,100,99852,100,98938,100,99875,100,98918,100,99913,100,98778,100,99956,100,98677,100,99973,100,98671,100
2019-06-28 09:58:10.000000000,99286,167,99085,167,99540,367,99074,167,99734,167,99071,167,99743,267,99021,167,99844,100,98958,100,99852,100,98938,100,99875,100,98918,100,99913,100,98778,100,99956,100,98677,100,99973,100,98671,100
2019-06-28 09:58:16.454902730,99286,167,99085,67,99540,367,99074,167,99734,167,99071,167,99743,267,99021,167,99844,100,98958,100,99852,100,98938,100,99875,100,98918,100,99913,100,98778,100,99956,100,98677,100,99973,100,98671,100
2019-06-28 09:58:20.000000000,99286,191,99074,191,99540,388,99071,188,99734,188,99021,188,99743,200,98958,100,99844,100,98938,100,99852,100,98918,100,99875,100,98778,100,99913,100,98677,100,99956,100,98671,100,99973,100,98615,100
2019-06-28 09:58:20.360531012,99286,191,99074,191,99540,388,99071,188,99734,188,99050,100,99743,200,99021,188,99844,100,98958,100,99852,100,98938,100,99875,100,98918,100,99913,100,98778,100,99956,100,98677,100,99973,100,98671,100
2019-06-28 09:58:25.899464582,99159,100,99074,191,99286,191,99071,188,99540,388,99050,100,99734,188,99021,188,99743,200,98958,100,99844,100,98938,100,99852,100,98918,100,99875,100,98778,100,99913,100,98677,100,99956,100,98671,100
2019-06-28 09:58:30.000000000,99159,167,99074,167,99286,167,99071,167,99540,367,99050,167,99734,167,99021,167,99743,200,98958,100,99844,100,98938,100,99852,100,98918,100,99875,100,98778,100,99913,100,98677,100,99956,100,98671,100
2019-06-28 09:58:40.000000000,99159,191,99074,191,99286,188,99071,188,99540,388,99050,188,99734,100,99021,100,99743,200,98958,100,99844,100,98938,100,99852,100,98918,100,99875,100,98778,100,99913,100,98677,100,99956,100,98671,100
2019-06-28 09:58:50.000000000,99159,153,99074,153,99286,153,99071,153,99540,353,99050,153,99734,153,99021,153,99743,253,98958,153,99844,100,98938,100,99852,100,98918,100,99875,100,98778,100,99913,100,98677,100,99956,100,98671,100
2019-06-28 09:58:57.929752047,99159,53,99074,153,99286,153,99071,153,99540,353,99050,153,99734,153,99021,153,99743,253,98958,153,99844,100,98938,100,99852,100,98918,100,99875,100,98778,100,99913,100,98677,100,99956,100,98671,100
2019-06-28 09:59:00.000000000,99286,153,99074,153,99540,353,99071,153,99734,153,99050,153,99743,253,99021,153,99844,153,98958,153,99852,100,98938,100,99875,100,98918,100,99913,100,98778,100,99956,100,98677,100,99973,100,98671,100
2019-06-28 09:59:10.000000000,99286,234,99074,234,99540,434,99071,234,99734,100,99050,100,99743,200,99021,100,99844,100,98958,100,99852,100,98938,100,99875,100,98918,100,99913,100,98778,100,99956,100,98677,100,99973,100,98671,100
2019-06-28 09:59:16.641352551,99286,234,99086,100,99540,434,99074,234,99734,100,99071,234,99743,200,99050,100,99844,100,99021,100,99852,100,98958,100,99875,100,98938,100,99913,100,98918,100,99956,100,98778,100,99973,100,98677,100
2019-06-28 09:59:20.000000000,99286,367,99086,367,99540,300,99074,100,99734,100,99071,100,99743,200,99050,100,99844,100,99021,100,99852,100,98958,100,99875,100,98938,100,99913,100,98918,100,99956,100,98778,100,99973,100,98677,100
2019-06-28 09:59:30.000000000,99286,191,99086,191,99540,388,99074,188,99734,188,99071,188,99743,200,99050,100,99844,100,99021,100,99852,100,98958,100,99875,100,98938,100,99913,100,98918,100,99956,100,98778,100,99973,100,98677,100
2019-06-28 09:59:30.622061199,99286,191,99086,291,99540,388,99074,188,99734,188,99071,188,99743,100,99050,100,99844,100,99021,100,99852,100,98958,100,99875,100,98938,100,99913,100,98918,100,99956,100,98778,100,99973,100,98677,100
2019-06-28 09:59:35.784454978,99286,191,99086,191,99540,388,99074,188,99734,188,99071,188,99743,100,99050,100,99844,100,99021,100,99852,100,98958,100,99875,100,98938,100,99913,100,98918,100,99956,100,98778,100,99973,100,98677,100
2019-06-28 09:59:37.871908192,99286,191,99086,291,99540,388,99074,188,99734,188,99071,188,99743,100,99050,100,99844,100,99021,100,99852,100,98958,100,99875,100,98938,100,99913,100,98918,100,99956,100,98778,100,99973,100,98677,100
2019-06-28 09:59:40.000000000,99286,167,99086,267,99540,367,99074,167,99734,167,99071,167,99743,167,99050,167,99844,100,99021,100,99852,100,98958,100,99875,100,98938,100,99913,100,98918,100,99956,100,98778,100,99973,100,98677,100
2019-06-28 09:59:42.482328880,99286,167,99183,100,99540,367,99086,267,99734,167,99074,167,99743,167,99071,167,99844,100,99050,167,99852,100,99021,100,99875,100,98958,100,99913,100,98938,100,99956,100,98918,100,99973,100,98778,100
2019-06-28 09:59:48.193828910,99286,167,99183,100,99540,367,99086,367,99734,167,99074,167,99743,167,99071,167,99844,100,99050,167,99852,100,99021,100,99875,100,98958,100,99913,100,98938,100,99956,100,98918,100,99973,100,98778,100
2019-06-28 09:59:48.705484761,99286,167,99183,100,99540,367,99086,367,99659,100,99074,167,99734,167,99071,167,99743,167,99050,167,99844,100,99021,100,99852,100,98958,100,99875,100,98938,100,99913,100,98918,100,99956,100,98778,100
2019-06-28 09:59:50.000000000,99286,234,99183,234,99540,434,99086,434,99659,100,99074,100,99734,100,99071,100,99743,100,99050,100,99844,100,99021,100,99852,100,98958,100,99875,100,98938,100,99913,100,98918,100,99956,100,98778,100
2019-06-28 10:00:00.000000000,99286,191,99183,191,99540,388,99086,388,99659,188,99074,188,99734,100,99071,100,99743,100,99050,100,99844,100,99021,100,99852,100,98958,100,99875,100,98938,100,99913,100,98918,100,99956,100,98778,100
2019-06-28 10:00:10.000000000,99286,234,99183,234,99540,434,99086,434,99659,100,99074,100,99734,100,99071,100,99743,100,99050,100,99844,100,99021,100,99852,100,98958,100,99875,100,98938,100,99913,100,98918,100,99956,100,98778,100
2019-06-28 10:00:17.126809578,99286,134,99183,234,99540,434,99086,434,99659,100,99074,100,99734,100,99071,100,99743,100,99050,100,99844,100,99021,100,99852,100,98958,100,99875,100,98938,100,99913,100,98918,100,99956,100,98778,100
2019-06-28 10:00:20.000000000,99540,434,99183,234,99659,234,99086,434,99734,100,99074,100,99743,100,99071,100,99844,100,99050,100,99852,100,99021,100,99875,100,98958,100,99913,100,98938,100,99956,100,98918,100,99973,100,98778,100
2019-06-28 10:00:23.743874558,99540,434,99183,234,99594,100,99086,434,99659,234,99074,100,99734,100,99071,100,99743,100,99050,100,99844,100,99021,100,99852,100,98958,100,99875,100,98938,100,99913,100,98918,100,99956,100,98778,100
2019-06-28 10:00:30.000000000,99540,434,99183,234,99594,234,99086,434,99659,100,99074,100,99734,100,99071,100,99743,100,99050,100,99844,100,99021,100,99852,100,98958,100,99875,100,98938,100,99913,100,98918,100,99956,100,98778,100
2019-06-28 10:00:31.357790973,99540,334,99184,100,99594,234,99183,234,99659,100,99086,434,99734,100,99074,100,99743,100,99071,100,99844,100,99050,100,99852,100,99021,100,99875,100,98958,100,99913,100,98938,100,99956,100,98918,100
2019-06-28 10:00:32.918318373,99540,334,99184,200,99594,234,99183,234,99659,100,99086,434,99734,100,99074,100,99743,100,99071,100,99844,100,99050,100,99852,100,99021,100,99875,100,98958,100,99913,100,98938,100,99956,100,98918,100
2019-06-28 10:00:33.837427415,99540,234,99184,300,99594,234,99183,234,99659,100,99086,434,99734,100,99074,100,99743,100,99071,100,99844,100,99050,100,99852,100,99021,100,99875,100,98958,100,99913,100,98938,100,99956,100,98918,100
2019-06-28 10:00:40.000000000,99540,367,99184,567,99594,100,99183,100,99659,100,99086,300,99734,100,99074,100,99743,100,99071,100,99844,100,99050,100,99852,100,99021,100,99875,100,98958,100,99913,100,98938,100,99956,100,98918,100
2019-06-28 10:00:50.000000000,99540,191,99184,391,99594,188,99183,188,99659,188,99086,388,99734,100,99074,100,99743,100,99071,100,99844,100,99050,100,99852,100,99021,100,99875,100,98958,100,99913,100,98938,100,99956,100,98918,100
2019-06-28 10:00:51.872888157,99540,191,99276,100,99594,188,99184,391,99659,188,99183,188,99734,100,99086,388,99743,100,99071,100,99844,100,99050,100,99852,100,99021,100,99875,100,98958,100,99913,100,98938,100,99956,100,98918,100
2019-06-28 10:01:00.000000000,99540,191,99276,191,99594,188,99184,388,99659,188,99183,188,99734,100,99086,300,99743,100,99071,100,99844,100,99050,100,99852,100,99021,100,99875,100,98958,100,99913,100,98938,100,99956,100,98918,100
2019-06-28 10:01:10.000000000,99540,191,99276,191,99594,188,99184,388,99659,188,99183,188,99734,100,99086,300,99743,100,99071,100,99844,100,99050,100,99852,100,99021,100,99875,100,98958,100,99913,100,98938,100,99956,100,98918,100
2019-06-28 10:01:20.000000000,99540,153,99276,153,99594,153,99184,353,99659,153,99183,153,99734,153,99086,353,99743,153,99071,153,99844,100,99050,100,99852,100,99021,100,99875,100,98958,100,99913,100,98938,100,99956,100,98918,100
2019-06-28 10:01:30.000000000,99540,234,99276,234,99594,234,99184,434,99659,100,99183,100,99734,100,99086,300,99743,100,99071,100,99844,100,99050,100,99852,100,99021,100,99875,100,98958,100,99913,100,98938,100,99956,100,98918,100
2019-06-28 10:01:36.148563622,99540,234,99276,234,99594,234,99184,434,99659,100,99183,100,99734,100,99086,300,99743,100,99076,100,99844,100,99071,100,99852,100,99050,100,99875,100,99021,100,99913,100,98958,100,99956,100,98938,100
2019-06-28 10:01:40.000000000,99540,234,99276,234,99594,234,99184,434,99659,100,99183,100,99734,100,99086,300,99743,100,99076,100,99844,100,99071,100,99852,100,99050,100,99875,100,99021,100,99913,100,98958,100,99956,100,98938,100
2019-06-28 10:01:50.000000000,99540,367,99276,367,99594,100,99184,300,99659,100,99183,100,99734,100,99086,300,99743,100,99076,100,99844,100,99071,100,99852,100,99050,100,99875,100,99021,100,99913,100,98958,100,99956,100,98938,100
2019-06-28 10:01:51.533101041,99540,367,99276,267,99594,100,99184,300,99659,100,99183,100,99734,100,99086,300,99743,100,99076,100,99844,100,99071,100,99852,100,99050,100,99875,100,99021,100,99913,100,98958,100,99956,100,98938,100
2019-06-28 10:02:00.000000000,99540,153,99184,353,99594,153,99183,153,99659,153,99086,353,99734,153,99076,153,99743,153,99071,153,99844,100,99050,100,99852,100,99021,100,99875,100,98958,100,99913,100,98938,100,99956,100,98918,100
2019-06-28 10:02:02.779374579,99540,153,99184,253,99594,153,99183,153,99659,153,99086,353,99734,153,99076,153,99743,153,99071,153,99844,100,99050,100,99852,100,99021,100,99875,100,98958,100,99913,100,98938,100,99956,100,98918,100
2019-06-28 10:02:10.000000000,99540,153,99184,253,99594,153,99183,153,99659,153,99086,353,99734,153,99076,153,99743,153,99071,153,99844,100,99050,100,99852,100,99021,100,99875,100,98958,100,99913,100,98938,100,99956,100,98918,100
2019-06-28 10:02:14.475859335,99540,153,99184,253,99594,153,99183,153,99659,153,99086,353,99734,153,99076,153,99743,153,99071,153,99844,100,99050,100,99852,100,99021,100,99875,100,98958,100,99913,100,98938,100,99956,100,98918,100
2019-06-28 10:02:20.000000000,99540,167,99184,267,99594,167,99183,167,99659,167,99086,367,99734,167,99076,167,99743,100,99071,100,99844,100,99050,100,99852,100,99021,100,99875,100,98958,100,99913,100,98938,100,99956,100,98918,100
2019-06-28 10:02:23.366737054,99540,167,99184,267,99594,167,99183,167,99659,167,99086,367,99734,167,99076,167,99743,100,99071,100,99844,100,99050,100,99852,100,99021,100,99875,100,98990,100,99913,100,98958,100,99956,100,98938,100
2019-06-28 10:02:30.000000000,99540,191,99184,291,99594,188,99183,188,99659,188,99086,388,99734,100,99076,100,99743,100,99071,100,99844,100,99050,100,99852,100,99021,100,99875,100,98990,100,99913,100,98958,100,99956,100,98938,100
2019-06-28 10:02:34.262799447,99285,100,99184,291,99540,191,99183,188,99594,188,99086,388,99659,188,99076,100,99734,100,99071,100,99743,100,99050,100,99844,100,99021,100,99852,100,98990,100,99875,100,98958,100,99913,100,98938,100
2019-06-28 10:02:38.397489856,99285,100,99184,291,99540,191,99183,188,99594,188,99086,388,99659,188,99076,100,99734,100,99071,100,99743,100,99050,100,99844,100,99021,100,99852,100,98990,100,99875,100,98958,100,99913,100,98938,100
2019-06-28 10:02:40.000000000,99285,191,99184,291,99540,188,99183,188,99594,188,99086,388,99659,100,99076,100,99734,100,99071,100,99743,100,99050,100,99844,100,99021,100,99852,100,98990,100,99875,100,98958,100,99913,100,98938,100
2019-06-28 10:02:50.000000000,99285,234,99184,334,99540,234,99183,234,99594,100,99086,300,99659,100,99076,100,99734,100,99071,100,99743,100,99050,100,99844,100,99021,100,99852,100,98990,100,99875,100,98958,100,99913,100,98938,100
2019-06-28 10:02:54.409709857,99285,234,99184,234,99540,234,99183,234,99594,100,99086,300,99659,100,99076,100,99734,100,99071,100,99743,100,99050,100,99852,100,99021,100,99875,100,98990,100,99913,100,98958,100,99956,100,98938,100
2019-06-28 10:03:00.000000000,99285,167,99184,167,99540,167,99183,167,99594,167,99086,367,99659,167,99076,167,99734,100,99071,100,99743,100,99050,100,99852,100,99021,100,99875,100,98990,100,99913,100,98958,100,99956,100,98938,100
2019-06-28 10:03:07.406969619,99285,167,99184,67,99540,167,99183,167,99594,167,99086,367,99659,167,99076,167,99734,100,99071,100,99743,100,99050,100,99852,100,99021,100,99875,100,98990,100,99913,100,98958,100,99956,100,98938,100
2019-06-28 10:03:10.000000000,99285,191,99183,191,99540,188,99086,388,99594,188,99076,188,99659,100,99071,100,99734,100,99050,100,99743,100,99021,100,99852,100,98990,100,99875,100,98958,100,99913,100,98938,100,99956,100,98918,100
2019-06-28 10:03:12.293666172,99285,191,99190,100,99540,188,99183,191,99594,188,99086,388,99659,100,99076,188,99734,100,99071,100,99743,100,99050,100,99852,100,99021,100,99875,100,98990,100,99913,100,98958,100,99956,100,98938,100
2019-06-28 10:03:12.715130871,99285,191,99190,100,99540,188,99183,191,99594,188,99086,388,99659,100,99076,188,99734,100,99071,100,99743,100,99050,100,99852,100,99030,100,99875,100,99021,100,99913,100,98990,100,99956,100,98958,100
2019-06-28 10:03:13.199164244,99285,191,99183,191,99540,188,99086,388,99594,188,99076,188,99659,100,99071,100,99734,100,99050,100,99743,100,99030,100,99852,100,99021,100,99875,100,98990,100,99913,100,98958,100,99956,100,98918,100
2019-06-28 10:03:20.000000000,99285,167,99183,167,99540,167,99086,367,99594,167,99076,167,99659,167,99071,167,99734,100,99050,100,99743,100,99030,100,99852,100,99021,100,99875,100,98990,100,99913,100,98958,100,99956,100,98918,100
2019-06-28 10:03:30.000000000,99285,367,99183,367,99540,100,99086,300,99594,100,99076,100,99659,100,99071,100,99734,100,99050,100,99743,100,99030,100,99852,100,99021,100,99875,100,98990,100,99913,100,98958,100,99956,100,98918,100
2019-06-28 10:03:31.345894824,99285,367,99183,367,99540,100,99155,100,99594,100,99086,300,99659,100,99076,100,99734,100,99071,100,99743,100,99030,100,99852,100,99021,100,99875,100,98990,100,99913,100,98958,100,99956,100,98918,100
2019-06-28 10:03:36.272381325,99285,367,99183,267,99540,100,99155,100,99594,100,99086,300,99659,100,99076,100,99734,100,99071,100,99743,100,99030,100,99852,100,99021,100,99875,100,98990,100,99913,100,98958,100,99956,100,98918,100
2019-06-28 10:03:40.000000000,99285,167,99155,167,99540,167,99086,367,99594,167,99076,167,99659,167,99071,167,99734,100,99030,100,99743,100,99021,100,99852,100,98990,100,99875,100,98958,100,99913,100,98918,100,99956,100,98898,100
2019-06-28 10:03:50.000000000,99285,367,99155,367,99540,100,99086,300,99594,100,99076,100,99659,100,99071,100,99734,100,99030,100,99743,100,99021,100,99852,100,98990,100,99875,100,98958,100,99913,100,98918,100,99956,100,98898,100
2019-06-28 10:04:00.000000000,99285,234,99155,234,99540,234,99086,434,99594,100,99076,100,99659,100,99071,100,99734,100,99030,100,99743,100,99021,100,99852,100,98990,100,99875,100,98958,100,99913,100,98918,100,99956,100,98898,100
2019-06-28 10:04:01.924076740,99190,100,99155,234,99285,234,99086,434,99540,234,99076,100,99594,100,99071,100,99659,100,99030,100,99734,100,99021,100,99743,100,98990,100,99852,100,98958,100,99875,100,98918,100,99913,100,98898,100
2019-06-28 10:04:10.000000000,99190,153,99155,153,99285,153,99086,353,99540,153,99076,153,99594,153,99071,153,99659,153,99030,153,99734,100,99021,100,99743,100,98990,100,99852,100,98958,100,99875,100,98918,100,99913,100,98898,100
2019-06-28 10:04:14.614707028,99190,153,99155,153,99285,153,99086,353,99540,53,99076,153,99594,153,99071,153,99659,153,99030,153,99734,100,99021,100,99743,100,98990,100,99852,100,98958,100,99875,100,98918,100,99913,100,98898,100
2019-06-28 10:04:17.233397883,99190,253,99155,153,99285,153,99086,253,99540,53,99076,153,99594,153,99071,153,99659,153,99030,153,99734,100,99021,100,99743,100,98990,100,99852,100,98958,100,99875,100,98918,100,99913,100,98898,100
2019-06-28 10:04:20.000000000,99190,467,99155,367,99285,100,99086,200,99594,100,99076,100,99659,100,99071,100,99734,100,99030,100,99743,100,99021,100,99852,100,98990,100,99875,100,98958,100,99913,100,98918,100,99956,100,98898,100
2019-06-28 10:04:30.000000000,99190,291,99155,191,99285,188,99086,288,99594,188,99076,188,99659,100,99071,100,99734,100,99030,100,99743,100,99021,100,99852,100,98990,100,99875,100,98958,100,99913,100,98918,100,99956,100,98898,100
2019-06-28 10:04:40.000000000,99190,467,99155,367,99285,100,99086,200,99594,100,99076,100,99659,100,99071,100,99734,100,99030,100,99743,100,99021,100,99852,100,98990,100,99875,100,98958,100,99913,100,98918,100,99956,100,98898,100
2019-06-28 10:04:49.488352748,99190,567,99155,367,99285,100,99086,200,99594,100,99076,100,99659,100,99071,100,99734,100,99030,100,99743,100,99021,100,99852,100,98990,100,99875,100,98958,100,99913,100,98918,100,99956,100,98898,100
2019-06-28 10:04:50.000000000,99190,367,99155,167,99285,167,99086,267,99594,167,99076,167,99659,167,99071,167,99734,100,99030,100,99743,100,99021,100,99852,100,98990,100,99875,100,98958,100,99913,100,98918,100,99956,100,98898,100
2019-06-28 10:05:00.000000000,99190,353,99155,153,99285,153,99086,253,99594,153,99076,153,99659,153,99071,153,99734,153,99030,153,99743,100,99021,100,99852,100,98990,100,99875,100,98958,100,99913,100,98918,100,99956,100,98898,100
2019-06-28 10:05:07.200261904,99190,353,99155,153,99285,153,99086,253,99594,153,99076,153,99659,153,99071,153,99734,153,99030,153,99743,100,99021,100,99852,100,98990,100,99875,100,98958,100,99913,100,98918,100,99956,100,98898,100
2019-06-28 10:05:10.000000000,99190,367,99155,167,99285,167,99086,267,99594,167,99076,167,99659,167,99071,167,99734,100,99030,100,99743,100,99021,100,99852,100,98990,100,99875,100,98958,100,99913,100,98918,100,99956,100,98898,100
2019-06-28 10:05:20.000000000,99190,367,99155,167,99285,167,99086,267,99594,167,99076,167,99659,167,99071,167,99734,100,99030,100,99743,100,99021,100,99852,100,98990,100,99875,100,98958,100,99913,100,98918,100,99956,100,98898,100
2019-06-28 10:05:30.000000000,99190,353,99155,153,99285,153,99086,253,99594,153,99076,153,99659,153,99071,153,99734,153,99030,153,99743,100,99021,100,99852,100,98990,100,99875,100,98958,100,99913,100,98918,100,99956,100,98898,100
2019-06-28 10:05:36.280589806,99190,253,99155,153,99285,153,99086,253,99594,153,99076,153,99659,153,99071,153,99734,153,99030,153,99743,100,99021,100,99852,100,98990,100,99875,100,98958,100,99913,100,98918,100,99956,100,98898,100
2019-06-28 10:05:39.934664628,99190,153,99155,153,99285,153,99086,253,99594,153,99076,153,99659,153,99071,153,99734,153,99030,153,99743,100,99021,100,99852,100,98990,100,99875,100,98958,100,99913,100,98918,100,99956,100,98898,100
2019-06-28 10:05:40.000000000,99190,234,99155,234,99285,234,99086,334,99594,100,99076,100,99659,100,99071,100,99734,100,99030,100,99743,100,99021,100,99852,100,98990,100,99875,100,98958,100,99913,100,98918,100,99956,100,98898,100
2019-06-28 10:05:50.000000000,99190,234,99155,234,99285,234,99086,334,99594,100,99076,100,99659,100,99071,100,99734,100,99030,100,99743,100,99021,100,99852,100,98990,100,99875,100,98958,100,99913,100,98918,100,99956,100,98898,100
2019-06-28 10:06:00.000000000,99190,234,99155,234,99285,234,99086,334,99594,100,99076,100,99659,100,99071,100,99734,100,99030,100,99743,100,99021,100,99852,100,98990,100,99875,100,98958,100,99913,100,98918,100,99956,100,98898,100
2019-06-28 10:06:10.000000000,99190,191,99155,191,99285,188,99086,288,99594,188,99076,188,99659,100,99071,100,99734,100,99030,100,99743,100,99021,100,99852,100,98990,100,99875,100,98958,100,99913,100,98918,100,99956,100,98898,100
2019-06-28 10:06:20.000000000,99190,167,99155,167,99285,167,99086,267,99594,167,99076,167,99659,167,99071,167,99734,100,99030,100,99743,100,99021,100,99852,100,98990,100,99875,100,98958,100,99913,100,98918,100,99956,100,98898,100
2019-06-28 10:06:30.000000000,99190,234,99155,234,99285,234,99086,334,99594,100,99076,100,99659,100,99071,100,99734,100,99030,100,99743,100,99021,100,99852,100,98990,100,99875,100,98958,100,99913,100,98918,100,99956,100,98898,100
2019-06-28 10:06:40.000000000,99190,367,99155,367,99285,100,99086,200,99594,100,99076,100,99659,100,99071,100,99734,100,99030,100,99743,100,99021,100,99852,100,98990,100,99875,100,98958,100,99913,100,98918,100,99956,100,98898,100
2019-06-28 10:06:46.782088200,99190,367,99155,367,99285,100,99086,200,99430,100,99076,100,99594,100,99071,100,99659,100,99030,100,99734,100,99021,100,99743,100,98990,100,99852,100,98958,100,99875,100,98918,100,99913,100,98898,100
2019-06-28 10:06:50.000000000,99190,234,99155,234,99285,234,99086,334,99430,100,99076,100,99594,100,99071,100,99659,100,99030,100,99734,100,99021,100,99743,100,98990,100,99852,100,98958,100,99875,100,98918,100,99913,100,98898,100
2019-06-28 10:07:00.000000000,99190,367,99155,367,99285,100,99086,200,99430,100,99076,100,99594,100,99071,100,99659,100,99030,100,99734,100,99021,100,99743,100,98990,100,99852,100,98958,100,99875,100,98918,100,99913,100,98898,100
2019-06-28 10:07:03.795078324,99190,367,99155,367,99285,100,99086,200,99430,100,99076,100,99510,100,99071,100,99594,100,99030,100,99659,100,99021,100,99734,100,98990,100,99743,100,98958,100,99852,100,98918,100,99875,100,98898,100
2019-06-28 10:07:05.165278954,99190,267,99155,367,99285,100,99086,200,99430,100,99076,100,99510,100,99071,100,99594,100,99030,100,99659,100,99021,100,99734,100,98990,100,99743,100,98958,100,99852,100,98918,100,99875,100,98898,100
2019-06-28 10:07:10.000000000,99285,367,99155,367,99430,100,99086,200,99510,100,99076,100,99594,100,99071,100,99659,100,99030,100,99734,100,99021,100,99743,100,98990,100,99852,100,98958,100,99875,100,98918,100,99913,100,98898,100
2019-06-28 10:07:20.000000000,99285,191,99155,191,99430,188,99086,288,99510,188,99076,188,99594,100,99071,100,99659,100,99030,100,99734,100,99021,100,99743,100,98990,100,99852,100,98958,100,99875,100,98918,100,99913,100,98898,100
2019-06-28 10:07:29.786010994,99285,191,99155,191,99430,188,99086,288,99467,100,99076,188,99510,188,99071,100,99594,100,99030,100,99659,100,99021,100,99734,100,98990,100,99743,100,98958,100,99852,100,98918,100,99875,100,98796,100
2019-06-28 10:07:30.000000000,99285,191,99155,191,99430,188,99086,288,99467,188,99076,188,99510,100,99071,100,99594,100,99030,100,99659,100,99021,100,99734,100,98990,100,99743,100,98958,100,99852,100,98918,100,99875,100,98796,100
2019-06-28 10:07:40.000000000,99285,367,99155,367,99430,100,99086,200,99467,100,99076,100,99510,100,99071,100,99594,100,99030,100,99659,100,99021,100,99734,100,98990,100,99743,100,98958,100,99852,100,98918,100,99875,100,98796,100
2019-06-28 10:07:50.000000000,99285,234,99155,234,99430,234,99086,334,99467,100,99076,100,99510,100,99071,100,99594,100,99030,100,99659,100,99021,100,99734,100,98990,100,99743,100,98958,100,99852,100,98918,100,99875,100,98796,100
2019-06-28 10:08:00.000000000,99285,367,99155,367,99430,100,99086,200,99467,100,99076,100,99510,100,99071,100,99594,100,99030,100,99659,100,99021,100,99734,100,98990,100,99743,100,98958,100,99852,100,98918,100,99875,100,98796,100
2019-06-28 10:08:09.950927771,99285,367,99155,367,99430,100,99086,200,99467,100,99076,100,99510,100,99071,100,99594,100,99030,100,99619,100,99021,100,99659,100,98990,100,99734,100,98958,100,99743,100,98918,100,99852,100,98796,100
