,ask_price_1,ask_size_1,bid_price_1,bid_size_1,ask_price_2,ask_size_2,bid_price_2,bid_size_2,ask_price_3,ask_size_3,bid_price_3,bid_size_3,ask_price_4,ask_size_4,bid_price_4,bid_size_4,ask_price_5,ask_size_5,bid_price_5,bid_size_5,ask_price_6,ask_size_6,bid_price_6,bid_size_6,ask_price_7,ask_size_7,bid_price_7,bid_size_7,ask_price_8,ask_size_8,bid_price_8,bid_size_8,ask_price_9,ask_size_9,bid_price_9,bid_size_9,ask_price_10,ask_size_10,bid_price_10,bid_size_10
2019-06-28 09:30:00.000000000,99958,100,,,100101,100,,,,,,,,,,,,,,,,,,,,,,,,,,,,,,,,,,
2019-06-28 09:30:00.000000003,99958,100,,,100036,100,,,100101,100,,,,,,,,,,,,,,,,,,,,,,,,,,,,,,
2019-06-28 09:30:00.000000004,99958,100,99957,100,100036,100,,,100101,100,,,,,,,,,,,,,,,,,,,,,,,,,,,,,,
2019-06-28 09:30:00.000000006,100036,100,99957,100,100101,100,,,,,,,,,,,,,,,,,,,,,,,,,,,,,,,,,,
2019-06-28 09:30:00.000000009,100036,100,99957,100,100101,100,99951,100,,,,,,,,,,,,,,,,,,,,,,,,,,,,,,,,
2019-06-28 09:30:00.000000010,100101,100,99957,100,,,99951,100,,,,,,,,,,,,,,,,,,,,,,,,,,,,,,,,
2019-06-28 09:30:00.000000011,100101,100,99957,100,100121,100,99951,100,,,,,,,,,,,,,,,,,,,,,,,,,,,,,,,,
2019-06-28 09:30:00.000000013,100046,100,99957,100,100101,100,99951,100,100121,100,,,100213,100,,,,,,,,,,,,,,,,,,,,,,,,,,
2019-06-28 09:30:00.000000015,100046,100,99958,100,100101,100,99957,100,100121,100,99951,100,100213,100,,,,,,,,,,,,,,,,,,,,,,,,,,
2019-06-28 09:30:00.000000016,100046,100,99971,100,100058,100,99958,100,100101,100,99957,100,100121,100,99951,100,100213,100,,,,,,,,,,,,,,,,,,,,,,
2019-06-28 09:30:00.000000017,100046,100,99971,100,100058,100,99958,100,100101,100,99957,100,100121,100,99951,100,100213,100,99909,100,,,,,,,,,,,,,,,,,,,,
2019-06-28 09:30:00.000000021,100014,100,99971,100,100046,100,99958,100,100058,100,99957,100,100101,100,99951,100,100121,100,99909,100,100213,100,,,,,,,,,,,,,,,,,,
2019-06-28 09:30:00.000000024,100014,100,99958,100,100046,100,99957,100,100058,100,99951,100,100101,100,99909,100,100121,100,,,100213,100,,,,,,,,,,,,,,,,,,
2019-06-28 09:30:00.000000025,100014,100,99971,100,100046,100,99958,100,100058,100,99957,100,100101,100,99951,100,100121,100,99909,100,100213,100,,,,,,,,,,,,,,,,,,
2019-06-28 09:30:00.000000027,100010,100,99971,200,100014,100,99961,100,100046,100,99958,100,100050,100,99957,100,100058,100,99951,100,100101,100,99909,100,100121,100,,,100213,100,,,,,,,,,,
2019-06-28 09:30:00.000000028,100010,100,99971,300,100014,100,99961,100,100046,100,99958,100,100050,100,99957,100,100058,100,99951,100,100101,100,99909,100,100121,100,,,100213,100,,,,,,,,,,
2019-06-28 09:30:00.000000031,100010,100,99971,300,100013,100,99961,100,100014,100,99958,100,100046,100,99957,100,100050,100,99951,100,100058,100,99909,100,100101,100,,,100121,100,,,100213,100,,,,,,
2019-06-28 09:30:00.000000032,100010,100,99971,300,100013,100,99961,100,100014,100,99958,100,100039,100,99957,100,100046,100,99951,100,100050,100,99909,100,100058,100,,,100101,100,,,100121,100,,,100213,100,,
2019-06-28 09:30:00.000000034,100010,100,99982,100,100013,100,99971,300,100014,100,99961,100,100039,100,99958,100,100046,100,99957,100,100050,100,99951,100,100058,100,99909,100,100101,100,,,100121,100,,,100213,100,,
2019-06-28 09:30:00.000000035,100010,100,99982,100,100013,100,99971,300,100014,100,99961,100,100039,100,99958,100,100046,100,99957,100,100050,100,99951,100,100058,100,99909,100,100101,100,,,100105,100,,,100121,100,,
2019-06-28 09:30:00.000000036,100010,100,99982,100,100013,100,99971,300,100014,100,99961,100,100036,100,99958,100,100039,100,99957,100,100046,100,99951,100,100050,100,99909,100,100058,100,,,100101,100,,,100105,100,,
2019-06-28 09:30:00.000000039,100010,100,99982,100,100013,100,99971,300,100014,100,99961,100,100036,100,99958,100,100039,100,99957,100,100046,100,99951,100,100050,100,99909,100,100058,100,,,100087,100,,,100101,100,,
2019-06-28 09:30:00.000000040,99991,100,99982,100,100010,100,99971,300,100013,100,99961,100,100014,100,99958,100,100036,100,99957,100,100039,100,99951,100,100046,100,99909,100,100050,100,,,100058,100,,,100087,100,,
2019-06-28 09:30:00.000000044,99991,100,99982,100,100010,100,99971,300,100013,100,99961,100,100014,100,99958,100,100036,100,99957,100,100039,100,99951,100,100046,100,99909,100,100050,100,99897,100,100058,100,99818,100,100087,100,,
2019-06-28 09:30:00.000000049,99991,100,99982,100,100010,100,99971,300,100013,200,99961,100,100014,100,99958,100,100036,100,99957,100,100039,100,99951,100,100046,100,99909,100,100050,100,99897,100,100058,100,99818,100,100087,100,,
2019-06-28 09:30:00.000000052,99991,100,99982,100,100010,100,99971,300,100013,200,99961,100,100014,100,99958,100,100036,100,99957,100,100039,100,99951,100,100046,100,99909,100,100050,100,99897,100,100058,100,99818,100,100087,100,,
2019-06-28 09:30:00.000000057,99991,100,99982,100,100010,100,99971,300,100013,200,99961,100,100014,100,99958,100,100036,100,99957,100,100039,100,99951,100,100046,100,99909,100,100050,100,99897,100,100058,100,99818,100,100081,100,,
2019-06-28 09:30:00.000000060,99991,100,99982,100,100010,100,99971,400,100013,200,99961,100,100014,100,99958,100,100036,100,99957,100,100039,100,99951,100,100046,100,99909,100,100050,100,99897,100,100058,100,99818,100,100081,100,,
2019-06-28 09:30:00.000000061,99991,100,99982,100,100010,100,99971,400,100013,200,99961,100,100014,100,99958,100,100036,100,99957,100,100039,100,99951,100,100046,100,99941,100,100050,100,99909,100,100058,100,99897,100,100081,100,99818,100
2019-06-28 09:30:00.000000064,99991,100,99982,100,100010,100,99971,400,100013,200,99963,100,100014,100,99961,100,100036,100,99958,100,100039,100,99957,100,100046,100,99951,100,100050,100,99941,100,100058,100,99909,100,100081,100,99897,100
2019-06-28 09:30:00.000000066,99991,100,99982,100,100010,100,99971,400,100013,200,99963,100,100014,100,99961,100,100034,100,99958,100,100036,100,99957,100,100039,100,99951,100,100046,100,99941,100,100050,100,99909,100,100058,100,99897,100
2019-06-28 09:30:00.000000067,100010,100,99982,100,100013,200,99971,400,100014,100,99963,100,100034,100,99961,100,100036,100,99958,100,100039,100,99957,100,100046,100,99951,100,100050,100,99941,100,100058,100,99909,100,100081,100,99897,100
2019-06-28 09:30:00.000000069,100010,100,99982,100,100013,200,99971,400,100014,100,99963,100,100034,100,99961,100,100036,100,99958,100,100039,100,99957,100,100046,100,99951,100,100050,100,99941,100,100058,100,99909,100,100075,100,99897,100
2019-06-28 09:30:00.000000073,100010,100,99982,100,100013,200,99972,100,100014,100,99971,400,100034,100,99963,100,100036,100,99961,100,100039,100,99958,100,100046,100,99957,100,100050,100,99951,100,100058,100,99941,100,100075,100,99909,100
2019-06-28 09:30:00.000000081,100010,100,99982,100,100013,200,99972,100,100014,100,99971,400,100034,100,99963,100,100036,100,99961,100,100039,100,99959,100,100046,100,99958,100,100050,100,99957,100,100058,100,99951,100,100075,100,99941,100
2019-06-28 09:30:00.000000084,100010,100,99982,200,100013,200,99972,100,100014,100,99971,400,100034,100,99963,100,100036,100,99961,100,100039,100,99959,100,100046,100,99958,100,100050,100,99957,100,100058,100,99951,100,100075,100,99941,100
2019-06-28 09:30:00.000000085,100010,100,99982,300,100013,200,99972,100,100014,100,99971,400,100034,100,99963,100,100036,100,99961,100,100039,100,99959,100,100046,100,99958,100,100050,100,99957,100,100054,100,99951,100,100058,100,99941,100
2019-06-28 09:30:00.000000086,100010,100,99982,300,100013,200,99972,100,100014,100,99971,400,100034,100,99963,100,100036,100,99961,100,100039,100,99959,100,100046,100,99958,100,100050,100,99957,100,100054,100,99951,100,100058,100,99941,100
2019-06-28 09:30:00.000000087,100010,100,99982,400,100013,200,99972,100,100014,100,99971,400,100034,100,99963,100,100036,100,99961,100,100039,100,99959,100,100046,100,99958,100,100050,100,99957,100,100054,100,99951,100,100058,100,99941,100
2019-06-28 09:30:00.000000089,100013,200,99982,400,100014,100,99972,100,100034,100,99971,400,100036,100,99963,100,100039,100,99961,100,100046,100,99959,100,100050,100,99958,100,100054,100,99957,100,100058,100,99951,100,100075,100,99941,100
2019-06-28 09:30:00.000000090,100013,200,99988,100,100014,100,99982,400,100034,100,99972,100,100036,100,99971,400,100039,100,99963,100,100046,100,99961,100,100050,100,99959,100,100054,100,99958,100,100058,100,99957,100,100075,100,99951,100
2019-06-28 09:30:00.000000093,100013,200,99982,400,100014,100,99972,100,100034,100,99971,400,100036,100,99963,100,100039,100,99961,100,100046,100,99959,100,100050,100,99958,100,100054,100,99957,100,100058,100,99951,100,100075,100,99941,100
2019-06-28 09:30:00.000000094,100013,200,99982,300,100014,100,99972,100,100034,100,99971,400,100036,100,99963,100,100039,100,99961,100,100046,100,99959,100,100050,100,99958,100,100054,100,99957,100,100058,100,99951,100,100075,100,99941,100
2019-06-28 09:30:00.000000096,100013,200,99982,300,100014,100,99972,100,100034,100,99971,400,100036,100,99963,100,100039,100,99961,100,100046,100,99959,100,100050,100,99958,100,100054,100,99957,100,100058,100,99951,100,100075,100,99941,100
2019-06-28 09:30:00.000000097,100013,200,99982,300,100014,100,99972,100,100034,100,99971,400,100036,100,99963,100,100039,100,99961,100,100046,100,99959,100,100050,100,99958,100,100054,100,99957,100,100058,100,99951,100,100064,100,99941,100
2019-06-28 09:30:00.000000098,100013,200,99982,300,100014,100,99972,100,100034,100,99971,400,100036,100,99963,100,100039,100,99961,100,100046,100,99959,100,100050,100,99958,100,100054,100,99957,100,100058,100,99951,100,100064,100,99941,100
2019-06-28 09:30:00.000000099,100012,100,99982,300,100013,200,99972,100,100014,100,99971,400,100034,100,99963,100,100036,100,99961,100,100039,100,99959,100,100046,100,99958,100,100050,100,99957,100,100054,100,99951,100,100058,100,99941,100
2019-06-28 09:30:10.000000000,100012,173,99982,373,100013,273,99972,173,100014,173,99971,473,100034,173,99963,173,100036,173,99961,173,100039,100,99959,100,100046,100,99958,100,100050,100,99957,100,100054,100,99951,100,100058,100,99941,100
2019-06-28 09:30:20.000000000,100012,191,99982,391,100013,291,99972,191,100014,191,99971,491,100034,191,99963,191,100036,100,99961,100,100039,100,99959,100,100046,100,99958,100,100050,100,99957,100,100054,100,99951,100,100058,100,99941,100
2019-06-28 09:30:23.412939285,100012,191,99982,391,100013,291,99972,191,100014,191,99971,491,100034,191,99963,191,100036,100,99961,100,100039,100,99959,100,100046,100,99958,100,100050,100,99951,100,100054,100,99941,100,100058,100,99940,100
2019-06-28 09:30:26.003352716,99996,100,99982,391,100012,191,99972,191,100013,291,99971,491,100014,191,99963,191,100034,191,99961,100,100036,100,99958,100,100039,100,99951,100,100046,100,99941,100,100050,100,99940,100,100054,100,99909,100
2019-06-28 09:30:29.489183138,99996,100,99982,291,100012,191,99972,191,100013,291,99971,491,100014,91,99963,191,100034,191,99961,100,100036,100,99958,100,100039,100,99951,100,100046,100,99941,100,100050,100,99940,100,100054,100,99909,100
2019-06-28 09:30:30.000000000,99996,282,99982,382,100012,282,99972,282,100013,200,99971,400,100034,100,99963,100,100036,100,99961,100,100039,100,99958,100,100046,100,99951,100,100050,100,99941,100,100054,100,99940,100,100058,100,99909,100
2019-06-28 09:30:38.096083812,99996,282,99982,282,100012,282,99972,282,100013,200,99971,400,100034,100,99963,100,100036,100,99961,100,100039,100,99958,100,100046,100,99951,100,100050,100,99941,100,100054,100,99940,100,100058,100,99909,100
2019-06-28 09:30:40.000000000,99996,191,99982,191,100012,191,99972,191,100013,291,99971,491,100034,191,99963,191,100036,100,99961,100,100039,100,99958,100,100046,100,99951,100,100050,100,99941,100,100054,100,99940,100,100058,100,99909,100
2019-06-28 09:30:46.295792731,99996,191,99982,91,100012,191,99972,191,100013,291,99971,491,100034,191,99963,191,100036,100,99961,100,100039,100,99958,100,100046,100,99951,100,100050,100,99941,100,100054,100,99940,100,100058,100,99909,100
2019-06-28 09:30:50.000000000,99996,282,99972,282,100012,282,99971,582,100013,200,99963,100,100034,100,99961,100,100036,100,99958,100,100039,100,99951,100,100046,100,99941,100,100050,100,99940,100,100054,100,99909,100,100058,100,99829,100
2019-06-28 09:30:52.995936049,99982,100,99972,282,99996,282,99971,582,100012,282,99963,100,100013,200,99961,100,100034,100,99958,100,100036,100,99951,100,100039,100,99941,100,100046,100,99940,100,100050,100,99909,100,100054,100,99829,100
2019-06-28 09:31:00.000000000,99982,224,99972,224,99996,220,99971,520,100012,220,99963,220,100013,200,99961,100,100034,100,99958,100,100036,100,99951,100,100039,100,99941,100,100046,100,99940,100,100050,100,99909,100,100054,100,99829,100
2019-06-28 09:31:09.810093110,99982,124,99972,224,99996,220,99971,520,100012,220,99963,120,100013,200,99961,100,100034,100,99958,100,100036,100,99951,100,100039,100,99941,100,100046,100,99940,100,100050,100,99909,100,100054,100,99829,100
2019-06-28 09:31:10.000000000,99996,191,99972,191,100012,191,99971,491,100013,291,99961,191,100034,191,99958,191,100036,100,99951,100,100039,100,99941,100,100046,100,99940,100,100050,100,99909,100,100054,100,99829,100,100058,100,99818,100
2019-06-28 09:31:10.499198767,99996,191,99972,191,100012,191,99971,391,100013,291,99961,191,100034,191,99958,191,100036,100,99951,100,100039,100,99941,100,100046,100,99940,100,100050,100,99909,100,100054,100,99829,100,100058,100,99818,100
2019-06-28 09:31:11.062141432,99996,91,99972,191,100012,191,99971,391,100013,291,99961,191,100034,191,99958,191,100036,100,99951,100,100046,100,99941,100,100050,100,99940,100,100054,100,99909,100,100058,100,99829,100,100064,100,99818,100
2019-06-28 09:31:11.209731725,99996,91,99972,191,100012,191,99971,391,100013,291,99961,191,100034,191,99958,191,100036,100,99951,100,100046,100,99941,100,100050,100,99940,100,100054,100,99829,100,100058,100,99818,100,100064,100,99788,100
2019-06-28 09:31:20.000000000,100012,224,99972,224,100013,320,99971,420,100034,220,99961,220,100036,100,99958,100,100046,100,99951,100,100050,100,99941,100,100054,100,99940,100,100058,100,99829,100,100064,100,99818,100,100073,100,99788,100
2019-06-28 09:31:30.000000000,100012,191,99972,191,100013,291,99971,391,100034,191,99961,191,100036,191,99958,191,100046,100,99951,100,100050,100,99941,100,100054,100,99940,100,100058,100,99829,100,100064,100,99818,100,100073,100,99788,100
2019-06-28 09:31:40.000000000,100012,282,99972,282,100013,382,99971,482,100034,100,99961,100,100036,100,99958,100,100046,100,99951,100,100050,100,99941,100,100054,100,99940,100,100058,100,99829,100,100064,100,99818,100,100073,100,99788,100
2019-06-28 09:31:50.000000000,100012,224,99972,224,100013,320,99971,420,100034,220,99961,220,100036,100,99958,100,100046,100,99951,100,100050,100,99941,100,100054,100,99940,100,100058,100,99829,100,100064,100,99818,100,100073,100,99788,100
2019-06-28 09:31:58.019456575,100012,224,99972,224,100013,320,99971,420,100034,220,99961,220,100036,100,99958,100,100046,100,99955,100,100050,100,99951,100,100054,100,99941,100,100058,100,99940,100,100064,100,99829,100,100073,100,99818,100
2019-06-28 09:32:00.000000000,100012,173,99972,173,100013,273,99971,373,100034,173,99961,173,100036,173,99958,173,100046,173,99955,173,100050,100,99951,100,100054,100,99941,100,100058,100,99940,100,100064,100,99829,100,100073,100,99818,100
2019-06-28 09:32:04.011940229,100012,173,99972,173,100013,273,99971,373,100034,173,99961,173,100036,173,99958,173,100046,173,99955,173,100050,100,99951,100,100054,100,99941,100,100058,100,99940,100,100064,100,99829,100,100073,100,99818,100
2019-06-28 09:32:10.000000000,100012,224,99972,224,100013,320,99971,420,100034,220,99961,220,100036,100,99958,100,100046,100,99955,100,100050,100,99951,100,100054,100,99941,100,100058,100,99940,100,100064,100,99829,100,100073,100,99818,100
2019-06-28 09:32:10.319695872,100012,224,99972,224,100013,320,99971,420,100034,220,99961,220,100036,100,99958,100,100046,100,99955,100,100050,100,99951,100,100054,100,99941,100,100058,100,99940,100,100064,200,99829,100,100073,100,99818,100
2019-06-28 09:32:20.000000000,100012,191,99972,191,100013,291,99971,391,100034,191,99961,191,100036,191,99958,191,100046,100,99955,100,100050,100,99951,100,100054,100,99941,100,100058,100,99940,100,100064,200,99829,100,100073,100,99818,100
2019-06-28 09:32:23.112898235,100012,191,100008,100,100013,291,99972,191,100034,191,99971,391,100036,191,99961,191,100046,100,99958,191,100050,100,99955,100,100054,100,99951,100,100058,100,99941,100,100064,200,99940,100,100073,100,99829,100
2019-06-28 09:32:25.366034311,100012,191,100008,100,100013,291,99972,191,100034,191,99971,391,100036,191,99961,191,100046,100,99958,191,100050,100,99955,100,100054,100,99951,100,100058,100,99941,100,100064,200,99940,100,100073,100,99829,100
2019-06-28 09:32:30.000000000,100012,224,100008,224,100013,320,99972,220,100034,220,99971,420,100036,100,99961,100,100046,100,99958,100,100050,100,99955,100,100054,100,99951,100,100058,100,99941,100,100064,200,99940,100,100073,100,99829,100
2019-06-28 09:32:32.121559818,100012,124,100008,124,100013,320,99972,220,100034,220,99971,420,100036,100,99961,100,100046,100,99958,100,100050,100,99955,100,100054,100,99951,100,100058,100,99941,100,100064,200,99940,100,100073,100,99829,100
2019-06-28 09:32:40.000000000,100013,324,99972,224,100034,220,99971,420,100036,220,99961,220,100046,100,99958,100,100050,100,99955,100,100054,100,99951,100,100058,100,99941,100,100064,200,99940,100,100073,100,99829,100,100075,100,99818,100
2019-06-28 09:32:50.000000000,100013,565,99972,465,100034,100,99971,300,100036,100,99961,100,100046,100,99958,100,100050,100,99955,100,100054,100,99951,100,100058,100,99941,100,100064,200,99940,100,100073,100,99829,100,100075,100,99818,100
2019-06-28 09:33:00.000000000,100013,291,99972,191,100034,191,99971,391,100036,191,99961,191,100046,191,99958,191,100050,100,99955,100,100054,100,99951,100,100058,100,99941,100,100064,200,99940,100,100073,100,99829,100,100075,100,99818,100
2019-06-28 09:33:10.000000000,100013,273,99972,173,100034,173,99971,373,100036,173,99961,173,100046,173,99958,173,100050,173,99955,173,100054,100,99951,100,100058,100,99941,100,100064,200,99940,100,100073,100,99829,100,100075,100,99818,100
2019-06-28 09:33:17.765084535,100013,273,100009,100,100034,173,99972,173,100036,173,99971,373,100046,173,99961,173,100050,173,99958,173,100054,100,99955,173,100058,100,99951,100,100064,200,99941,100,100073,100,99940,100,100075,100,99829,100
2019-06-28 09:33:20.000000000,100013,273,100009,173,100034,173,99972,173,100036,173,99971,373,100046,173,99961,173,100050,173,99958,173,100054,100,99955,100,100058,100,99951,100,100064,200,99941,100,100073,100,99940,100,100075,100,99829,100
2019-06-28 09:33:30.000000000,100013,565,100009,465,100034,100,99972,100,100036,100,99971,300,100046,100,99961,100,100050,100,99958,100,100054,100,99955,100,100058,100,99951,100,100064,200,99941,100,100073,100,99940,100,100075,100,99829,100
2019-06-28 09:33:30.071841487,100013,465,100009,465,100034,100,99972,100,100036,100,99971,300,100046,100,99961,100,100050,100,99958,100,100054,100,99955,100,100058,100,99951,100,100064,100,99941,100,100073,100,99940,100,100075,100,99829,100
2019-06-28 09:33:40.000000000,100013,465,100009,465,100034,100,99972,100,100036,100,99971,300,100046,100,99961,100,100050,100,99958,100,100054,100,99955,100,100058,100,99951,100,100064,100,99941,100,100073,100,99940,100,100075,100,99829,100
2019-06-28 09:33:50.000000000,100013,173,100009,173,100034,173,99972,173,100036,173,99971,373,100046,173,99961,173,100050,173,99958,173,100054,100,99955,100,100058,100,99951,100,100064,100,99941,100,100073,100,99940,100,100075,100,99829,100
2019-06-28 09:33:53.980395439,100013,173,100012,100,100034,173,100009,173,100036,173,99972,173,100046,173,99971,273,100050,173,99961,173,100054,100,99958,173,100058,100,99955,100,100064,100,99951,100,100073,100,99941,100,100075,100,99940,100
2019-06-28 09:34:00.000000000,100013,173,100012,173,100034,173,100009,173,100036,173,99972,173,100046,173,99971,273,100050,173,99961,173,100054,100,99958,100,100058,100,99955,100,100064,100,99951,100,100073,100,99941,100,100075,100,99940,100
2019-06-28 09:34:10.000000000,100013,282,100012,282,100034,282,100009,282,100036,100,99972,100,100046,100,99971,200,100050,100,99961,100,100054,100,99958,100,100058,100,99955,100,100064,100,99951,100,100073,100,99941,100,100075,100,99940,100
2019-06-28 09:34:15.634324733,100013,282,100012,282,100034,282,100009,282,100036,100,99972,100,100046,100,99971,200,100050,100,99961,100,100054,100,99958,100,100058,100,99951,100,100064,100,99941,100,100073,100,99940,100,100075,100,99829,100
2019-06-28 09:34:20.000000000,100013,465,100012,465,100034,100,100009,100,100036,100,99972,100,100046,100,99971,200,100050,100,99961,100,100054,100,99958,100,100058,100,99951,100,100064,100,99941,100,100073,100,99940,100,100075,100,99829,100
2019-06-28 09:34:25.366394087,100013,465,100012,465,100034,100,99972,100,100036,100,99971,200,100046,100,99961,100,100050,100,99958,100,100054,100,99951,100,100058,100,99941,100,100064,100,99940,100,100073,100,99829,100,100075,100,99818,100
2019-06-28 09:34:30.000000000,100013,465,100012,465,100034,100,99972,100,100036,100,99971,200,100046,100,99961,100,100050,100,99958,100,100054,100,99951,100,100058,100,99941,100,100064,100,99940,100,100073,100,99829,100,100075,100,99818,100
2019-06-28 09:34:40.000000000,100013,465,100012,465,100034,100,99972,100,100036,100,99971,200,100046,100,99961,100,100050,100,99958,100,100054,100,99951,100,100058,100,99941,100,100064,100,99940,100,100073,100,99829,100,100075,100,99818,100
2019-06-28 09:34:50.000000000,100013,224,100012,224,100034,220,99972,220,100036,220,99971,320,100046,100,99961,100,100050,100,99958,100,100054,100,99951,100,100058,100,99941,100,100064,100,99940,100,100073,100,99829,100,100075,100,99818,100
2019-06-28 09:35:00.000000000,100013,191,100012,191,100034,191,99972,191,100036,191,99971,291,100046,191,99961,191,100050,100,99958,100,100054,100,99951,100,100058,100,99941,100,100064,100,99940,100,100073,100,99829,100,100075,100,99818,100
2019-06-28 09:35:03.903087996,100013,191,100012,191,100034,191,99972,191,100036,191,99971,291,100046,191,99961,191,100050,100,99958,100,100054,100,99951,100,100058,100,99941,100,100073,100,99940,100,100075,100,99829,100,100081,100,99818,100
2019-06-28 09:35:10.000000000,100013,282,100012,282,100034,282,99972,282,100036,100,99971,200,100046,100,99961,100,100050,100,99958,100,100054,100,99951,100,100058,100,99941,100,100073,100,99940,100,100075,100,99829,100,100081,100,99818,100
2019-06-28 09:35:20.000000000,100013,191,100012,191,100034,191,99972,191,100036,191,99971,291,100046,191,99961,191,100050,100,99958,100,100054,100,99951,100,100058,100,99941,100,100073,100,99940,100,100075,100,99829,100,100081,100,99818,100
2019-06-28 09:35:30.000000000,100013,224,100012,224,100034,220,99972,220,100036,220,99971,320,100046,100,99961,100,100050,100,99958,100,100054,100,99951,100,100058,100,99941,100,100073,100,99940,100,100075,100,99829,100,100081,100,99818,100
2019-06-28 09:35:40.000000000,100013,224,100012,224,100034,220,99972,220,100036,220,99971,320,100046,100,99961,100,100050,100,99958,100,100054,100,99951,100,100058,100,99941,100,100073,100,99940,100,100075,100,99829,100,100081,100,99818,100
2019-06-28 09:35:40.656899938,100013,224,100012,224,100034,220,99972,220,100036,220,99971,320,100050,100,99961,100,100054,100,99958,100,100058,100,99951,100,100073,100,99941,100,100075,100,99940,100,100081,100,99829,100,100084,100,99818,100
2019-06-28 09:35:50.000000000,100013,282,100012,282,100034,282,99972,282,100036,100,99971,200,100050,100,99961,100,100054,100,99958,100,100058,100,99951,100,100073,100,99941,100,100075,100,99940,100,100081,100,99829,100,100084,100,99818,100
2019-06-28 09:36:00.000000000,100013,282,100012,282,100034,282,99972,282,100036,100,99971,200,100050,100,99961,100,100054,100,99958,100,100058,100,99951,100,100073,100,99941,100,100075,100,99940,100,100081,100,99829,100,100084,100,99818,100
2019-06-28 09:36:10.000000000,100013,465,100012,465,100034,100,99972,100,100036,100,99971,200,100050,100,99961,100,100054,100,99958,100,100058,100,99951,100,100073,100,99941,100,100075,100,99940,100,100081,100,99829,100,100084,100,99818,100
2019-06-28 09:36:12.975513536,100013,465,100012,365,100034,100,99972,100,100036,100,99971,200,100050,100,99961,100,100054,100,99958,100,100058,100,99951,100,100073,100,99941,100,100075,100,99940,100,100081,100,99829,100,100084,100,99818,100
2019-06-28 09:36:20.000000000,100013,191,99972,191,100034,191,99971,291,100036,191,99961,191,100050,191,99958,191,100054,100,99951,100,100058,100,99941,100,100073,100,99940,100,100075,100,99829,100,100081,100,99818,100,100084,100,99788,100
2019-06-28 09:36:30.000000000,100013,465,99972,465,100034,100,99971,200,100036,100,99961,100,100050,100,99958,100,100054,100,99951,100,100058,100,99941,100,100073,100,99940,100,100075,100,99829,100,100081,100,99818,100,100084,100,99788,100
2019-06-28 09:36:40.000000000,100013,173,99972,173,100034,173,99971,273,100036,173,99961,173,100050,173,99958,173,100054,173,99951,173,100058,100,99941,100,100073,100,99940,100,100075,100,99829,100,100081,100,99818,100,100084,100,99788,100
2019-06-28 09:36:42.703799689,100013,173,99972,173,100034,173,99971,273,100036,173,99961,173,100050,173,99958,173,100054,173,99951,173,100058,100,99941,100,100073,100,99940,100,100075,100,99829,100,100081,100,99818,100,100084,100,99788,100
2019-06-28 09:36:47.733682095,100012,100,99972,173,100013,173,99971,273,100034,173,99961,173,100036,173,99958,173,100050,173,99951,173,100054,173,99941,100,100058,100,99940,100,100073,100,99829,100,100075,100,99818,100,100081,100,99788,100
2019-06-28 09:36:50.000000000,100012,173,99972,173,100013,173,99971,273,100034,173,99961,173,100036,173,99958,173,100050,173,99951,173,100054,100,99941,100,100058,100,99940,100,100073,100,99829,100,100075,100,99818,100,100081,100,99788,100
2019-06-28 09:37:00.000000000,100012,173,99972,173,100013,173,99971,273,100034,173,99961,173,100036,173,99958,173,100050,173,99951,173,100054,100,99941,100,100058,100,99940,100,100073,100,99829,100,100075,100,99818,100,100081,100,99788,100
2019-06-28 09:37:00.406861853,100012,173,99972,173,100013,173,99971,273,100034,173,99961,173,100036,173,99958,173,100050,173,99951,173,100054,100,99941,100,100058,100,99940,100,100073,100,99829,100,100075,100,99818,100,100081,100,99788,100
2019-06-28 09:37:10.000000000,100012,224,99972,224,100013,220,99971,320,100034,220,99961,220,100036,100,99958,100,100050,100,99951,100,100054,100,99941,100,100058,100,99940,100,100073,100,99829,100,100075,100,99818,100,100081,100,99788,100
2019-06-28 09:37:15.384913904,100012,224,99972,124,100013,220,99971,320,100034,220,99961,220,100036,100,99958,100,100050,100,99951,100,100054,100,99941,100,100058,100,99940,100,100073,100,99829,100,100075,100,99818,100,100081,100,99788,100
2019-06-28 09:37:20.000000000,100012,282,99971,382,100013,282,99961,282,100034,100,99958,100,100036,100,99951,100,100050,100,99941,100,100054,100,99940,100,100058,100,99829,100,100073,100,99818,100,100075,100,99788,100,100081,100,99767,100
2019-06-28 09:37:30.000000000,100012,465,99971,565,100013,100,99961,100,100034,100,99958,100,100036,100,99951,100,100050,100,99941,100,100054,100,99940,100,100058,100,99829,100,100073,100,99818,100,100075,100,99788,100,100081,100,99767,100
2019-06-28 09:37:38.510767079,100012,465,99971,465,100013,100,99961,100,100034,100,99958,100,100036,100,99951,100,100050,100,99941,100,100054,100,99940,100,100073,100,99829,100,100075,100,99818,100,100081,100,99788,100,100084,100,99767,100
2019-06-28 09:37:40.000000000,100012,191,99971,191,100013,191,99961,191,100034,191,99958,191,100036,191,99951,191,100050,100,99941,100,100054,100,99940,100,100073,100,99829,100,100075,100,99818,100,100081,100,99788,100,100084,100,99767,100
2019-06-28 09:37:50.000000000,100012,173,99971,173,100013,173,99961,173,100034,173,99958,173,100036,173,99951,173,100050,173,99941,173,100054,100,99940,100,100073,100,99829,100,100075,100,99818,100,100081,100,99788,100,100084,100,99767,100
2019-06-28 09:38:00.000000000,100012,282,99971,282,100013,282,99961,282,100034,100,99958,100,100036,100,99951,100,100050,100,99941,100,100054,100,99940,100,100073,100,99829,100,100075,100,99818,100,100081,100,99788,100,100084,100,99767,100
2019-06-28 09:38:04.305348359,100012,282,99971,182,100013,282,99961,282,100034,100,99958,100,100036,100,99951,100,100050,100,99941,100,100054,100,99940,100,100073,100,99829,100,100075,100,99818,100,100081,100,99788,100,100084,100,99767,100
2019-06-28 09:38:07.760104783,100012,282,99971,82,100013,282,99961,282,100034,100,99958,100,100036,100,99951,100,100050,100,99941,100,100054,100,99829,100,100073,100,99818,100,100075,100,99788,100,100081,100,99767,100,100084,100,99713,100
2019-06-28 09:38:10.000000000,100012,282,99961,282,100013,282,99958,282,100034,100,99951,100,100036,100,99941,100,100050,100,99829,100,100054,100,99818,100,100073,100,99788,100,100075,100,99767,100,100081,100,99713,100,100084,100,99435,100
2019-06-28 09:38:11.447065729,100012,282,99961,282,100013,282,99958,282,100034,100,99951,100,100036,100,99941,100,100050,100,99829,100,100054,100,99818,100,100073,100,99788,100,100075,100,99767,100,100081,100,99713,100,100087,100,99512,100
2019-06-28 09:38:18.095350800,100012,282,99961,182,100013,282,99958,282,100034,100,99951,100,100036,100,99941,100,100050,100,99829,100,100054,100,99818,100,100073,100,99788,100,100075,100,99767,100,100081,100,99713,100,100087,100,99512,100
2019-06-28 09:38:20.000000000,100012,173,99958,173,100013,173,99951,173,100034,173,99941,173,100036,173,99829,173,100050,173,99818,173,100054,100,99788,100,100073,100,99767,100,100075,100,99713,100,100081,100,99512,100,100087,100,99435,100
2019-06-28 09:38:30.000000000,100012,282,99958,282,100013,282,99951,282,100034,100,99941,100,100036,100,99829,100,100050,100,99818,100,100054,100,99788,100,100073,100,99767,100,100075,100,99713,100,100081,100,99512,100,100087,100,99435,100
2019-06-28 09:38:40.000000000,100012,282,99958,282,100013,282,99951,282,100034,100,99941,100,100036,100,99829,100,100050,100,99818,100,100054,100,99788,100,100073,100,99767,100,100075,100,99713,100,100081,100,99512,100,100087,100,99435,100
2019-06-28 09:38:41.712930281,100012,282,99958,182,100013,282,99951,282,100034,100,99941,100,100036,100,99829,100,100050,100,99818,100,100054,100,99788,100,100073,100,99767,100,100075,100,99713,100,100081,100,99512,100,100087,100,99435,100
2019-06-28 09:38:50.000000000,100012,465,99951,465,100013,100,99941,100,100034,100,99829,100,100036,100,99818,100,100050,100,99788,100,100054,100,99767,100,100073,100,99713,100,100075,100,99512,100,100081,100,99435,100,100087,100,99348,100
2019-06-28 09:39:00.000000000,100012,191,99951,191,100013,191,99941,191,100034,191,99829,191,100036,191,99818,191,100050,100,99788,100,100054,100,99767,100,100073,100,99713,100,100075,100,99512,100,100081,100,99435,100,100087,100,99348,100
2019-06-28 09:39:09.750610999,100012,191,99951,191,100013,191,99941,191,100034,191,99829,191,100036,191,99818,191,100050,100,99788,100,100054,100,99767,100,100073,100,99713,100,100075,100,99512,100,100081,100,99435,100,100087,100,99348,100
2019-06-28 09:39:10.000000000,100012,224,99951,224,100013,220,99941,220,100034,220,99829,220,100036,100,99818,100,100050,100,99788,100,100054,100,99767,100,100073,100,99713,100,100075,100,99512,100,100081,100,99435,100,100087,100,99348,100
2019-06-28 09:39:20.000000000,100012,282,99951,282,100013,282,99941,282,100034,100,99829,100,100036,100,99818,100,100050,100,99788,100,100054,100,99767,100,100073,100,99713,100,100075,100,99512,100,100081,100,99435,100,100087,100,99348,100
2019-06-28 09:39:30.000000000,100012,173,99951,173,100013,173,99941,173,100034,173,99829,173,100036,173,99818,173,100050,173,99788,173,100054,100,99767,100,100073,100,99713,100,100075,100,99512,100,100081,100,99435,100,100087,100,99348,100
2019-06-28 09:39:40.000000000,100012,173,99951,173,100013,173,99941,173,100034,173,99829,173,100036,173,99818,173,100050,173,99788,173,100054,100,99767,100,100073,100,99713,100,100075,100,99512,100,100081,100,99435,100,100087,100,99348,100
2019-06-28 09:39:48.902253109,100012,173,99951,173,100013,173,99941,173,100034,173,99829,73,100036,173,99818,173,100050,173,99788,173,100054,100,99767,100,100073,100,99713,100,100075,100,99512,100,100081,100,99435,100,100087,100,99348,100
2019-06-28 09:39:50.000000000,100012,224,99951,224,100013,220,99941,220,100034,220,99818,220,100036,100,99788,100,100050,100,99767,100,100054,100,99713,100,100073,100,99512,100,100075,100,99435,100,100081,100,99348,100,100087,100,99314,100
2019-06-28 09:39:50.081358934,100012,224,99951,224,100013,220,99941,220,100034,220,99818,220,100036,100,99788,100,100050,100,99767,100,100054,100,99713,100,100073,100,99512,100,100075,100,99435,100,100081,100,99348,100,100087,100,99262,100
2019-06-28 09:40:00.000000000,100012,191,99951,191,100013,191,99941,191,100034,191,99818,191,100036,191,99788,191,100050,100,99767,100,100054,100,99713,100,100073,100,99512,100,100075,100,99435,100,100081,100,99348,100,100087,100,99262,100
2019-06-28 09:40:09.623495539,100012,191,99951,91,100013,191,99941,191,100034,191,99818,191,100036,191,99788,191,100050,100,99767,100,100054,100,99713,100,100073,100,99512,100,100075,100,99435,100,100081,100,99348,100,100087,100,99262,100
2019-06-28 09:40:10.000000000,100012,173,99941,173,100013,173,99818,173,100034,173,99788,173,100036,173,99767,173,100050,173,99713,173,100054,100,99512,100,100073,100,99435,100,100075,100,99348,100,100081,100,99262,100,100087,100,99225,100
2019-06-28 09:40:20.000000000,100012,224,99941,224,100013,220,99818,220,100034,220,99788,220,100036,100,99767,100,100050,100,99713,100,100054,100,99512,100,100073,100,99435,100,100075,100,99348,100,100081,100,99262,100,100087,100,99225,100
2019-06-28 09:40:30.000000000,100012,465,99941,465,100013,100,99818,100,100034,100,99788,100,100036,100,99767,100,100050,100,99713,100,100054,100,99512,100,100073,100,99435,100,100075,100,99348,100,100081,100,99262,100,100087,100,99225,100
2019-06-28 09:40:40.000000000,100012,191,99941,191,100013,191,99818,191,100034,191,99788,191,100036,191,99767,191,100050,100,99713,100,100054,100,99512,100,100073,100,99435,100,100075,100,99348,100,100081,100,99262,100,100087,100,99225,100
2019-06-28 09:40:48.775097071,100012,191,99941,191,100013,191,99818,191,100034,191,99788,191,100036,191,99767,191,100050,100,99755,100,100054,100,99713,100,100073,100,99512,100,100075,100,99435,100,100081,100,99348,100,100087,100,99262,100
2019-06-28 09:40:50.000000000,100012,173,99941,173,100013,173,99818,173,100034,173,99788,173,100036,173,99767,173,100050,173,99755,173,100054,100,99713,100,100073,100,99512,100,100075,100,99435,100,100081,100,99348,100,100087,100,99262,100
2019-06-28 09:40:55.564412546,99958,100,99941,173,100012,173,99818,173,100013,173,99788,173,100034,173,99767,173,100036,173,99755,173,100050,173,99713,100,100054,100,99512,100,100073,100,99435,100,100075,100,99348,100,100081,100,99262,100
2019-06-28 09:40:56.989246730,99958,100,99941,173,100012,173,99818,173,100013,173,99788,173,100034,173,99767,173,100036,173,99755,173,100050,173,99713,100,100054,100,99512,100,100073,100,99435,100,100075,100,99403,100,100081,100,99348,100
2019-06-28 09:41:00.000000000,99958,224,99941,224,100012,220,99818,220,100013,220,99788,220,100034,100,99767,100,100036,100,99755,100,100050,100,99713,100,100054,100,99512,100,100073,100,99435,100,100075,100,99403,100,100081,100,99348,100
2019-06-28 09:41:01.537388015,99958,224,99941,124,100012,220,99818,220,100013,220,99788,220,100034,100,99767,100,100036,100,99755,100,100050,100,99713,100,100054,100,99512,100,100073,100,99435,100,100075,100,99403,100,100081,100,99348,100
2019-06-28 09:41:06.751142884,99958,224,99941,24,100012,220,99818,220,100013,220,99788,220,100034,100,99767,100,100036,100,99755,100,100050,100,99713,100,100054,100,99512,100,100073,100,99435,100,100075,100,99403,100,100081,100,99348,100
2019-06-28 09:41:09.518491629,99941,76,99818,220,99958,224,99788,220,100012,220,99767,100,100013,220,99755,100,100034,100,99713,100,100036,100,99512,100,100050,100,99435,100,100054,100,99403,100,100073,100,99348,100,100081,100,99262,100
2019-06-28 09:41:10.000000000,99941,258,99818,282,99958,282,99788,282,100012,100,99767,100,100013,100,99755,100,100034,100,99713,100,100036,100,99512,100,100050,100,99435,100,100054,100,99403,100,100073,100,99348,100,100081,100,99262,100
2019-06-28 09:41:10.323733676,99941,258,99818,182,99958,282,99788,282,100012,100,99767,100,100013,100,99755,100,100034,100,99713,100,100036,100,99512,100,100050,100,99435,100,100054,100,99403,100,100073,100,99348,100,100087,100,99262,100
2019-06-28 09:41:11.953378483,99941,258,99818,182,99958,282,99788,282,100012,100,99767,100,100013,100,99755,100,100034,100,99713,100,100036,100,99512,100,100050,100,99435,100,100054,100,99403,100,100073,100,99358,100,100087,100,99348,100
2019-06-28 09:41:20.000000000,99941,258,99788,282,99958,282,99767,282,100012,100,99755,100,100013,100,99713,100,100034,100,99512,100,100036,100,99435,100,100050,100,99403,100,100054,100,99358,100,100073,100,99348,100,100087,100,99262,100
2019-06-28 09:41:23.156817520,99940,100,99788,282,99941,258,99767,282,99958,282,99755,100,100012,100,99713,100,100013,100,99512,100,100034,100,99435,100,100036,100,99403,100,100050,100,99358,100,100054,100,99348,100,100073,100,99262,100
2019-06-28 09:41:30.000000000,99940,465,99788,465,99941,76,99767,100,99958,100,99755,100,100012,100,99713,100,100013,100,99512,100,100034,100,99435,100,100036,100,99403,100,100050,100,99358,100,100054,100,99348,100,100073,100,99262,100
2019-06-28 09:41:40.000000000,99940,282,99788,282,99941,258,99767,282,99958,100,99755,100,100012,100,99713,100,100013,100,99512,100,100034,100,99435,100,100036,100,99403,100,100050,100,99358,100,100054,100,99348,100,100073,100,99262,100
2019-06-28 09:41:50.000000000,99940,465,99788,465,99941,76,99767,100,99958,100,99755,100,100012,100,99713,100,100013,100,99512,100,100034,100,99435,100,100036,100,99403,100,100050,100,99358,100,100054,100,99348,100,100073,100,99262,100
2019-06-28 09:42:00.000000000,99940,191,99788,191,99941,167,99767,191,99958,191,99755,191,100012,191,99713,191,100013,100,99512,100,100034,100,99435,100,100036,100,99403,100,100050,100,99358,100,100054,100,99348,100,100073,100,99262,100
2019-06-28 09:42:10.000000000,99940,191,99788,191,99941,167,99767,191,99958,191,99755,191,100012,191,99713,191,100013,100,99512,100,100034,100,99435,100,100036,100,99403,100,100050,100,99358,100,100054,100,99348,100,100073,100,99262,100
2019-06-28 09:42:14.479694042,99940,291,99788,191,99941,167,99767,191,99958,191,99755,191,100012,191,99713,191,100013,100,99512,100,100034,100,99435,100,100036,100,99403,100,100050,100,99358,100,100054,100,99348,100,100073,100,99262,100
2019-06-28 09:42:15.674223198,99940,291,99788,191,99941,167,99767,191,99958,191,99755,191,100012,191,99713,191,100013,100,99512,100,100034,100,99435,100,100036,100,99403,100,100050,100,99358,100,100054,100,99348,100,100073,100,99262,100
2019-06-28 09:42:20.000000000,99940,565,99788,465,99941,76,99767,100,99958,100,99755,100,100012,100,99713,100,100013,100,99512,100,100034,100,99435,100,100036,100,99403,100,100050,100,99358,100,100054,100,99348,100,100073,100,99262,100
2019-06-28 09:42:25.790159809,99940,665,99788,465,99941,76,99767,100,99958,100,99755,100,100012,100,99713,100,100013,100,99512,100,100034,100,99435,100,100036,100,99403,100,100050,100,99358,100,100054,100,99348,100,100073,100,99262,100
2019-06-28 09:42:30.000000000,99940,391,99788,191,99941,167,99767,191,99958,191,99755,191,100012,191,99713,191,100013,100,99512,100,100034,100,99435,100,100036,100,99403,100,100050,100,99358,100,100054,100,99348,100,100073,100,99262,100
2019-06-28 09:42:40.000000000,99940,424,99788,224,99941,196,99767,220,99958,220,99755,220,100012,100,99713,100,100013,100,99512,100,100034,100,99435,100,100036,100,99403,100,100050,100,99358,100,100054,100,99348,100,100073,100,99262,100
2019-06-28 09:42:50.000000000,99940,373,99788,173,99941,149,99767,173,99958,173,99755,173,100012,173,99713,173,100013,173,99512,173,100034,100,99435,100,100036,100,99403,100,100050,100,99358,100,100054,100,99348,100,100073,100,99262,100
2019-06-28 09:42:53.123702641,99940,373,99788,173,99941,149,99767,173,99944,100,99755,173,99958,173,99713,173,100012,173,99512,173,100013,173,99435,100,100034,100,99403,100,100036,100,99358,100,100050,100,99348,100,100054,100,99262,100
2019-06-28 09:42:59.538372459,99940,373,99788,173,99941,149,99767,173,99944,100,99755,173,99958,173,99713,173,99965,100,99512,173,100012,173,99435,100,100013,173,99403,100,100034,100,99358,100,100036,100,99348,100,100050,100,99262,100
2019-06-28 09:43:00.000000000,99940,391,99788,191,99941,167,99767,191,99944,191,99755,191,99958,191,99713,191,99965,100,99512,100,100012,100,99435,100,100013,100,99403,100,100034,100,99358,100,100036,100,99348,100,100050,100,99262,100
2019-06-28 09:43:10.000000000,99940,373,99788,173,99941,149,99767,173,99944,173,99755,173,99958,173,99713,173,99965,173,99512,173,100012,100,99435,100,100013,100,99403,100,100034,100,99358,100,100036,100,99348,100,100050,100,99262,100
2019-06-28 09:43:20.000000000,99940,391,99788,191,99941,167,99767,191,99944,191,99755,191,99958,191,99713,191,99965,100,99512,100,100012,100,99435,100,100013,100,99403,100,100034,100,99358,100,100036,100,99348,100,100050,100,99262,100
2019-06-28 09:43:22.424668495,99940,391,99788,191,99941,167,99767,191,99944,191,99755,191,99958,191,99713,191,99965,100,99512,100,100012,100,99497,100,100013,100,99435,100,100034,100,99403,100,100036,100,99358,100,100050,100,99348,100
2019-06-28 09:43:24.194440477,99940,391,99788,91,99941,167,99767,191,99944,191,99755,191,99958,191,99713,191,99965,100,99512,100,100012,100,99497,100,100013,100,99435,100,100034,100,99403,100,100036,100,99358,100,100050,100,99348,100
2019-06-28 09:43:30.000000000,99940,373,99767,173,99941,149,99755,173,99944,173,99713,173,99958,173,99512,173,99965,173,99497,173,100012,100,99435,100,100013,100,99403,100,100034,100,99358,100,100036,100,99348,100,100050,100,99262,100
2019-06-28 09:43:39.009090395,99857,100,99767,173,99940,373,99755,173,99941,149,99713,173,99944,173,99512,173,99958,173,99497,173,99965,173,99435,100,100012,100,99403,100,100013,100,99358,100,100034,100,99348,100,100036,100,99262,100
2019-06-28 09:43:40.000000000,99857,191,99767,191,99940,391,99755,191,99941,167,99713,191,99944,191,99512,191,99958,100,99497,100,99965,100,99435,100,100012,100,99403,100,100013,100,99358,100,100034,100,99348,100,100036,100,99262,100
2019-06-28 09:43:42.409313306,99857,191,99767,191,99940,391,99755,191,99941,167,99713,191,99944,191,99512,191,99958,100,99497,100,99965,100,99435,100,100012,100,99403,100,100013,100,99358,100,100034,100,99348,100,100036,100,99262,100
2019-06-28 09:43:50.000000000,99857,224,99767,224,99940,420,99755,220,99941,196,99713,220,99944,100,99512,100,99958,100,99497,100,99965,100,99435,100,100012,100,99403,100,100013,100,99358,100,100034,100,99348,100,100036,100,99262,100
2019-06-28 09:44:00.000000000,99857,224,99767,224,99940,420,99755,220,99941,196,99713,220,99944,100,99512,100,99958,100,99497,100,99965,100,99435,100,100012,100,99403,100,100013,100,99358,100,100034,100,99348,100,100036,100,99262,100
2019-06-28 09:44:01.616663300,99857,124,99767,224,99940,420,99755,220,99941,196,99713,220,99944,100,99512,100,99958,100,99497,100,99965,100,99435,100,100012,100,99403,100,100013,100,99358,100,100034,100,99348,100,100036,100,99262,100
2019-06-28 09:44:10.000000000,99940,424,99767,224,99941,196,99755,220,99944,220,99713,220,99958,100,99512,100,99965,100,99497,100,100012,100,99435,100,100013,100,99403,100,100034,100,99358,100,100036,100,99348,100,100050,100,99262,100
2019-06-28 09:44:18.626094446,99940,424,99854,100,99941,196,99767,224,99944,220,99755,220,99958,100,99713,220,99965,100,99512,100,100012,100,99497,100,100013,100,99435,100,100034,100,99403,100,100036,100,99358,100,100050,100,99348,100
2019-06-28 09:44:19.844676929,99940,424,99854,100,99941,196,99789,100,99944,220,99767,224,99958,100,99755,220,99965,100,99713,220,100012,100,99512,100,100013,100,99497,100,100034,100,99435,100,100036,100,99403,100,100050,100,99358,100
2019-06-28 09:44:20.000000000,99940,373,99854,173,99941,149,99789,173,99944,173,99767,173,99958,173,99755,173,99965,173,99713,173,100012,100,99512,100,100013,100,99497,100,100034,100,99435,100,100036,100,99403,100,100050,100,99358,100
2019-06-28 09:44:30.000000000,99940,373,99854,173,99941,149,99789,173,99944,173,99767,173,99958,173,99755,173,99965,173,99713,173,100012,100,99512,100,100013,100,99497,100,100034,100,99435,100,100036,100,99403,100,100050,100,99358,100
2019-06-28 09:44:40.000000000,99940,482,99854,282,99941,258,99789,282,99944,100,99767,100,99958,100,99755,100,99965,100,99713,100,100012,100,99512,100,100013,100,99497,100,100034,100,99435,100,100036,100,99403,100,100050,100,99358,100
2019-06-28 09:44:40.000860701,99940,482,99854,282,99941,258,99789,282,99944,100,99767,100,99958,100,99755,100,100012,100,99713,100,100013,100,99512,100,100034,100,99497,100,100036,100,99435,100,100050,100,99403,100,100054,100,99358,100
2019-06-28 09:44:41.623025050,99940,382,99854,282,99941,258,99789,282,99944,100,99767,100,99958,100,99755,100,100012,100,99713,100,100013,100,99512,100,100034,100,99497,100,100036,100,99435,100,100054,100,99403,100,100055,100,99358,100
2019-06-28 09:44:49.528916698,99866,100,99854,282,99940,382,99789,282,99941,258,99767,100,99944,100,99755,100,99958,100,99713,100,100012,100,99512,100,100013,100,99497,100,100034,100,99435,100,100036,100,99403,100,100054,100,99358,100
2019-06-28 09:44:50.000000000,99866,282,99854,282,99940,382,99789,282,99941,76,99767,100,99944,100,99755,100,99958,100,99713,100,100012,100,99512,100,100013,100,99497,100,100034,100,99435,100,100036,100,99403,100,100054,100,99358,100
2019-06-28 09:44:51.188061668,99866,282,99854,282,99940,382,99789,282,99941,76,99767,100,99944,100,99755,100,100012,100,99713,100,100013,100,99512,100,100034,100,99497,100,100036,100,99435,100,100054,100,99403,100,100055,100,99358,100
2019-06-28 09:44:57.072816306,99866,282,99855,100,99940,382,99854,282,99941,76,99789,282,99944,100,99767,100,100012,100,99755,100,100013,100,99713,100,100034,100,99512,100,100036,100,99497,100,100054,100,99435,100,100055,100,99403,100
2019-06-28 09:45:00.000000000,99866,224,99855,224,99940,320,99854,220,99941,196,99789,220,99944,100,99767,100,100012,100,99755,100,100013,100,99713,100,100034,100,99512,100,100036,100,99497,100,100054,100,99435,100,100055,100,99403,100
2019-06-28 09:45:10.000000000,99866,191,99855,191,99940,291,99854,191,99941,167,99789,191,99944,191,99767,191,100012,100,99755,100,100013,100,99713,100,100034,100,99512,100,100036,100,99497,100,100054,100,99435,100,100055,100,99403,100
2019-06-28 09:45:20.000000000,99866,224,99855,224,99940,320,99854,220,99941,196,99789,220,99944,100,99767,100,100012,100,99755,100,100013,100,99713,100,100034,100,99512,100,100036,100,99497,100,100054,100,99435,100,100055,100,99403,100
2019-06-28 09:45:20.755280086,99866,124,99855,224,99940,320,99854,220,99941,196,99789,220,99944,100,99767,100,100012,100,99755,100,100013,100,99713,100,100034,100,99512,100,100036,100,99497,100,100054,100,99435,100,100055,100,99403,100
2019-06-28 09:45:30.000000000,99940,382,99855,282,99941,258,99854,282,99944,100,99789,100,100012,100,99767,100,100013,100,99755,100,100034,100,99713,100,100036,100,99512,100,100054,100,99497,100,100055,100,99435,100,100060,100,99403,100
2019-06-28 09:45:40.000000000,99940,382,99855,282,99941,258,99854,282,99944,100,99789,100,100012,100,99767,100,100013,100,99755,100,100034,100,99713,100,100036,100,99512,100,100054,100,99497,100,100055,100,99435,100,100060,100,99403,100
2019-06-28 09:45:46.058278199,99940,282,99855,282,99941,258,99854,282,99944,100,99789,100,100012,100,99767,100,100013,100,99755,100,100034,100,99713,100,100036,100,99512,100,100054,100,99497,100,100055,100,99435,100,100060,100,99403,100
2019-06-28 09:45:50.000000000,99940,173,99855,173,99941,149,99854,173,99944,173,99789,173,100012,173,99767,173,100013,173,99755,173,100034,100,99713,100,100036,100,99512,100,100054,100,99497,100,100055,100,99435,100,100060,100,99403,100
2019-06-28 09:45:58.891126917,99940,73,99855,173,99941,149,99854,173,99944,173,99789,173,100012,173,99767,173,100013,173,99755,173,100034,100,99713,100,100036,100,99512,100,100054,100,99497,100,100055,100,99435,100,100060,100,99403,100
2019-06-28 09:46:00.000000000,99941,441,99855,465,99944,100,99854,100,100012,100,99789,100,100013,100,99767,100,100034,100,99755,100,100036,100,99713,100,100054,100,99512,100,100055,100,99497,100,100060,100,99435,100,100073,100,99403,100
2019-06-28 09:46:10.000000000,99941,149,99855,173,99944,173,99854,173,100012,173,99789,173,100013,173,99767,173,100034,173,99755,173,100036,100,99713,100,100054,100,99512,100,100055,100,99497,100,100060,100,99435,100,100073,100,99403,100
2019-06-28 09:46:20.000000000,99941,258,99855,282,99944,282,99854,282,100012,100,99789,100,100013,100,99767,100,100034,100,99755,100,100036,100,99713,100,100054,100,99512,100,100055,100,99497,100,100060,100,99435,100,100073,100,99403,100
2019-06-28 09:46:21.737438980,99941,158,99855,282,99944,282,99854,282,100012,100,99789,100,100013,100,99767,100,100034,100,99755,100,100036,100,99713,100,100054,100,99512,100,100055,100,99497,100,100060,100,99435,100,100073,100,99403,100
2019-06-28 09:46:30.000000000,99944,173,99855,173,100012,173,99854,173,100013,173,99789,173,100034,173,99767,173,100036,173,99755,173,100054,100,99713,100,100055,100,99512,100,100060,100,99497,100,100073,100,99435,100,100087,100,99403,100
2019-06-28 09:46:40.000000000,99944,224,99855,224,100012,220,99854,220,100013,220,99789,220,100034,100,99767,100,100036,100,99755,100,100054,100,99713,100,100055,100,99512,100,100060,100,99497,100,100073,100,99435,100,100087,100,99403,100
2019-06-28 09:46:50.000000000,99944,465,99855,465,100012,100,99854,100,100013,100,99789,100,100034,100,99767,100,100036,100,99755,100,100054,100,99713,100,100055,100,99512,100,100060,100,99497,100,100073,100,99435,100,100087,100,99403,100
2019-06-28 09:47:00.000000000,99944,282,99855,282,100012,282,99854,282,100013,100,99789,100,100034,100,99767,100,100036,100,99755,100,100054,100,99713,100,100055,100,99512,100,100060,100,99497,100,100073,100,99435,100,100087,100,99403,100
2019-06-28 09:47:09.338999288,99944,282,99855,282,100012,282,99854,282,100013,100,99789,100,100034,100,99767,100,100036,100,99755,100,100054,100,99713,100,100055,100,99512,100,100060,100,99497,100,100073,100,99435,100,100087,100,99403,100
2019-06-28 09:47:10.000000000,99944,173,99855,173,100012,173,99854,173,100013,173,99789,173,100034,173,99767,173,100036,173,99755,173,100054,100,99713,100,100055,100,99512,100,100060,100,99497,100,100073,100,99435,100,100087,100,99403,100
2019-06-28 09:47:20.000000000,99944,282,99855,282,100012,282,99854,282,100013,100,99789,100,100034,100,99767,100,100036,100,99755,100,100054,100,99713,100,100055,100,99512,100,100060,100,99497,100,100073,100,99435,100,100087,100,99403,100
2019-06-28 09:47:26.239038336,99944,182,99855,282,100012,282,99854,282,100013,100,99789,100,100034,100,99767,100,100036,100,99755,100,100054,100,99713,100,100055,100,99512,100,100060,100,99497,100,100073,100,99435,100,100087,100,99403,100
2019-06-28 09:47:30.000000000,100012,191,99855,191,100013,191,99854,191,100034,191,99789,191,100036,191,99767,191,100054,100,99755,100,100055,100,99713,100,100060,100,99512,100,100073,100,99497,100,100087,100,99435,100,100101,100,99403,100
2019-06-28 09:47:40.000000000,100012,191,99855,191,100013,191,99854,191,100034,191,99789,191,100036,191,99767,191,100054,100,99755,100,100055,100,99713,100,100060,100,99512,100,100073,100,99497,100,100087,100,99435,100,100101,100,99403,100
2019-06-28 09:47:50.000000000,100012,224,99855,224,100013,220,99854,220,100034,220,99789,220,100036,100,99767,100,100054,100,99755,100,100055,100,99713,100,100060,100,99512,100,100073,100,99497,100,100087,100,99435,100,100101,100,99403,100
2019-06-28 09:48:00.000000000,100012,173,99855,173,100013,173,99854,173,100034,173,99789,173,100036,173,99767,173,100054,173,99755,173,100055,100,99713,100,100060,100,99512,100,100073,100,99497,100,100087,100,99435,100,100101,100,99403,100
2019-06-28 09:48:10.000000000,100012,224,99855,224,100013,220,99854,220,100034,220,99789,220,100036,100,99767,100,100054,100,99755,100,100055,100,99713,100,100060,100,99512,100,100073,100,99497,100,100087,100,99435,100,100101,100,99403,100
2019-06-28 09:48:20.000000000,100012,465,99855,465,100013,100,99854,100,100034,100,99789,100,100036,100,99767,100,100054,100,99755,100,100055,100,99713,100,100060,100,99512,100,100073,100,99497,100,100087,100,99435,100,100101,100,99403,100
2019-06-28 09:48:29.590502425,100012,465,99941,100,100013,100,99855,465,100034,100,99854,100,100036,100,99789,100,100054,100,99767,100,100055,100,99755,100,100060,100,99713,100,100073,100,99512,100,100087,100,99497,100,100101,100,99435,100
2019-06-28 09:48:30.000000000,100012,282,99941,282,100013,282,99855,282,100034,100,99854,100,100036,100,99789,100,100054,100,99767,100,100055,100,99755,100,100060,100,99713,100,100073,100,99512,100,100087,100,99497,100,100101,100,99435,100
2019-06-28 09:48:40.000000000,100012,224,99941,224,100013,220,99855,220,100034,220,99854,220,100036,100,99789,100,100054,100,99767,100,100055,100,99755,100,100060,100,99713,100,100073,100,99512,100,100087,100,99497,100,100101,100,99435,100
2019-06-28 09:48:46.455471419,100012,224,99941,224,100013,220,99855,220,100034,220,99854,220,100036,100,99789,100,100054,100,99767,100,100055,100,99755,100,100060,100,99713,100,100073,100,99512,100,100087,100,99497,100,100101,100,99435,100
2019-06-28 09:48:50.000000000,100012,173,99941,173,100013,173,99855,173,100034,173,99854,173,100036,173,99789,173,100054,173,99767,173,100055,100,99755,100,100060,100,99713,100,100073,100,99512,100,100087,100,99497,100,100101,100,99435,100
2019-06-28 09:49:00.000000000,100012,224,99941,224,100013,220,99855,220,100034,220,99854,220,100036,100,99789,100,100054,100,99767,100,100055,100,99755,100,100060,100,99713,100,100073,100,99512,100,100087,100,99497,100,100101,100,99435,100
2019-06-28 09:49:03.345124252,100012,224,99941,224,100013,220,99855,220,100034,220,99854,220,100036,100,99767,100,100054,100,99755,100,100055,100,99713,100,100060,100,99512,100,100073,100,99497,100,100087,100,99435,100,100101,100,99403,100
2019-06-28 09:49:10.000000000,100012,282,99941,282,100013,282,99855,282,100034,100,99854,100,100036,100,99767,100,100054,100,99755,100,100055,100,99713,100,100060,100,99512,100,100073,100,99497,100,100087,100,99435,100,100101,100,99403,100
2019-06-28 09:49:12.052691804,100012,282,99941,382,100013,282,99855,282,100034,100,99854,100,100036,100,99767,100,100054,100,99755,100,100055,100,99713,100,100060,100,99512,100,100073,100,99497,100,100087,100,99435,100,100112,100,99403,100
2019-06-28 09:49:14.037332679,100012,182,99941,382,100013,282,99855,282,100034,100,99854,100,100036,100,99767,100,100054,100,99755,100,100055,100,99713,100,100060,100,99512,100,100073,100,99497,100,100087,100,99435,100,100112,100,99403,100
2019-06-28 09:49:20.000000000,100013,191,99941,291,100034,191,99855,191,100036,191,99854,191,100054,191,99767,191,100055,100,99755,100,100060,100,99713,100,100073,100,99512,100,100087,100,99497,100,100112,100,99435,100,100135,100,99403,100
2019-06-28 09:49:30.000000000,100013,224,99941,324,100034,220,99855,220,100036,220,99854,220,100054,100,99767,100,100055,100,99755,100,100060,100,99713,100,100073,100,99512,100,100087,100,99497,100,100112,100,99435,100,100135,100,99403,100
2019-06-28 09:49:30.797188487,100013,124,99941,324,100034,220,99855,220,100036,220,99854,220,100054,100,99767,100,100055,100,99755,100,100060,100,99713,100,100073,100,99512,100,100087,100,99497,100,100112,100,99435,100,100135,100,99403,100
2019-06-28 09:49:34.497607632,100013,124,99941,324,100034,220,99855,220,100036,220,99854,220,100054,100,99767,100,100055,100,99755,100,100060,100,99713,100,100073,100,99512,100,100087,100,99497,100,100112,100,99435,100,100135,100,99403,100
2019-06-28 09:49:40.000000000,100034,224,99941,324,100036,220,99855,220,100054,220,99854,220,100055,100,99767,100,100060,100,99755,100,100073,100,99713,100,100087,100,99512,100,100112,100,99497,100,100135,100,99435,100,100197,100,99403,100
2019-06-28 09:49:42.293543813,100034,224,99941,324,100036,220,99855,220,100054,220,99854,220,100055,100,99767,100,100060,100,99755,100,100073,100,99713,100,100087,100,99497,100,100112,100,99435,100,100135,100,99403,100,100197,100,99358,100
2019-06-28 09:49:50.000000000,100034,191,99941,291,100036,191,99855,191,100054,191,99854,191,100055,191,99767,191,100060,100,99755,100,100073,100,99713,100,100087,100,99497,100,100112,100,99435,100,100135,100,99403,100,100197,100,99358,100
2019-06-28 09:49:51.363202272,100034,191,99941,291,100036,191,99855,191,100054,191,99854,191,100055,191,99767,191,100060,100,99755,100,100073,100,99713,100,100087,100,99497,100,100112,100,99435,100,100135,100,99403,100,100197,100,99358,100
2019-06-28 09:50:00.000000000,100034,224,99941,324,100036,220,99855,220,100054,220,99854,220,100055,100,99767,100,100060,100,99755,100,100073,100,99713,100,100087,100,99497,100,100112,100,99435,100,100135,100,99403,100,100197,100,99358,100
2019-06-28 09:50:08.383552145,100034,124,100017,100,100036,220,99941,324,100054,220,99855,220,100055,100,99854,220,100060,100,99767,100,100073,100,99755,100,100087,100,99713,100,100112,100,99497,100,100135,100,99435,100,100197,100,99403,100
2019-06-28 09:50:10.000000000,100036,282,100017,282,100054,282,99941,382,100055,100,99855,100,100060,100,99854,100,100073,100,99767,100,100087,100,99755,100,100112,100,99713,100,100135,100,99497,100,100197,100,99435,100,100595,100,99403,100
2019-06-28 09:50:13.665256502,100036,282,100017,282,100054,282,100012,100,100055,100,99941,382,100060,100,99855,100,100073,100,99854,100,100087,100,99767,100,100112,100,99755,100,100135,100,99713,100,100197,100,99497,100,100595,100,99435,100
2019-06-28 09:50:20.000000000,100036,191,100017,191,100054,191,100012,191,100055,191,99941,291,100060,191,99855,191,100073,100,99854,100,100087,100,99767,100,100112,100,99755,100,100135,100,99713,100,100197,100,99497,100,100595,100,99435,100
2019-06-28 09:50:30.000000000,100036,173,100017,173,100054,173,100012,173,100055,173,99941,273,100060,173,99855,173,100073,173,99854,173,100087,100,99767,100,100112,100,99755,100,100135,100,99713,100,100197,100,99497,100,100595,100,99435,100
2019-06-28 09:50:36.697117548,100036,173,100017,173,100054,173,100012,273,100055,173,99941,273,100060,173,99855,173,100073,173,99854,173,100087,100,99767,100,100112,100,99755,100,100135,100,99713,100,100197,100,99497,100,100595,100,99435,100
2019-06-28 09:50:40.000000000,100036,224,100017,224,100054,220,100012,320,100055,220,99941,320,100060,100,99855,100,100073,100,99854,100,100087,100,99767,100,100112,100,99755,100,100135,100,99713,100,100197,100,99497,100,100595,100,99435,100
2019-06-28 09:50:50.000000000,100036,282,100017,282,100054,282,100012,382,100055,100,99941,200,100060,100,99855,100,100073,100,99854,100,100087,100,99767,100,100112,100,99755,100,100135,100,99713,100,100197,100,99497,100,100595,100,99435,100
2019-06-28 09:51:00.000000000,100036,191,100017,191,100054,191,100012,291,100055,191,99941,291,100060,191,99855,191,100073,100,99854,100,100087,100,99767,100,100112,100,99755,100,100135,100,99713,100,100197,100,99497,100,100595,100,99435,100
2019-06-28 09:51:03.085324700,100036,191,100017,191,100054,191,100012,291,100055,191,99941,291,100060,191,99855,191,100073,100,99854,100,100087,100,99767,100,100112,100,99713,100,100119,100,99497,100,100135,100,99435,100,100197,100,99403,100
2019-06-28 09:51:07.032165312,100036,91,100017,191,100054,191,100012,291,100055,191,99941,291,100060,191,99855,191,100073,100,99854,100,100087,100,99767,100,100112,100,99713,100,100119,100,99497,100,100135,100,99435,100,100197,100,99403,100
2019-06-28 09:51:10.000000000,100054,224,100017,224,100055,220,100012,320,100060,220,99941,320,100073,100,99855,100,100087,100,99854,100,100112,100,99767,100,100119,100,99713,100,100135,100,99497,100,100197,100,99435,100,100595,100,99403,100
2019-06-28 09:51:18.379375391,100054,224,100017,124,100055,220,100012,320,100060,220,99941,320,100073,100,99855,100,100087,100,99854,100,100112,100,99767,100,100119,100,99713,100,100135,100,99497,100,100197,100,99435,100,100595,100,99403,100
2019-06-28 09:51:20.000000000,100054,173,100012,273,100055,173,99941,273,100060,173,99855,173,100073,173,99854,173,100087,173,99767,173,100112,100,99713,100,100119,100,99497,100,100135,100,99435,100,100197,100,99403,100,100595,100,99358,100
2019-06-28 09:51:25.377377629,100054,173,100012,273,100055,173,99941,273,100060,173,99932,100,100073,173,99855,173,100087,173,99854,173,100112,100,99767,73,100119,100,99713,100,100135,100,99497,100,100197,100,99435,100,100595,100,99403,100
2019-06-28 09:51:25.650766125,100054,173,100012,173,100055,173,99941,273,100060,173,99932,100,100073,173,99855,173,100087,173,99854,173,100112,100,99767,73,100119,100,99713,100,100135,100,99497,100,100197,100,99435,100,100595,100,99403,100
2019-06-28 09:51:30.000000000,100054,173,100012,173,100055,173,99941,273,100060,173,99932,173,100073,173,99855,173,100087,173,99854,173,100112,100,99713,100,100119,100,99497,100,100135,100,99435,100,100197,100,99403,100,100595,100,99358,100
2019-06-28 09:51:38.086055083,100054,173,100012,173,100055,173,99941,273,100060,173,99932,173,100073,173,99855,173,100087,173,99854,173,100112,100,99713,100,100119,100,99497,100,100135,100,99435,100,100197,100,99420,100,100595,100,99403,100
2019-06-28 09:51:40.000000000,100054,224,100012,224,100055,220,99941,320,100060,220,99932,220,100073,100,99855,100,100087,100,99854,100,100112,100,99713,100,100119,100,99497,100,100135,100,99435,100,100197,100,99420,100,100595,100,99403,100
2019-06-28 09:51:48.221110277,100054,224,100012,224,100055,220,99941,320,100060,220,99932,220,100073,100,99855,100,100087,100,99854,100,100112,100,99713,100,100119,100,99497,100,100135,100,99435,100,100153,100,99420,100,100197,100,99403,100
2019-06-28 09:51:50.000000000,100054,224,100012,224,100055,220,99941,320,100060,220,99932,220,100073,100,99855,100,100087,100,99854,100,100112,100,99713,100,100119,100,99497,100,100135,100,99435,100,100153,100,99420,100,100197,100,99403,100
2019-06-28 09:52:00.000000000,100054,282,100012,282,100055,282,99941,382,100060,100,99932,100,100073,100,99855,100,100087,100,99854,100,100112,100,99713,100,100119,100,99497,100,100135,100,99435,100,100153,100,99420,100,100197,100,99403,100
2019-06-28 09:52:10.000000000,100054,224,100012,224,100055,220,99941,320,100060,220,99932,220,100073,100,99855,100,100087,100,99854,100,100112,100,99713,100,100119,100,99497,100,100135,100,99435,100,100153,100,99420,100,100197,100,99403,100
2019-06-28 09:52:20.000000000,100054,191,100012,191,100055,191,99941,291,100060,191,99932,191,100073,191,99855,191,100087,100,99854,100,100112,100,99713,100,100119,100,99497,100,100135,100,99435,100,100153,100,99420,100,100197,100,99403,100
2019-06-28 09:52:30.000000000,100054,282,100012,282,100055,282,99941,382,100060,100,99932,100,100073,100,99855,100,100087,100,99854,100,100112,100,99713,100,100119,100,99497,100,100135,100,99435,100,100153,100,99420,100,100197,100,99403,100
2019-06-28 09:52:30.192197018,100054,182,100012,282,100055,282,99941,382,100060,100,99932,100,100073,100,99855,100,100087,100,99854,100,100112,100,99713,100,100135,100,99497,100,100153,100,99435,100,100197,100,99420,100,100595,100,99403,100
2019-06-28 09:52:40.000000000,100055,282,100012,282,100060,282,99941,382,100073,100,99932,100,100087,100,99855,100,100112,100,99854,100,100135,100,99713,100,100153,100,99497,100,100197,100,99435,100,100595,100,99420,100,100673,100,99403,100
2019-06-28 09:52:50.000000000,100055,465,100012,465,100060,100,99941,200,100073,100,99932,100,100087,100,99855,100,100112,100,99854,100,100135,100,99713,100,100153,100,99497,100,100197,100,99435,100,100595,100,99420,100,100673,100,99403,100
2019-06-28 09:53:00.000000000,100055,173,100012,173,100060,173,99941,273,100073,173,99932,173,100087,173,99855,173,100112,173,99854,173,100135,100,99713,100,100153,100,99497,100,100197,100,99435,100,100595,100,99420,100,100673,100,99403,100
2019-06-28 09:53:10.000000000,100055,224,100012,224,100060,220,99941,320,100073,220,99932,220,100087,100,99855,100,100112,100,99854,100,100135,100,99713,100,100153,100,99497,100,100197,100,99435,100,100595,100,99420,100,100673,100,99403,100
2019-06-28 09:53:20.000000000,100055,173,100012,173,100060,173,99941,273,100073,173,99932,173,100087,173,99855,173,100112,173,99854,173,100135,100,99713,100,100153,100,99497,100,100197,100,99435,100,100595,100,99420,100,100673,100,99403,100
2019-06-28 09:53:20.251694817,100055,73,100012,173,100060,173,99941,273,100073,173,99932,173,100087,173,99855,173,100112,173,99854,173,100135,100,99713,100,100153,100,99497,100,100197,100,99435,100,100595,100,99420,100,100719,100,99403,100
2019-06-28 09:53:27.131279614,100055,73,100012,173,100060,173,99941,273,100073,173,99932,173,100087,173,99855,173,100112,173,99854,173,100135,100,99713,100,100153,100,99497,100,100197,100,99435,100,100595,100,99420,100,101803,100,99403,100
2019-06-28 09:53:30.000000000,100060,465,100012,465,100073,100,99941,200,100087,100,99932,100,100112,100,99855,100,100135,100,99854,100,100153,100,99713,100,100197,100,99497,100,100595,100,99435,100,101803,100,99420,100,,,99403,100
2019-06-28 09:53:40.000000000,100060,224,100012,224,100073,220,99941,320,100087,220,99932,220,100112,100,99855,100,100135,100,99854,100,100153,100,99713,100,100197,100,99497,100,100595,100,99435,100,101803,100,99420,100,,,99403,100
2019-06-28 09:53:50.000000000,100060,224,100012,224,100073,220,99941,320,100087,220,99932,220,100112,100,99855,100,100135,100,99854,100,100153,100,99713,100,100197,100,99497,100,100595,100,99435,100,101803,100,99420,100,,,99403,100
2019-06-28 09:53:52.938938828,100060,224,100012,224,100073,220,99941,220,100087,220,99932,220,100112,100,99855,100,100135,100,99854,100,100153,100,99713,100,100197,100,99497,100,100595,100,99435,100,101803,100,99420,100,,,99403,100
2019-06-28 09:54:00.000000000,100060,191,100012,191,100073,191,99941,191,100087,191,99932,191,100112,191,99855,191,100135,100,99854,100,100153,100,99713,100,100197,100,99497,100,100595,100,99435,100,101803,100,99420,100,,,99403,100
2019-06-28 09:54:10.000000000,100060,282,100012,282,100073,282,99941,282,100087,100,99932,100,100112,100,99855,100,100135,100,99854,100,100153,100,99713,100,100197,100,99497,100,100595,100,99435,100,101803,100,99420,100,,,99403,100
2019-06-28 09:54:15.217755672,100060,182,100012,282,100073,282,99941,282,100087,100,99932,100,100112,100,99855,100,100135,100,99854,100,100153,100,99713,100,100197,100,99497,100,100595,100,99435,100,101803,100,99420,100,,,99403,100
2019-06-28 09:54:20.000000000,100073,191,100012,191,100087,191,99941,191,100112,191,99932,191,100135,191,99855,191,100153,100,99854,100,100197,100,99713,100,100595,100,99497,100,101803,100,99435,100,,,99420,100,,,99403,100
2019-06-28 09:54:25.199716979,100073,191,100012,191,100087,191,99941,191,100112,191,99932,191,100135,191,99855,191,100153,100,99854,100,100197,100,99713,100,100595,100,99497,100,101287,100,99435,100,101803,100,99420,100,,,99403,100
2019-06-28 09:54:30.000000000,100073,191,100012,191,100087,191,99941,191,100112,191,99932,191,100135,191,99855,191,100153,100,99854,100,100197,100,99713,100,100595,100,99497,100,101287,100,99435,100,101803,100,99420,100,,,99403,100
2019-06-28 09:54:39.747266087,100073,191,100055,100,100087,191,100012,191,100112,191,99941,191,100135,191,99932,191,100153,100,99855,191,100197,100,99854,100,100595,100,99713,100,101287,100,99497,100,101803,100,99435,100,,,99420,100
2019-06-28 09:54:40.000000000,100073,465,100055,465,100087,100,100012,100,100112,100,99941,100,100135,100,99932,100,100153,100,99855,100,100197,100,99854,100,100595,100,99713,100,101287,100,99497,100,101803,100,99435,100,,,99420,100
2019-06-28 09:54:41.705295662,100073,465,100055,565,100087,100,100012,100,100112,100,99941,100,100135,100,99932,100,100153,100,99855,100,100197,100,99854,100,100595,100,99713,100,101287,100,99497,100,101803,100,99435,100,,,99420,100
2019-06-28 09:54:50.000000000,100073,465,100055,565,100087,100,100012,100,100112,100,99941,100,100135,100,99932,100,100153,100,99855,100,100197,100,99854,100,100595,100,99713,100,101287,100,99497,100,101803,100,99435,100,,,99420,100
2019-06-28 09:54:51.207056862,100073,465,100055,465,100087,100,100012,100,100112,100,99941,100,100135,100,99932,100,100153,100,99855,100,100197,100,99854,100,100595,100,99713,100,101287,100,99497,100,101803,100,99435,100,,,99420,100
2019-06-28 09:54:51.241452683,100073,365,100055,465,100087,100,100012,100,100112,100,99941,100,100135,100,99932,100,100153,100,99855,100,100197,100,99854,100,100595,100,99713,100,101287,100,99497,100,101803,100,99435,100,,,99420,100
2019-06-28 09:54:53.974865311,100073,365,100055,465,100087,100,100012,100,100112,100,99941,100,100135,100,99932,100,100153,100,99855,100,100197,100,99854,100,100595,100,99713,100,101287,100,99435,100,101510,100,99420,100,101803,100,99403,100
2019-06-28 09:54:54.394228086,100073,365,100055,465,100087,100,100012,100,100112,100,99941,100,100135,100,99932,100,100153,100,99855,100,100197,100,99854,100,100595,100,99713,100,101287,100,99420,100,101492,100,99403,100,101510,100,99262,100
2019-06-28 09:55:00.000000000,100087,173,100055,173,100112,173,100012,173,100135,173,99941,173,100153,173,99932,173,100197,173,99855,173,100595,100,99854,100,101287,100,99713,100,101492,100,99420,100,101510,100,99403,100,101803,100,99262,100
2019-06-28 09:55:10.000000000,100087,224,100055,224,100112,220,100012,220,100135,220,99941,220,100153,100,99932,100,100197,100,99855,100,100595,100,99854,100,101287,100,99713,100,101492,100,99420,100,101510,100,99403,100,101803,100,99262,100
2019-06-28 09:55:11.436323790,100087,224,100060,100,100112,220,100055,224,100135,220,100012,220,100153,100,99941,220,100197,100,99932,100,100595,100,99855,100,101287,100,99854,100,101492,100,99713,100,101510,100,99420,100,101803,100,99403,100
2019-06-28 09:55:20.000000000,100087,191,100060,191,100112,191,100055,191,100135,191,100012,191,100153,191,99941,191,100197,100,99932,100,100595,100,99855,100,101287,100,99854,100,101492,100,99713,100,101510,100,99420,100,101803,100,99403,100
2019-06-28 09:55:30.000000000,100087,173,100060,173,100112,173,100055,173,100135,173,100012,173,100153,173,99941,173,100197,173,99932,173,100595,100,99855,100,101287,100,99854,100,101492,100,99713,100,101510,100,99420,100,101803,100,99403,100
2019-06-28 09:55:39.755709336,100087,173,100060,173,100112,173,100055,173,100135,173,100012,173,100153,173,99941,173,100197,173,99932,173,100595,100,99855,100,101287,100,99854,100,101492,100,99713,100,101510,100,99420,100,101546,100,99403,100
2019-06-28 09:55:40.000000000,100087,173,100060,173,100112,173,100055,173,100135,173,100012,173,100153,173,99941,173,100197,173,99932,173,100595,100,99855,100,101287,100,99854,100,101492,100,99713,100,101510,100,99420,100,101546,100,99403,100
2019-06-28 09:55:42.931531331,100087,173,100060,173,100112,173,100055,173,100135,173,100012,173,100153,173,99941,173,100197,173,99932,173,100595,100,99855,100,101287,100,99854,100,101492,100,99713,100,101510,100,99420,100,101517,100,99403,100
2019-06-28 09:55:43.682567739,100087,173,100060,273,100112,173,100055,173,100135,173,100012,173,100153,173,99941,173,100197,173,99932,173,100595,100,99855,100,101287,100,99854,100,101492,100,99713,100,101510,100,99420,100,101517,100,99403,100
2019-06-28 09:55:50.000000000,100087,465,100060,565,100112,100,100055,100,100135,100,100012,100,100153,100,99941,100,100197,100,99932,100,100595,100,99855,100,101287,100,99854,100,101492,100,99713,100,101510,100,99420,100,101517,100,99403,100
2019-06-28 09:55:52.080069152,100087,465,100060,665,100112,100,100055,100,100135,100,100012,100,100153,100,99941,100,100197,100,99932,100,100595,100,99855,100,101287,100,99854,100,101492,100,99713,100,101510,100,99420,100,101517,100,99403,100
2019-06-28 09:55:54.281725042,100087,365,100060,665,100112,100,100055,100,100135,100,100012,100,100153,100,99941,100,100197,100,99932,100,100595,100,99855,100,101287,100,99854,100,101510,100,99713,100,101517,100,99420,100,101546,100,99403,100
2019-06-28 09:56:00.000000000,100112,282,100060,482,100135,282,100055,282,100153,100,100012,100,100197,100,99941,100,100595,100,99932,100,101287,100,99855,100,101510,100,99854,100,101517,100,99713,100,101546,100,99420,100,101803,100,99403,100
2019-06-28 09:56:06.170155085,100112,182,100060,482,100135,282,100055,282,100153,100,100012,100,100197,100,99941,100,100595,100,99932,100,101287,100,99855,100,101517,100,99854,100,101546,100,99713,100,101803,100,99420,100,,,99403,100
2019-06-28 09:56:10.000000000,100135,465,100060,665,100153,100,100055,100,100197,100,100012,100,100595,100,99941,100,101287,100,99932,100,101517,100,99855,100,101546,100,99854,100,101803,100,99713,100,,,99420,100,,,99403,100
2019-06-28 09:56:20.000000000,100135,282,100060,482,100153,282,100055,282,100197,100,100012,100,100595,100,99941,100,101287,100,99932,100,101517,100,99855,100,101546,100,99854,100,101803,100,99713,100,,,99420,100,,,99403,100
2019-06-28 09:56:30.000000000,100135,173,100060,373,100153,173,100055,173,100197,173,100012,173,100595,173,99941,173,101287,173,99932,173,101517,100,99855,100,101546,100,99854,100,101803,100,99713,100,,,99420,100,,,99403,100
2019-06-28 09:56:40.000000000,100135,224,100060,424,100153,220,100055,220,100197,220,100012,220,100595,100,99941,100,101287,100,99932,100,101517,100,99855,100,101546,100,99854,100,101803,100,99713,100,,,99420,100,,,99403,100
2019-06-28 09:56:48.261023327,100135,124,100060,424,100153,220,100055,220,100197,220,100012,220,100595,100,99941,100,101287,100,99932,100,101517,100,99855,100,101546,100,99854,100,101803,100,99713,100,,,99420,100,,,99403,100
2019-06-28 09:56:50.000000000,100153,224,100060,424,100197,220,100055,220,100595,220,100012,220,101287,100,99941,100,101517,100,99932,100,101546,100,99855,100,101803,100,99854,100,,,99713,100,,,99420,100,,,99403,100
2019-06-28 09:57:00.000000000,100153,224,100060,424,100197,220,100055,220,100595,220,100012,220,101287,100,99941,100,101517,100,99932,100,101546,100,99855,100,101803,100,99854,100,,,99713,100,,,99420,100,,,99403,100
2019-06-28 09:57:00.376766899,100153,124,100060,424,100197,220,100055,220,100595,220,100012,220,101287,100,99941,100,101517,100,99932,100,101546,100,99855,100,101803,100,99854,100,,,99713,100,,,99420,100,,,99262,100
2019-06-28 09:57:10.000000000,100197,173,100060,373,100595,173,100055,173,101287,173,100012,173,101517,173,99941,173,101546,173,99932,173,101803,100,99855,100,,,99854,100,,,99713,100,,,99420,100,,,99262,100
2019-06-28 09:57:12.762310290,100197,173,100060,373,100529,100,100055,173,100595,173,100012,173,101287,173,99941,173,101517,173,99932,173,101546,173,99855,100,101803,100,99854,100,,,99713,100,,,99420,100,,,99262,100
2019-06-28 09:57:19.281699732,100197,173,100135,100,100529,100,100060,373,100595,173,100055,173,101287,173,100012,173,101517,173,99941,173,101546,173,99932,173,101803,100,99855,100,,,99854,100,,,99713,100,,,99420,100
2019-06-28 09:57:20.000000000,100197,282,100135,282,100529,282,100060,482,100595,100,100055,100,101287,100,100012,100,101517,100,99941,100,101546,100,99932,100,101803,100,99855,100,,,99854,100,,,99713,100,,,99420,100
2019-06-28 09:57:30.000000000,100197,173,100135,173,100529,173,100060,373,100595,173,100055,173,101287,173,100012,173,101517,173,99941,173,101546,100,99932,100,101803,100,99855,100,,,99854,100,,,99713,100,,,99420,100
2019-06-28 09:57:40.000000000,100197,191,100135,191,100529,191,100060,391,100595,191,100055,191,101287,191,100012,191,101517,100,99941,100,101546,100,99932,100,101803,100,99855,100,,,99854,100,,,99713,100,,,99420,100
2019-06-28 09:57:44.747935525,100197,191,100135,191,100246,100,100060,391,100529,191,100055,191,100595,191,100012,191,101287,191,99941,100,101517,100,99932,100,101546,100,99855,100,101803,100,99854,100,,,99713,100,,,99420,100
2019-06-28 09:57:50.000000000,100197,465,100135,465,100246,100,100060,300,100529,100,100055,100,100595,100,100012,100,101287,100,99941,100,101517,100,99932,100,101546,100,99855,100,101803,100,99854,100,,,99713,100,,,99420,100
2019-06-28 09:58:00.000000000,100197,191,100135,191,100246,191,100060,391,100529,191,100055,191,100595,191,100012,191,101287,100,99941,100,101517,100,99932,100,101546,100,99855,100,101803,100,99854,100,,,99713,100,,,99420,100
2019-06-28 09:58:04.073786548,100197,191,100135,191,100246,191,100060,391,100470,100,100055,191,100529,191,100012,191,100595,191,99941,100,101287,100,99932,100,101517,100,99855,100,101546,100,99854,100,101803,100,99713,100,,,99420,100
2019-06-28 09:58:10.000000000,100197,465,100135,465,100246,100,100060,300,100470,100,100055,100,100529,100,100012,100,100595,100,99941,100,101287,100,99932,100,101517,100,99855,100,101546,100,99854,100,101803,100,99713,100,,,99420,100
2019-06-28 09:58:20.000000000,100197,224,100135,224,100246,220,100060,420,100470,220,100055,220,100529,100,100012,100,100595,100,99941,100,101287,100,99932,100,101517,100,99855,100,101546,100,99854,100,101803,100,99713,100,,,99420,100
2019-06-28 09:58:30.000000000,100197,282,100135,282,100246,282,100060,482,100470,100,100055,100,100529,100,100012,100,100595,100,99941,100,101287,100,99932,100,101517,100,99855,100,101546,100,99854,100,101803,100,99713,100,,,99420,100
2019-06-28 09:58:40.000000000,100197,173,100135,173,100246,173,100060,373,100470,173,100055,173,100529,173,100012,173,100595,173,99941,173,101287,100,99932,100,101517,100,99855,100,101546,100,99854,100,101803,100,99713,100,,,99420,100
2019-06-28 09:58:40.508961384,100197,173,100135,173,100246,173,100060,373,100470,173,100055,173,100529,173,100012,173,100595,173,99941,173,100624,100,99932,100,101287,100,99855,100,101517,100,99854,100,101546,100,99713,100,101803,100,99420,100
2019-06-28 09:58:50.000000000,100197,465,100135,465,100246,100,100060,300,100470,100,100055,100,100529,100,100012,100,100595,100,99941,100,100624,100,99932,100,101287,100,99855,100,101517,100,99854,100,101546,100,99713,100,101803,100,99420,100
2019-06-28 09:59:00.000000000,100197,224,100135,224,100246,220,100060,420,100470,220,100055,220,100529,100,100012,100,100595,100,99941,100,100624,100,99932,100,101287,100,99855,100,101517,100,99854,100,101546,100,99713,100,101803,100,99420,100
2019-06-28 09:59:04.346666810,100197,224,100135,224,100199,100,100060,420,100246,220,100055,220,100470,220,100012,100,100529,100,99941,100,100595,100,99932,100,100624,100,99855,100,101287,100,99854,100,101517,100,99713,100,101546,100,99420,100
2019-06-28 09:59:04.348038711,100197,224,100135,224,100199,100,100060,420,100246,220,100055,220,100364,100,100012,100,100470,220,99941,100,100529,100,99932,100,100595,100,99855,100,100624,100,99854,100,101287,100,99713,100,101517,100,99420,100
2019-06-28 09:59:04.889917473,100197,224,100135,224,100199,100,100060,420,100246,220,100055,220,100364,100,100012,100,100470,220,99941,100,100529,100,99932,100,100552,100,99855,100,100595,100,99854,100,100624,100,99713,100,101287,100,99420,100
2019-06-28 09:59:10.000000000,100197,282,100135,282,100199,282,100060,482,100246,100,100055,100,100364,100,100012,100,100470,100,99941,100,100529,100,99932,100,100552,100,99855,100,100595,100,99854,100,100624,100,99713,100,101287,100,99420,100
2019-06-28 09:59:20.000000000,100197,191,100135,191,100199,191,100060,391,100246,191,100055,191,100364,191,100012,191,100470,100,99941,100,100529,100,99932,100,100552,100,99855,100,100595,100,99854,100,100624,100,99713,100,101287,100,99420,100
2019-06-28 09:59:30.000000000,100197,224,100135,224,100199,220,100060,420,100246,220,100055,220,100364,100,100012,100,100470,100,99941,100,100529,100,99932,100,100552,100,99855,100,100595,100,99854,100,100624,100,99713,100,101287,100,99420,100
2019-06-28 09:59:40.000000000,100197,282,100135,282,100199,282,100060,482,100246,100,100055,100,100364,100,100012,100,100470,100,99941,100,100529,100,99932,100,100552,100,99855,100,100595,100,99854,100,100624,100,99713,100,101287,100,99420,100
2019-06-28 09:59:50.000000000,100197,465,100135,465,100199,100,100060,300,100246,100,100055,100,100364,100,100012,100,100470,100,99941,100,100529,100,99932,100,100552,100,99855,100,100595,100,99854,100,100624,100,99713,100,101287,100,99420,100
2019-06-28 10:00:00.000000000,100197,465,100135,465,100199,100,100060,300,100246,100,100055,100,100364,100,100012,100,100470,100,99941,100,100529,100,99932,100,100552,100,99855,100,100595,100,99854,100,100624,100,99713,100,101287,100,99420,100
2019-06-28 10:00:09.928831709,100197,465,100135,465,100199,100,100060,300,100246,100,100055,100,100273,100,100012,100,100364,100,99941,100,100470,100,99932,100,100529,100,99855,100,100552,100,99854,100,100595,100,99713,100,100624,100,99420,100
2019-06-28 10:00:10.000000000,100197,224,100135,224,100199,220,100060,420,100246,220,100055,220,100273,100,100012,100,100364,100,99941,100,100470,100,99932,100,100529,100,99855,100,100552,100,99854,100,100595,100,99713,100,100624,100,99420,100
2019-06-28 10:00:14.977554211,100197,224,100135,224,100199,220,100060,420,100246,220,100055,220,100273,100,100012,100,100364,100,99957,100,100470,100,99941,100,100529,100,99932,100,100552,100,99855,100,100595,100,99854,100,100624,100,99420,100
2019-06-28 10:00:18.309892583,100197,224,100135,124,100199,220,100060,420,100246,220,100055,220,100273,100,100012,100,100364,100,99957,100,100470,100,99941,100,100529,100,99932,100,100552,100,99855,100,100595,100,99854,100,100624,100,99420,100
2019-06-28 10:00:20.000000000,100197,224,100060,424,100199,220,100055,220,100246,220,100012,220,100273,100,99957,100,100364,100,99941,100,100470,100,99932,100,100529,100,99855,100,100552,100,99854,100,100595,100,99420,100,100624,100,99262,100
2019-06-28 10:00:21.081843506,100152,100,100060,424,100197,224,100055,220,100199,220,100012,220,100246,220,99957,100,100273,100,99941,100,100364,100,99932,100,100470,100,99855,100,100529,100,99854,100,100552,100,99420,100,100595,100,99262,100
2019-06-28 10:00:24.856120622,100152,200,100060,424,100197,224,100055,220,100199,220,100012,220,100246,220,99957,100,100273,100,99941,100,100364,100,99932,100,100470,100,99855,100,100529,100,99854,100,100552,100,99420,100,100595,100,99262,100
2019-06-28 10:00:30.000000000,100152,291,100060,391,100197,191,100055,191,100199,191,100012,191,100246,191,99957,191,100273,100,99941,100,100364,100,99932,100,100470,100,99855,100,100529,100,99854,100,100552,100,99420,100,100595,100,99262,100
2019-06-28 10:00:40.000000000,100152,324,100060,424,100197,220,100055,220,100199,220,100012,220,100246,100,99957,100,100273,100,99941,100,100364,100,99932,100,100470,100,99855,100,100529,100,99854,100,100552,100,99420,100,100595,100,99262,100
2019-06-28 10:00:50.000000000,100152,324,100060,424,100197,220,100055,220,100199,220,100012,220,100246,100,99957,100,100273,100,99941,100,100364,100,99932,100,100470,100,99855,100,100529,100,99854,100,100552,100,99420,100,100595,100,99262,100
2019-06-28 10:00:56.031311305,100152,324,100060,424,100197,220,100055,220,100199,220,100012,220,100246,100,99957,100,100273,100,99941,100,100470,100,99932,100,100529,100,99855,100,100552,100,99854,100,100595,100,99521,100,100624,100,99420,100
2019-06-28 10:01:00.000000000,100152,324,100060,424,100197,220,100055,220,100199,220,100012,220,100246,100,99957,100,100273,100,99941,100,100470,100,99932,100,100529,100,99855,100,100552,100,99854,100,100595,100,99521,100,100624,100,99420,100
2019-06-28 10:01:06.100850347,100152,324,100060,324,100197,220,100055,220,100199,220,100012,220,100246,100,99957,100,100273,100,99941,100,100470,100,99932,100,100529,100,99855,100,100552,100,99854,100,100595,100,99521,100,100624,100,99420,100
2019-06-28 10:01:10.000000000,100152,565,100060,565,100197,100,100055,100,100199,100,100012,100,100246,100,99957,100,100273,100,99941,100,100470,100,99932,100,100529,100,99855,100,100552,100,99854,100,100595,100,99521,100,100624,100,99420,100
2019-06-28 10:01:13.527781204,100152,565,100060,565,100197,100,100055,100,100199,100,100012,100,100273,100,99957,100,100470,100,99941,100,100529,100,99932,100,100552,100,99855,100,100595,100,99854,100,100624,100,99521,100,101287,100,99477,100
2019-06-28 10:01:20.000000000,100152,382,100060,382,100197,282,100055,282,100199,100,100012,100,100273,100,99957,100,100470,100,99941,100,100529,100,99932,100,100552,100,99855,100,100595,100,99854,100,100624,100,99521,100,101287,100,99477,100
2019-06-28 10:01:30.000000000,100152,382,100060,382,100197,282,100055,282,100199,100,100012,100,100273,100,99957,100,100470,100,99941,100,100529,100,99932,100,100552,100,99855,100,100595,100,99854,100,100624,100,99521,100,101287,100,99477,100
2019-06-28 10:01:38.640593339,100152,382,100060,382,100197,282,100055,282,100199,100,100012,100,100273,100,99957,100,100470,100,99941,100,100529,100,99932,100,100552,100,99855,100,100595,100,99854,100,100624,100,99576,100,101287,100,99477,100
2019-06-28 10:01:40.000000000,100152,565,100060,565,100197,100,100055,100,100199,100,100012,100,100273,100,99957,100,100470,100,99941,100,100529,100,99932,100,100552,100,99855,100,100595,100,99854,100,100624,100,99576,100,101287,100,99477,100
2019-06-28 10:01:50.000000000,100152,324,100060,324,100197,220,100055,220,100199,220,100012,220,100273,100,99957,100,100470,100,99941,100,100529,100,99932,100,100552,100,99855,100,100595,100,99854,100,100624,100,99576,100,101287,100,99477,100
2019-06-28 10:01:51.111636406,100152,324,100060,324,100197,220,100055,220,100199,220,100012,220,100273,100,99957,100,100470,100,99941,100,100529,100,99932,100,100552,100,99855,100,100595,100,99576,100,100624,100,99477,100,101287,100,99420,100
2019-06-28 10:01:53.174979525,100152,324,100060,224,100197,220,100055,220,100199,220,100012,220,100273,100,99957,100,100470,100,99941,100,100529,100,99932,100,100552,100,99576,100,100595,100,99477,100,100624,100,99420,100,101287,100,99262,100
2019-06-28 10:02:00.000000000,100152,291,100060,191,100197,191,100055,191,100199,191,100012,191,100273,191,99957,191,100470,100,99941,100,100529,100,99932,100,100552,100,99576,100,100595,100,99477,100,100624,100,99420,100,101287,100,99262,100
2019-06-28 10:02:10.000000000,100152,291,100060,191,100197,191,100055,191,100199,191,100012,191,100273,191,99957,191,100470,100,99941,100,100529,100,99932,100,100552,100,99576,100,100595,100,99477,100,100624,100,99420,100,101287,100,99262,100
2019-06-28 10:02:16.814716085,100152,291,100060,191,100197,191,100055,191,100199,191,100012,191,100273,191,99957,191,100470,100,99941,100,100529,100,99932,100,100552,100,99576,100,100595,100,99477,100,100624,100,99420,100,101287,100,99262,100
2019-06-28 10:02:18.808314790,100152,291,100060,191,100197,191,100055,191,100199,191,100012,191,100273,191,99957,191,100470,100,99941,100,100529,100,99932,100,100552,100,99576,100,100595,100,99477,100,100624,100,99420,100,101287,100,99262,100
2019-06-28 10:02:20.000000000,100152,565,100060,465,100197,100,100055,100,100199,100,100012,100,100273,100,99957,100,100470,100,99941,100,100529,100,99932,100,100552,100,99576,100,100595,100,99477,100,100624,100,99420,100,101287,100,99262,100
2019-06-28 10:02:30.000000000,100152,565,100060,465,100197,100,100055,100,100199,100,100012,100,100273,100,99957,100,100470,100,99941,100,100529,100,99932,100,100552,100,99576,100,100595,100,99477,100,100624,100,99420,100,101287,100,99262,100
2019-06-28 10:02:40.000000000,100152,565,100060,465,100197,100,100055,100,100199,100,100012,100,100273,100,99957,100,100470,100,99941,100,100529,100,99932,100,100552,100,99576,100,100595,100,99477,100,100624,100,99420,100,101287,100,99262,100
2019-06-28 10:02:50.000000000,100152,324,100060,224,100197,220,100055,220,100199,220,100012,220,100273,100,99957,100,100470,100,99941,100,100529,100,99932,100,100552,100,99576,100,100595,100,99477,100,100624,100,99420,100,101287,100,99262,100
2019-06-28 10:02:53.736591323,100152,324,100060,124,100197,220,100055,220,100199,220,100012,220,100273,100,99957,100,100470,100,99941,100,100529,100,99932,100,100552,100,99576,100,100595,100,99477,100,100624,100,99420,100,101287,100,99262,100
2019-06-28 10:03:00.000000000,100152,291,100055,191,100197,191,100012,191,100199,191,99957,191,100273,191,99941,191,100470,100,99932,100,100529,100,99576,100,100552,100,99477,100,100595,100,99420,100,100624,100,99262,100,101287,100,99225,100
2019-06-28 10:03:05.056437181,100152,291,100055,91,100197,191,100012,191,100199,191,99957,191,100273,191,99941,191,100470,100,99932,100,100529,100,99576,100,100552,100,99477,100,100595,100,99420,100,100624,100,99262,100,101287,100,99225,100
2019-06-28 10:03:10.000000000,100152,273,100012,173,100197,173,99957,173,100199,173,99941,173,100273,173,99932,173,100470,173,99576,173,100529,100,99477,100,100552,100,99420,100,100595,100,99262,100,100624,100,99225,100,101287,100,99172,100
2019-06-28 10:03:10.552379990,100152,273,100012,173,100197,173,99957,173,100199,173,99941,173,100273,173,99932,173,100470,173,99576,173,100529,100,99477,100,100552,100,99420,100,100595,100,99279,100,100624,100,99262,100,101287,100,99225,100
2019-06-28 10:03:20.000000000,100152,382,100012,282,100197,282,99957,282,100199,100,99941,100,100273,100,99932,100,100470,100,99576,100,100529,100,99477,100,100552,100,99420,100,100595,100,99279,100,100624,100,99262,100,101287,100,99225,100
2019-06-28 10:03:30.000000000,100152,382,100012,282,100197,282,99957,282,100199,100,99941,100,100273,100,99932,100,100470,100,99576,100,100529,100,99477,100,100552,100,99420,100,100595,100,99279,100,100624,100,99262,100,101287,100,99225,100
2019-06-28 10:03:36.589170096,100152,382,100012,282,100197,282,99957,282,100199,100,99941,100,100470,100,99932,100,100529,100,99576,100,100552,100,99477,100,100595,100,99420,100,100624,100,99279,100,101287,100,99262,100,101517,100,99225,100
2019-06-28 10:03:40.000000000,100152,291,100012,191,100197,191,99957,191,100199,191,99941,191,100470,191,99932,191,100529,100,99576,100,100552,100,99477,100,100595,100,99420,100,100624,100,99279,100,101287,100,99262,100,101517,100,99225,100
2019-06-28 10:03:50.000000000,100152,565,100012,465,100197,100,99957,100,100199,100,99941,100,100470,100,99932,100,100529,100,99576,100,100552,100,99477,100,100595,100,99420,100,100624,100,99279,100,101287,100,99262,100,101517,100,99225,100
2019-06-28 10:03:55.819047439,100152,565,100012,365,100197,100,99957,100,100199,100,99941,100,100470,100,99932,100,100529,100,99576,100,100552,100,99477,100,100595,100,99420,100,100624,100,99279,100,101287,100,99262,100,101517,100,99225,100
2019-06-28 10:04:00.000000000,100152,324,99957,224,100197,220,99941,220,100199,220,99932,220,100470,100,99576,100,100529,100,99477,100,100552,100,99420,100,100595,100,99279,100,100624,100,99262,100,101287,100,99225,100,101517,100,99172,100
2019-06-28 10:04:10.000000000,100152,291,99957,191,100197,191,99941,191,100199,191,99932,191,100470,191,99576,191,100529,100,99477,100,100552,100,99420,100,100595,100,99279,100,100624,100,99262,100,101287,100,99225,100,101517,100,99172,100
2019-06-28 10:04:20.000000000,100152,565,99957,465,100197,100,99941,100,100199,100,99932,100,100470,100,99576,100,100529,100,99477,100,100552,100,99420,100,100595,100,99279,100,100624,100,99262,100,101287,100,99225,100,101517,100,99172,100
2019-06-28 10:04:28.954164377,100152,565,99957,365,100197,100,99941,100,100199,100,99932,100,100529,100,99576,100,100552,100,99477,100,100595,100,99420,100,100624,100,99279,100,101287,100,99262,100,101517,100,99225,100,101546,100,99172,100
2019-06-28 10:04:30.000000000,100152,382,99941,282,100197,282,99932,282,100199,100,99576,100,100529,100,99477,100,100552,100,99420,100,100595,100,99279,100,100624,100,99262,100,101287,100,99225,100,101517,100,99172,100,101546,100,98965,100
2019-06-28 10:04:40.000000000,100152,291,99941,191,100197,191,99932,191,100199,191,99576,191,100529,191,99477,191,100552,100,99420,100,100595,100,99279,100,100624,100,99262,100,101287,100,99225,100,101517,100,99172,100,101546,100,98965,100
2019-06-28 10:04:50.000000000,100152,324,99941,224,100197,220,99932,220,100199,220,99576,220,100529,100,99477,100,100552,100,99420,100,100595,100,99279,100,100624,100,99262,100,101287,100,99225,100,101517,100,99172,100,101546,100,98965,100
2019-06-28 10:04:50.752404600,100152,324,99941,224,100197,220,99932,220,100199,220,99723,100,100529,100,99576,220,100552,100,99477,100,100595,100,99420,100,100624,100,99279,100,101287,100,99262,100,101517,100,99225,100,101546,100,99172,100
2019-06-28 10:05:00.000000000,100152,382,99941,282,100197,282,99932,282,100199,100,99723,100,100529,100,99576,100,100552,100,99477,100,100595,100,99420,100,100624,100,99279,100,101287,100,99262,100,101517,100,99225,100,101546,100,99172,100
2019-06-28 10:05:10.000000000,100152,565,99941,465,100197,100,99932,100,100199,100,99723,100,100529,100,99576,100,100552,100,99477,100,100595,100,99420,100,100624,100,99279,100,101287,100,99262,100,101517,100,99225,100,101546,100,99172,100
2019-06-28 10:05:14.993205753,100152,565,100013,100,100197,100,99941,465,100199,100,99932,100,100529,100,99723,100,100552,100,99576,100,100595,100,99477,100,100624,100,99420,100,101287,100,99279,100,101517,100,99262,100,101546,100,99225,100
2019-06-28 10:05:20.000000000,100152,565,100013,465,100197,100,99941,100,100199,100,99932,100,100529,100,99723,100,100552,100,99576,100,100595,100,99477,100,100624,100,99420,100,101287,100,99279,100,101517,100,99262,100,101546,100,99225,100
2019-06-28 10:05:26.499929933,100152,565,100013,465,100197,100,99941,100,100199,100,99932,100,100529,100,99794,100,100552,100,99723,100,100595,100,99576,100,100624,100,99477,100,101287,100,99420,100,101517,100,99279,100,101546,100,99262,100
2019-06-28 10:05:30.000000000,100152,324,100013,224,100197,220,99941,220,100199,220,99932,220,100529,100,99794,100,100552,100,99723,100,100595,100,99576,100,100624,100,99477,100,101287,100,99420,100,101517,100,99279,100,101546,100,99262,100
2019-06-28 10:05:36.544824782,100152,224,100013,224,100197,220,99941,220,100199,220,99932,220,100529,100,99794,100,100552,100,99723,100,100595,100,99576,100,100624,100,99477,100,101287,100,99279,100,101517,100,99262,100,101546,100,99225,100
2019-06-28 10:05:38.308414968,100152,224,100013,224,100197,220,99941,220,100199,220,99932,220,100529,100,99813,100,100552,100,99794,100,100595,100,99723,100,101287,100,99576,100,101517,100,99477,100,101546,100,99279,100,,,99262,100
2019-06-28 10:05:40.000000000,100152,173,100013,173,100197,173,99941,173,100199,173,99932,173,100529,173,99813,173,100552,173,99794,173,100595,100,99723,100,101287,100,99576,100,101517,100,99477,100,101546,100,99279,100,,,99262,100
2019-06-28 10:05:40.952770734,100144,100,100013,173,100152,173,99941,173,100197,173,99932,173,100199,173,99813,173,100529,173,99794,173,100552,173,99723,100,100595,100,99576,100,101287,100,99477,100,101517,100,99279,100,101546,100,99262,100
2019-06-28 10:05:50.000000000,100144,173,100013,173,100152,173,99941,173,100197,173,99932,173,100199,173,99813,173,100529,173,99794,173,100552,100,99723,100,100595,100,99576,100,101287,100,99477,100,101517,100,99279,100,101546,100,99262,100
2019-06-28 10:06:00.000000000,100144,191,100013,191,100152,191,99941,191,100197,191,99932,191,100199,191,99813,191,100529,100,99794,100,100552,100,99723,100,100595,100,99576,100,101287,100,99477,100,101517,100,99279,100,101546,100,99262,100
2019-06-28 10:06:10.000000000,100144,465,100013,465,100152,100,99941,100,100197,100,99932,100,100199,100,99813,100,100529,100,99794,100,100552,100,99723,100,100595,100,99576,100,101287,100,99477,100,101517,100,99279,100,101546,100,99262,100
2019-06-28 10:06:20.000000000,100144,282,100013,282,100152,282,99941,282,100197,100,99932,100,100199,100,99813,100,100529,100,99794,100,100552,100,99723,100,100595,100,99576,100,101287,100,99477,100,101517,100,99279,100,101546,100,99262,100
2019-06-28 10:06:30.000000000,100144,224,100013,224,100152,220,99941,220,100197,220,99932,220,100199,100,99813,100,100529,100,99794,100,100552,100,99723,100,100595,100,99576,100,101287,100,99477,100,101517,100,99279,100,101546,100,99262,100
2019-06-28 10:06:40.000000000,100144,191,100013,191,100152,191,99941,191,100197,191,99932,191,100199,191,99813,191,100529,100,99794,100,100552,100,99723,100,100595,100,99576,100,101287,100,99477,100,101517,100,99279,100,101546,100,99262,100
2019-06-28 10:06:43.944550494,100144,91,100013,191,100152,191,99941,191,100197,191,99932,191,100199,191,99813,191,100529,100,99794,100,100552,100,99723,100,100595,100,99576,100,101287,100,99477,100,101517,100,99279,100,101546,100,99262,100
2019-06-28 10:06:50.000000000,100152,282,100013,282,100197,282,99941,282,100199,100,99932,100,100529,100,99813,100,100552,100,99794,100,100595,100,99723,100,101287,100,99576,100,101517,100,99477,100,101546,100,99279,100,,,99262,100
2019-06-28 10:06:55.243303977,100152,282,100013,182,100197,282,99941,282,100199,100,99932,100,100529,100,99813,100,100552,100,99794,100,100595,100,99723,100,101287,100,99576,100,101517,100,99477,100,101546,100,99279,100,,,99262,100
2019-06-28 10:07:00.000000000,100152,191,99941,191,100197,191,99932,191,100199,191,99813,191,100529,191,99794,191,100552,100,99723,100,100595,100,99576,100,101287,100,99477,100,101517,100,99279,100,101546,100,99262,100,,,99225,100
2019-06-28 10:07:06.107623007,100152,191,99941,191,100197,191,99932,191,100199,191,99813,191,100529,191,99794,191,100552,100,99723,100,100595,100,99576,100,101287,100,99477,100,101517,100,99389,100,101546,100,99279,100,,,99262,100
2019-06-28 10:07:09.000033753,100152,191,99941,91,100197,191,99932,191,100199,191,99813,191,100529,191,99794,191,100552,100,99723,100,100595,100,99576,100,101287,100,99477,100,101517,100,99389,100,101546,100,99279,100,,,99262,100
2019-06-28 10:07:10.000000000,100152,173,99932,173,100197,173,99813,173,100199,173,99794,173,100529,173,99723,173,100552,173,99576,173,100595,100,99477,100,101287,100,99389,100,101517,100,99279,100,101546,100,99262,100,,,99225,100
2019-06-28 10:07:20.000000000,100152,191,99932,191,100197,191,99813,191,100199,191,99794,191,100529,191,99723,191,100552,100,99576,100,100595,100,99477,100,101287,100,99389,100,101517,100,99279,100,101546,100,99262,100,,,99225,100
2019-06-28 10:07:30.000000000,100152,191,99932,191,100197,191,99813,191,100199,191,99794,191,100529,191,99723,191,100552,100,99576,100,100595,100,99477,100,101287,100,99389,100,101517,100,99279,100,101546,100,99262,100,,,99225,100
2019-06-28 10:07:38.754033787,100013,100,99932,191,100152,191,99813,191,100197,191,99794,191,100199,191,99723,191,100529,191,99576,100,100552,100,99477,100,100595,100,99389,100,101287,100,99279,100,101517,100,99262,100,101546,100,99225,100
2019-06-28 10:07:40.000000000,100013,224,99932,224,100152,220,99813,220,100197,220,99794,220,100199,100,99723,100,100529,100,99576,100,100552,100,99477,100,100595,100,99389,100,101287,100,99279,100,101517,100,99262,100,101546,100,99225,100
2019-06-28 10:07:41.354603626,100013,224,99932,124,100152,220,99813,220,100197,220,99794,220,100199,100,99723,100,100529,100,99576,100,100552,100,99477,100,101287,100,99389,100,101517,100,99279,100,101546,100,99262,100,,,99225,100
2019-06-28 10:07:50.000000000,100013,191,99813,191,100152,191,99794,191,100197,191,99723,191,100199,191,99576,191,100529,100,99477,100,100552,100,99389,100,101287,100,99279,100,101517,100,99262,100,101546,100,99225,100,,,99172,100
2019-06-28 10:08:00.000000000,100013,282,99813,282,100152,282,99794,282,100197,100,99723,100,100199,100,99576,100,100529,100,99477,100,100552,100,99389,100,101287,100,99279,100,101517,100,99262,100,101546,100,99225,100,,,99172,100
2019-06-28 10:08:09.976786508,100013,282,99813,182,100152,282,99794,282,100197,100,99723,100,100199,100,99576,100,100529,100,99477,100,100552,100,99389,100,101287,100,99279,100,101517,100,99262,100,101546,100,99225,100,,,99172,100
