,ask_price_1,ask_size_1,bid_price_1,bid_size_1,ask_price_2,ask_size_2,bid_price_2,bid_size_2,ask_price_3,ask_size_3,bid_price_3,bid_size_3,ask_price_4,ask_size_4,bid_price_4,bid_size_4,ask_price_5,ask_size_5,bid_price_5,bid_size_5,ask_price_6,ask_size_6,bid_price_6,bid_size_6,ask_price_7,ask_size_7,bid_price_7,bid_size_7,ask_price_8,ask_size_8,bid_price_8,bid_size_8,ask_price_9,ask_size_9,bid_price_9,bid_size_9,ask_price_10,ask_size_10,bid_price_10,bid_size_10
2019-06-28 09:30:00.000000001,100056,100,99981,100,,,,,,,,,,,,,,,,,,,,,,,,,,,,,,,,,,,,
2019-06-28 09:30:00.000000002,100039,100,99981,100,100056,100,,,100065,100,,,,,,,,,,,,,,,,,,,,,,,,,,,,,,
2019-06-28 09:30:00.000000003,100039,100,99981,100,100056,100,99906,100,100065,100,,,,,,,,,,,,,,,,,,,,,,,,,,,,,,
2019-06-28 09:30:00.000000004,100039,100,99990,100,100056,100,99981,100,100065,100,99906,100,100093,100,,,,,,,,,,,,,,,,,,,,,,,,,,
2019-06-28 09:30:00.000000006,100039,100,99990,100,100056,100,99981,100,100065,100,99911,100,100093,100,99906,100,,,,,,,,,,,,,,,,,,,,,,,,
2019-06-28 09:30:00.000000008,100039,100,99990,100,100056,100,99981,100,100065,100,99951,100,100093,100,99911,100,,,99906,100,,,,,,,,,,,,,,,,,,,,
2019-06-28 09:30:00.000000009,100039,100,99990,100,100056,100,99981,100,100065,100,99951,100,100093,100,99911,100,100107,100,99906,100,,,,,,,,,,,,,,,,,,,,
2019-06-28 09:30:00.000000010,100039,100,99990,100,100044,100,99981,100,100056,100,99951,100,100065,100,99911,100,100093,100,99906,100,100107,100,,,,,,,,,,,,,,,,,,
2019-06-28 09:30:00.000000011,100039,100,99990,100,100044,100,99981,100,100056,100,99951,100,100065,100,99911,100,100093,100,99906,100,100107,100,99822,100,,,,,,,,,,,,,,,,
2019-06-28 09:30:00.000000016,100039,100,99990,100,100044,100,99981,100,100056,100,99951,100,100065,100,99911,100,100093,100,99906,100,100107,100,99894,100,,,99822,100,,,,,,,,,,,,
2019-06-28 09:30:00.000000018,100039,100,99990,100,100044,100,99981,100,100056,100,99951,100,100065,100,99911,200,100093,100,99906,100,100107,100,99894,100,,,99822,100,,,,,,,,,,,,
2019-06-28 09:30:00.000000019,100035,100,99990,100,100039,100,99981,100,100044,100,99951,100,100056,100,99911,300,100065,100,99906,100,100093,100,99894,100,100107,100,99822,100,,,,,,,,,,,,
2019-06-28 09:30:00.000000020,100035,100,99990,100,100039,100,99981,100,100044,100,99951,100,100047,100,99911,300,100056,100,99906,100,100065,100,99894,100,100093,100,99822,100,100107,100,,,,,,,,,,
2019-06-28 09:30:00.000000022,100035,100,99990,100,100039,100,99981,100,100044,100,99951,100,100047,100,99911,300,100056,100,99906,100,100065,100,99894,100,100093,100,99822,100,100107,100,,,100150,100,,,,,,
2019-06-28 09:30:00.000000023,100035,100,99990,100,100039,100,99981,100,100044,100,99951,100,100047,100,99911,300,100056,100,99906,100,100065,100,99894,100,100093,100,99893,100,100107,100,99822,100,100150,100,,,,,,
2019-06-28 09:30:00.000000027,100035,100,99990,100,100039,100,99981,100,100044,100,99951,100,100047,100,99911,300,100056,100,99906,100,100065,100,99894,100,100093,100,99893,100,100107,100,99880,100,100150,100,99822,100,,,,
2019-06-28 09:30:00.000000032,100035,100,99990,100,100039,100,99981,100,100044,100,99951,100,100047,100,99911,300,100056,100,99906,100,100065,100,99894,100,100093,100,99893,100,100107,100,99880,100,100150,100,99822,100,,,99781,100
2019-06-28 09:30:00.000000033,100035,100,100003,100,100039,100,99990,100,100044,100,99981,100,100047,100,99951,100,100056,100,99911,300,100065,100,99906,100,100093,100,99894,100,100101,100,99893,100,100107,100,99880,100,100150,100,99822,100
2019-06-28 09:30:00.000000034,100035,100,100003,100,100039,100,99990,100,100044,100,99981,100,100047,100,99977,100,100056,100,99951,100,100065,100,99911,300,100093,100,99906,100,100101,100,99894,100,100107,100,99893,100,100150,100,99880,100
2019-06-28 09:30:00.000000035,100035,100,99990,100,100039,100,99981,100,100044,100,99977,100,100047,100,99951,100,100056,100,99911,300,100065,100,99906,100,100093,100,99894,100,100101,100,99893,100,100107,100,99880,100,100150,100,99822,100
2019-06-28 09:30:00.000000037,100035,100,99990,100,100039,100,99981,100,100044,100,99977,100,100047,100,99951,100,100056,100,99911,300,100065,100,99906,100,100093,100,99894,100,100101,100,99893,100,100107,100,99880,100,100150,100,99822,100
2019-06-28 09:30:00.000000038,100035,100,99990,100,100039,100,99981,100,100044,100,99977,100,100047,100,99951,100,100056,100,99937,100,100065,100,99911,300,100093,100,99906,100,100101,100,99894,100,100107,100,99893,100,100150,100,99880,100
2019-06-28 09:30:00.000000044,100035,100,99990,100,100039,100,99981,100,100044,100,99977,100,100047,100,99951,100,100056,100,99937,100,100065,100,99911,300,100093,100,99906,100,100101,100,99901,100,100107,100,99894,100,100150,100,99893,100
2019-06-28 09:30:00.000000045,100039,100,99990,100,100044,100,99981,100,100047,100,99977,100,100056,100,99951,100,100065,100,99937,100,100093,100,99911,300,100101,100,99906,100,100107,100,99901,100,100150,100,99894,100,100157,100,99893,100
2019-06-28 09:30:00.000000046,100035,100,99990,100,100039,100,99981,100,100044,100,99977,100,100047,100,99951,100,100056,100,99937,100,100065,100,99911,300,100093,100,99906,100,100101,100,99901,100,100107,100,99894,100,100150,100,99893,100
2019-06-28 09:30:00.000000048,100035,100,99990,100,100039,100,99981,100,100044,100,99977,100,100047,100,99951,100,100056,100,99937,100,100065,100,99911,300,100093,100,99906,100,100101,100,99901,100,100107,100,99894,100,100150,200,99893,100
2019-06-28 09:30:00.000000049,100035,100,100003,100,100039,100,99990,100,100044,100,99981,100,100047,100,99977,100,100056,100,99951,100,100065,100,99937,100,100093,100,99911,300,100101,100,99906,100,100107,100,99901,100,100150,200,99894,100
2019-06-28 09:30:00.000000050,100035,100,100003,100,100039,100,99990,100,100044,100,99981,100,100047,100,99977,100,100056,100,99956,100,100065,100,99951,100,100093,100,99937,100,100101,100,99911,300,100107,100,99906,100,100150,200,99901,100
2019-06-28 09:30:00.000000051,100035,100,100003,100,100039,100,99990,100,100044,100,99981,100,100047,100,99977,100,100056,100,99956,100,100065,100,99951,100,100093,100,99937,100,100101,100,99911,300,100107,100,99906,100,100150,200,99901,100
2019-06-28 09:30:00.000000052,100010,100,100003,100,100035,100,99990,100,100039,100,99981,100,100044,100,99977,100,100047,100,99956,100,100056,100,99951,100,100058,100,99937,100,100065,100,99911,300,100093,100,99906,100,100101,100,99901,100
2019-06-28 09:30:00.000000058,100010,100,100003,100,100035,100,99990,100,100039,100,99981,100,100044,100,99977,100,100047,100,99956,100,100056,100,99951,100,100058,100,99937,100,100065,100,99911,300,100093,100,99906,100,100099,100,99901,100
2019-06-28 09:30:00.000000060,100010,100,100003,100,100035,100,99990,100,100039,100,99981,100,100044,100,99977,100,100047,100,99956,100,100056,100,99951,100,100058,100,99938,100,100062,100,99937,100,100065,100,99911,300,100093,100,99906,100
2019-06-28 09:30:00.000000061,100010,100,100003,200,100035,100,99990,100,100036,100,99981,100,100039,100,99977,100,100044,100,99956,200,100047,100,99951,100,100056,100,99938,100,100058,100,99937,100,100062,100,99911,300,100065,100,99906,100
2019-06-28 09:30:00.000000062,100010,100,100003,200,100035,100,99990,100,100036,100,99981,100,100039,100,99977,100,100044,100,99956,200,100047,100,99951,100,100056,100,99938,100,100058,100,99937,100,100062,100,99911,300,100065,100,99906,200
2019-06-28 09:30:00.000000064,100010,100,100003,200,100035,100,99990,100,100036,100,99981,100,100039,100,99977,100,100044,100,99956,200,100047,100,99951,100,100056,100,99938,100,100058,100,99937,100,100062,200,99911,300,100065,100,99906,200
2019-06-28 09:30:00.000000065,100010,100,100003,300,100035,100,99990,100,100036,100,99981,100,100039,100,99977,100,100044,100,99956,200,100047,100,99951,100,100056,100,99938,100,100058,100,99937,100,100062,200,99911,300,100065,100,99906,200
2019-06-28 09:30:00.000000066,100010,100,100003,300,100035,100,99990,100,100036,100,99981,100,100039,100,99977,100,100044,100,99956,200,100047,100,99951,100,100056,100,99938,100,100058,100,99937,100,100062,200,99911,300,100065,100,99906,200
2019-06-28 09:30:00.000000069,100010,100,100003,300,100035,100,99990,100,100036,100,99981,100,100039,100,99977,100,100044,100,99956,200,100047,100,99951,100,100056,100,99943,100,100058,100,99938,100,100062,200,99937,100,100065,100,99911,300
2019-06-28 09:30:00.000000070,100010,100,100003,400,100035,100,99990,100,100036,100,99981,100,100039,100,99977,100,100044,100,99956,200,100047,100,99951,100,100056,100,99943,100,100058,100,99938,100,100062,200,99937,100,100065,100,99911,300
2019-06-28 09:30:00.000000079,100010,100,100003,300,100035,100,99990,100,100036,100,99981,100,100039,100,99977,100,100044,100,99956,200,100047,100,99951,100,100056,100,99943,100,100058,100,99938,100,100062,200,99937,100,100065,100,99911,300
2019-06-28 09:30:00.000000080,100010,100,100003,300,100035,100,99990,100,100036,100,99981,100,100039,100,99977,100,100044,100,99956,200,100047,100,99951,100,100056,100,99943,100,100058,100,99938,100,100062,200,99937,100,100065,100,99911,300
2019-06-28 09:30:00.000000082,100010,100,100003,300,100034,100,99990,100,100035,100,99981,100,100036,100,99977,100,100039,100,99956,200,100044,100,99951,100,100047,100,99943,100,100056,100,99938,100,100058,100,99937,100,100062,200,99911,300
2019-06-28 09:30:00.000000084,100010,100,100003,300,100034,100,99990,100,100035,100,99981,100,100036,100,99977,100,100039,100,99956,200,100044,100,99951,100,100047,100,99943,100,100048,100,99938,100,100056,100,99937,100,100058,100,99911,300
2019-06-28 09:30:00.000000085,100010,100,100003,300,100034,100,99990,100,100035,100,99981,100,100036,100,99977,100,100039,100,99956,200,100044,100,99951,100,100047,100,99943,100,100048,100,99938,100,100056,100,99937,100,100058,100,99911,300
2019-06-28 09:30:00.000000088,100010,100,100003,300,100034,100,99990,100,100035,100,99981,200,100036,100,99977,100,100039,100,99956,200,100044,100,99951,100,100047,100,99943,100,100048,100,99938,100,100056,100,99937,100,100058,100,99911,300
2019-06-28 09:30:00.000000090,100010,100,100004,100,100034,100,100003,300,100035,100,99990,100,100036,100,99981,200,100039,100,99977,100,100044,100,99956,200,100047,100,99951,100,100048,100,99943,100,100056,100,99938,100,100058,100,99937,100
2019-06-28 09:30:00.000000095,100010,100,100004,100,100034,100,100003,300,100035,100,99990,100,100036,100,99981,200,100039,100,99977,100,100044,100,99957,100,100047,100,99956,200,100048,100,99951,100,100056,100,99943,100,100058,100,99938,100
2019-06-28 09:30:00.000000096,100010,100,100004,100,100034,100,100003,300,100035,100,99990,100,100036,100,99981,200,100039,100,99977,100,100044,100,99957,100,100047,100,99956,200,100048,100,99951,100,100056,100,99943,100,100058,100,99938,100
2019-06-28 09:30:00.000000097,100010,100,100004,100,100034,100,100003,300,100035,100,99990,100,100036,100,99981,200,100039,100,99977,100,100044,100,99957,100,100047,100,99956,200,100048,100,99951,100,100056,100,99943,100,100058,100,99938,100
2019-06-28 09:30:00.000000099,100010,100,100004,200,100034,100,100003,300,100035,100,99990,100,100036,100,99981,200,100039,100,99977,100,100044,100,99957,100,100047,100,99956,200,100048,100,99951,100,100056,100,99943,100,100058,100,99938,100
2019-06-28 09:30:06.114987470,100010,100,100004,200,100034,100,100003,300,100035,100,99990,100,100036,100,99981,200,100039,100,99977,100,100044,100,99957,100,100047,100,99956,200,100048,100,99951,100,100056,100,99943,100,100058,100,99938,100
2019-06-28 09:30:10.000000000,100010,498,100004,598,100034,100,100003,300,100035,100,99990,100,100036,100,99981,200,100039,100,99977,100,100044,100,99957,100,100047,100,99956,200,100048,100,99951,100,100056,100,99943,100,100058,100,99938,100
2019-06-28 09:30:10.156517346,100010,498,100004,598,100034,100,100003,300,100035,100,99990,100,100036,100,99982,100,100039,100,99981,200,100044,100,99977,100,100047,100,99957,100,100048,100,99956,200,100056,100,99951,100,100058,100,99943,100
2019-06-28 09:30:20.000000000,100010,235,100004,335,100034,231,100003,431,100035,231,99990,231,100036,100,99982,100,100039,100,99981,200,100044,100,99977,100,100047,100,99957,100,100048,100,99956,200,100056,100,99951,100,100058,100,99943,100
2019-06-28 09:30:30.000000000,100010,235,100004,335,100034,231,100003,431,100035,231,99990,231,100036,100,99982,100,100039,100,99981,200,100044,100,99977,100,100047,100,99957,100,100048,100,99956,200,100056,100,99951,100,100058,100,99943,100
2019-06-28 09:30:40.000000000,100010,235,100004,335,100034,231,100003,431,100035,231,99990,231,100036,100,99982,100,100039,100,99981,200,100044,100,99977,100,100047,100,99957,100,100048,100,99956,200,100056,100,99951,100,100058,100,99943,100
2019-06-28 09:30:50.000000000,100010,180,100004,280,100034,180,100003,380,100035,180,99990,180,100036,180,99982,180,100039,180,99981,280,100044,100,99977,100,100047,100,99957,100,100048,100,99956,200,100056,100,99951,100,100058,100,99943,100
2019-06-28 09:31:00.000000000,100010,200,100004,300,100034,200,100003,400,100035,200,99990,200,100036,200,99982,200,100039,100,99981,200,100044,100,99977,100,100047,100,99957,100,100048,100,99956,200,100056,100,99951,100,100058,100,99943,100
2019-06-28 09:31:06.255384658,100010,200,100004,300,100034,200,100003,400,100035,200,99990,200,100036,200,99982,100,100039,100,99981,200,100044,100,99977,100,100047,100,99957,100,100048,100,99956,200,100056,100,99951,100,100058,100,99943,100
2019-06-28 09:31:10.000000000,100010,235,100004,335,100034,231,100003,431,100035,231,99990,231,100036,100,99981,200,100039,100,99977,100,100044,100,99957,100,100047,100,99956,200,100048,100,99951,100,100056,100,99943,100,100058,100,99938,100
2019-06-28 09:31:10.647959714,100010,235,100004,335,100034,231,100003,431,100035,231,99990,231,100036,100,99981,200,100039,100,99977,100,100044,100,99957,100,100047,100,99956,200,100048,100,99951,100,100056,100,99943,100,100058,100,99938,100
2019-06-28 09:31:16.026504229,100009,100,100004,335,100010,235,100003,431,100034,231,99990,231,100035,231,99981,200,100036,100,99977,100,100039,100,99957,100,100044,100,99956,200,100047,100,99943,100,100048,100,99938,100,100056,100,99937,100
2019-06-28 09:31:16.662589183,100009,100,100004,235,100010,235,100003,431,100034,231,99990,231,100035,231,99981,200,100036,100,99977,100,100039,100,99956,200,100044,100,99943,100,100047,100,99938,100,100048,100,99937,100,100056,100,99911,300
2019-06-28 09:31:20.000000000,100009,498,100004,498,100010,100,100003,300,100034,100,99990,100,100035,100,99981,200,100036,100,99977,100,100039,100,99956,200,100044,100,99943,100,100047,100,99938,100,100048,100,99937,100,100056,100,99911,300
2019-06-28 09:31:27.722464524,100009,498,100004,398,100010,100,100003,300,100034,100,99990,100,100035,100,99981,200,100036,100,99977,100,100039,100,99956,200,100044,100,99943,100,100047,100,99938,100,100048,100,99937,100,100056,100,99911,300
2019-06-28 09:31:30.000000000,100009,180,100003,380,100010,180,99990,180,100034,180,99981,280,100035,180,99977,180,100036,180,99956,280,100039,100,99943,100,100044,100,99938,100,100047,100,99937,100,100048,100,99911,300,100056,100,99909,100
2019-06-28 09:31:38.175250710,100009,180,100003,280,100010,180,99990,180,100034,180,99981,280,100035,180,99977,180,100036,180,99956,280,100039,100,99943,100,100044,100,99938,100,100047,100,99937,100,100048,100,99911,300,100056,100,99909,100
2019-06-28 09:31:40.000000000,100009,498,100003,598,100010,100,99990,100,100034,100,99981,200,100035,100,99977,100,100036,100,99956,200,100039,100,99943,100,100044,100,99938,100,100047,100,99937,100,100048,100,99911,300,100056,100,99909,100
2019-06-28 09:31:50.000000000,100009,200,100003,300,100010,200,99990,200,100034,200,99981,300,100035,200,99977,200,100036,100,99956,200,100039,100,99943,100,100044,100,99938,100,100047,100,99937,100,100048,100,99911,300,100056,100,99909,100
2019-06-28 09:32:00.000000000,100009,299,100003,399,100010,299,99990,299,100034,100,99981,200,100035,100,99977,100,100036,100,99956,200,100039,100,99943,100,100044,100,99938,100,100047,100,99937,100,100048,100,99911,300,100056,100,99909,100
2019-06-28 09:32:10.000000000,100009,200,100003,300,100010,200,99990,200,100034,200,99981,300,100035,200,99977,200,100036,100,99956,200,100039,100,99943,100,100044,100,99938,100,100047,100,99937,100,100048,100,99911,300,100056,100,99909,100
2019-06-28 09:32:20.000000000,100009,235,100003,335,100010,231,99990,231,100034,231,99981,331,100035,100,99977,100,100036,100,99956,200,100039,100,99943,100,100044,100,99938,100,100047,100,99937,100,100048,100,99911,300,100056,100,99909,100
2019-06-28 09:32:30.000000000,100009,498,100003,598,100010,100,99990,100,100034,100,99981,200,100035,100,99977,100,100036,100,99956,200,100039,100,99943,100,100044,100,99938,100,100047,100,99937,100,100048,100,99911,300,100056,100,99909,100
2019-06-28 09:32:39.319817066,100009,498,100003,498,100010,100,99990,100,100034,100,99981,200,100035,100,99977,100,100036,100,99956,200,100039,100,99943,100,100044,100,99938,100,100047,100,99937,100,100048,100,99911,300,100056,100,99909,100
2019-06-28 09:32:40.000000000,100009,299,100003,299,100010,299,99990,299,100034,100,99981,200,100035,100,99977,100,100036,100,99956,200,100039,100,99943,100,100044,100,99938,100,100047,100,99937,100,100048,100,99911,300,100056,100,99909,100
2019-06-28 09:32:40.003406523,100009,299,100003,199,100010,299,99990,299,100034,100,99981,200,100035,100,99977,100,100036,100,99956,200,100039,100,99943,100,100044,100,99938,100,100047,100,99937,100,100048,100,99911,300,100056,100,99909,100
2019-06-28 09:32:41.705041573,100009,299,100003,199,100010,299,99990,299,100034,100,99981,200,100035,100,99977,100,100036,100,99956,200,100039,100,99943,100,100044,100,99938,100,100047,100,99937,100,100048,100,99911,300,100056,100,99909,100
2019-06-28 09:32:46.782167958,100009,299,100003,199,100010,299,99990,299,100034,100,99981,200,100035,100,99977,100,100036,100,99956,200,100039,100,99943,100,100044,100,99938,100,100047,100,99937,100,100048,100,99911,300,100056,100,99909,100
2019-06-28 09:32:50.000000000,100009,299,99990,299,100010,299,99981,399,100034,100,99977,100,100035,100,99956,200,100036,100,99943,100,100039,100,99938,100,100044,100,99937,100,100047,100,99911,300,100048,100,99909,100,100056,100,99906,200
2019-06-28 09:33:00.000000000,100009,180,99990,180,100010,180,99981,280,100034,180,99977,180,100035,180,99956,280,100036,180,99943,180,100039,100,99938,100,100044,100,99937,100,100047,100,99911,300,100048,100,99909,100,100056,100,99906,200
2019-06-28 09:33:08.549579525,100009,180,99990,180,100010,180,99981,280,100034,180,99977,180,100035,180,99956,280,100036,180,99943,180,100039,100,99938,100,100044,100,99937,100,100047,100,99911,300,100048,100,99909,100,100056,100,99906,200
2019-06-28 09:33:10.000000000,100009,200,99990,200,100010,200,99981,300,100034,200,99977,200,100035,200,99956,300,100036,100,99943,100,100039,100,99938,100,100044,100,99937,100,100047,100,99911,300,100048,100,99909,100,100056,100,99906,200
2019-06-28 09:33:20.000000000,100009,299,99990,299,100010,299,99981,399,100034,100,99977,100,100035,100,99956,200,100036,100,99943,100,100039,100,99938,100,100044,100,99937,100,100047,100,99911,300,100048,100,99909,100,100056,100,99906,200
2019-06-28 09:33:30.000000000,100009,299,99990,299,100010,299,99981,399,100034,100,99977,100,100035,100,99956,200,100036,100,99943,100,100039,100,99938,100,100044,100,99937,100,100047,100,99911,300,100048,100,99909,100,100056,100,99906,200
2019-06-28 09:33:40.000000000,100009,498,99990,498,100010,100,99981,200,100034,100,99977,100,100035,100,99956,200,100036,100,99943,100,100039,100,99938,100,100044,100,99937,100,100047,100,99911,300,100048,100,99909,100,100056,100,99906,200
2019-06-28 09:33:49.529803772,100009,498,99990,498,100010,100,99981,200,100034,100,99977,100,100035,100,99956,200,100036,100,99943,100,100039,100,99938,100,100044,100,99937,100,100047,100,99911,300,100048,100,99909,100,100056,100,99906,200
2019-06-28 09:33:50.000000000,100009,200,99990,200,100010,200,99981,300,100034,200,99977,200,100035,200,99956,300,100036,100,99943,100,100039,100,99938,100,100044,100,99937,100,100047,100,99911,300,100048,100,99909,100,100056,100,99906,200
2019-06-28 09:33:55.621308082,100009,100,99990,200,100010,200,99981,300,100034,200,99977,200,100035,200,99956,200,100036,100,99943,100,100039,100,99938,100,100044,100,99937,100,100047,100,99911,300,100048,100,99909,100,100056,100,99906,200
2019-06-28 09:33:59.810503678,100009,100,99990,200,100010,200,99981,300,100034,200,99977,200,100035,200,99956,200,100036,100,99943,100,100039,100,99938,100,100044,100,99937,100,100047,100,99911,300,100048,100,99909,100,100056,100,99906,100
2019-06-28 09:34:00.000000000,100010,498,99990,498,100034,100,99981,200,100035,100,99977,100,100036,100,99956,100,100039,100,99943,100,100044,100,99938,100,100047,100,99937,100,100048,100,99911,300,100056,100,99909,100,100062,100,99906,100
2019-06-28 09:34:10.000000000,100010,498,99990,498,100034,100,99981,200,100035,100,99977,100,100036,100,99956,100,100039,100,99943,100,100044,100,99938,100,100047,100,99937,100,100048,100,99911,300,100056,100,99909,100,100062,100,99906,100
2019-06-28 09:34:11.398284226,100010,498,99990,498,100034,100,99981,200,100035,100,99977,100,100036,100,99956,100,100039,100,99943,100,100044,100,99938,100,100047,100,99937,100,100048,100,99911,300,100056,100,99909,100,100062,100,99906,100
2019-06-28 09:34:18.696803678,100010,498,99990,498,100034,100,99981,200,100035,100,99977,100,100036,100,99956,100,100039,100,99938,100,100044,100,99937,100,100047,100,99911,300,100048,100,99909,100,100056,100,99906,100,100062,100,99901,100
2019-06-28 09:34:20.000000000,100010,498,99990,498,100034,100,99981,200,100035,100,99977,100,100036,100,99956,100,100039,100,99938,100,100044,100,99937,100,100047,100,99911,300,100048,100,99909,100,100056,100,99906,100,100062,100,99901,100
2019-06-28 09:34:22.067891537,100010,498,99990,498,100034,100,99981,200,100035,100,99977,100,100036,100,99956,100,100039,100,99938,100,100044,100,99937,100,100047,100,99911,300,100048,100,99909,100,100056,100,99906,100,100062,100,99901,100
2019-06-28 09:34:30.000000000,100010,299,99990,299,100034,299,99981,399,100035,100,99977,100,100036,100,99956,100,100039,100,99938,100,100044,100,99937,100,100047,100,99911,300,100048,100,99909,100,100056,100,99906,100,100062,100,99901,100
2019-06-28 09:34:40.000000000,100010,299,99990,299,100034,299,99981,399,100035,100,99977,100,100036,100,99956,100,100039,100,99938,100,100044,100,99937,100,100047,100,99911,300,100048,100,99909,100,100056,100,99906,100,100062,100,99901,100
2019-06-28 09:34:50.000000000,100010,180,99990,180,100034,180,99981,280,100035,180,99977,180,100036,180,99956,180,100039,180,99938,180,100044,100,99937,100,100047,100,99911,300,100048,100,99909,100,100056,100,99906,100,100062,100,99901,100
2019-06-28 09:35:00.000000000,100010,498,99990,498,100034,100,99981,200,100035,100,99977,100,100036,100,99956,100,100039,100,99938,100,100044,100,99937,100,100047,100,99911,300,100048,100,99909,100,100056,100,99906,100,100062,100,99901,100
2019-06-28 09:35:10.000000000,100010,235,99990,235,100034,231,99981,331,100035,231,99977,231,100036,100,99956,100,100039,100,99938,100,100044,100,99937,100,100047,100,99911,300,100048,100,99909,100,100056,100,99906,100,100062,100,99901,100
2019-06-28 09:35:19.033936723,100010,235,99990,235,100034,231,99981,331,100035,231,99977,231,100036,100,99956,100,100039,100,99938,100,100044,100,99937,100,100047,100,99930,100,100056,100,99911,300,100062,100,99909,100,100065,100,99906,100
2019-06-28 09:35:20.000000000,100010,498,99990,498,100034,100,99981,200,100035,100,99977,100,100036,100,99956,100,100039,100,99938,100,100044,100,99937,100,100047,100,99930,100,100056,100,99911,300,100062,100,99909,100,100065,100,99906,100
2019-06-28 09:35:29.261211966,100010,498,99990,398,100034,100,99981,200,100035,100,99977,100,100036,100,99956,100,100039,100,99938,100,100044,100,99937,100,100047,100,99930,100,100056,100,99911,300,100062,100,99909,100,100065,100,99906,100
2019-06-28 09:35:30.000000000,100010,498,99981,598,100034,100,99977,100,100035,100,99956,100,100036,100,99938,100,100039,100,99937,100,100044,100,99930,100,100047,100,99911,300,100056,100,99909,100,100062,100,99906,100,100065,100,99901,100
2019-06-28 09:35:32.612014917,100010,498,99981,498,100034,100,99977,100,100035,100,99956,100,100036,100,99938,100,100039,100,99937,100,100044,100,99930,100,100047,100,99911,300,100056,100,99909,100,100062,100,99906,100,100065,100,99901,100
2019-06-28 09:35:40.000000000,100010,235,99981,235,100034,231,99977,231,100035,231,99956,231,100036,100,99938,100,100039,100,99937,100,100044,100,99930,100,100047,100,99911,300,100056,100,99909,100,100062,100,99906,100,100065,100,99901,100
2019-06-28 09:35:48.094017507,100010,235,99991,100,100034,231,99981,235,100035,231,99977,231,100036,100,99956,231,100039,100,99938,100,100044,100,99937,100,100047,100,99930,100,100056,100,99911,300,100062,100,99909,100,100065,100,99906,100
2019-06-28 09:35:50.000000000,100010,299,99991,299,100034,299,99981,299,100035,100,99977,100,100036,100,99956,100,100039,100,99938,100,100044,100,99937,100,100047,100,99930,100,100056,100,99911,300,100062,100,99909,100,100065,100,99906,100
2019-06-28 09:36:00.000000000,100010,180,99991,180,100034,180,99981,180,100035,180,99977,180,100036,180,99956,180,100039,180,99938,180,100044,100,99937,100,100047,100,99930,100,100056,100,99911,300,100062,100,99909,100,100065,100,99906,100
2019-06-28 09:36:10.000000000,100010,299,99991,299,100034,299,99981,299,100035,100,99977,100,100036,100,99956,100,100039,100,99938,100,100044,100,99937,100,100047,100,99930,100,100056,100,99911,300,100062,100,99909,100,100065,100,99906,100
2019-06-28 09:36:11.394800618,100010,299,99991,199,100034,299,99981,299,100035,100,99977,100,100036,100,99956,100,100039,100,99938,100,100044,100,99937,100,100047,100,99930,100,100056,100,99911,300,100062,100,99909,100,100065,100,99906,100
2019-06-28 09:36:20.000000000,100010,200,99981,200,100034,200,99977,200,100035,200,99956,200,100036,200,99938,200,100039,100,99937,100,100044,100,99930,100,100047,100,99911,300,100056,100,99909,100,100062,100,99906,100,100065,100,99901,100
2019-06-28 09:36:28.213373974,100010,200,99981,200,100034,200,99977,200,100035,200,99956,200,100036,200,99938,200,100039,100,99937,100,100044,100,99930,100,100047,100,99911,300,100056,100,99909,100,100062,100,99906,100,100065,100,99901,100
2019-06-28 09:36:30.000000000,100010,235,99981,235,100034,231,99977,231,100035,231,99956,231,100036,100,99938,100,100039,100,99937,100,100044,100,99930,100,100047,100,99911,300,100056,100,99909,100,100062,100,99906,100,100065,100,99901,100
2019-06-28 09:36:36.715241544,100010,235,99981,235,100034,231,99977,231,100035,231,99956,231,100036,100,99938,100,100039,100,99937,100,100044,100,99930,100,100047,100,99911,300,100056,100,99909,100,100062,100,99906,100,100065,100,99901,100
2019-06-28 09:36:40.000000000,100010,299,99981,299,100034,299,99977,299,100035,100,99956,100,100036,100,99938,100,100039,100,99937,100,100044,100,99930,100,100047,100,99911,300,100056,100,99909,100,100062,100,99906,100,100065,100,99901,100
2019-06-28 09:36:50.000000000,100010,235,99981,235,100034,231,99977,231,100035,231,99956,231,100036,100,99938,100,100039,100,99937,100,100044,100,99930,100,100047,100,99911,300,100056,100,99909,100,100062,100,99906,100,100065,100,99901,100
2019-06-28 09:37:00.000000000,100010,235,99981,235,100034,231,99977,231,100035,231,99956,231,100036,100,99938,100,100039,100,99937,100,100044,100,99930,100,100047,100,99911,300,100056,100,99909,100,100062,100,99906,100,100065,100,99901,100
2019-06-28 09:37:10.000000000,100010,235,99981,235,100034,231,99977,231,100035,231,99956,231,100036,100,99938,100,100039,100,99937,100,100044,100,99930,100,100047,100,99911,300,100056,100,99909,100,100062,100,99906,100,100065,100,99901,100
2019-06-28 09:37:20.000000000,100010,180,99981,180,100034,180,99977,180,100035,180,99956,180,100036,180,99938,180,100039,180,99937,180,100044,100,99930,100,100047,100,99911,300,100056,100,99909,100,100062,100,99906,100,100065,100,99901,100
2019-06-28 09:37:20.177742278,100010,180,99981,80,100034,180,99977,180,100035,180,99956,180,100036,180,99938,180,100039,180,99937,180,100044,100,99930,100,100047,100,99911,300,100056,100,99909,100,100062,100,99906,100,100065,100,99901,100
2019-06-28 09:37:27.564883245,100010,180,99981,80,100034,180,99977,180,100035,180,99956,180,100036,180,99938,180,100039,180,99937,180,100044,100,99930,100,100047,100,99911,300,100056,100,99909,100,100062,100,99906,100,100065,100,99901,100
2019-06-28 09:37:28.809227229,100010,180,99981,80,100034,180,99977,180,100035,180,99956,180,100036,180,99938,180,100039,180,99937,180,100044,100,99930,100,100047,100,99911,300,100056,100,99909,100,100062,100,99906,100,100065,100,99901,100
2019-06-28 09:37:30.000000000,100010,180,99977,180,100034,180,99956,180,100035,180,99938,180,100036,180,99937,180,100039,180,99930,180,100044,100,99911,300,100047,100,99909,100,100056,100,99906,100,100062,100,99901,100,100065,100,99895,100
2019-06-28 09:37:40.000000000,100010,299,99977,299,100034,299,99956,299,100035,100,99938,100,100036,100,99937,100,100039,100,99930,100,100044,100,99911,300,100047,100,99909,100,100056,100,99906,100,100062,100,99901,100,100065,100,99895,100
2019-06-28 09:37:41.369374574,99991,100,99977,299,100010,299,99956,299,100034,299,99938,100,100035,100,99937,100,100036,100,99930,100,100039,100,99911,300,100044,100,99909,100,100047,100,99906,100,100056,100,99901,100,100062,100,99895,100
2019-06-28 09:37:49.911940203,99991,100,99977,299,100010,299,99956,299,100034,299,99938,100,100035,100,99937,100,100036,100,99930,100,100039,100,99911,300,100044,100,99909,100,100047,100,99906,100,100056,100,99901,100,100062,100,99895,100
2019-06-28 09:37:50.000000000,99991,299,99977,299,100010,299,99956,299,100034,100,99938,100,100035,100,99937,100,100036,100,99930,100,100039,100,99911,300,100044,100,99909,100,100047,100,99906,100,100056,100,99901,100,100062,100,99895,100
2019-06-28 09:38:00.000000000,99991,200,99977,200,100010,200,99956,200,100034,200,99938,200,100035,200,99937,200,100036,100,99930,100,100039,100,99911,300,100044,100,99909,100,100047,100,99906,100,100056,100,99901,100,100062,100,99895,100
2019-06-28 09:38:10.000000000,99991,299,99977,299,100010,299,99956,299,100034,100,99938,100,100035,100,99937,100,100036,100,99930,100,100039,100,99911,300,100044,100,99909,100,100047,100,99906,100,100056,100,99901,100,100062,100,99895,100
2019-06-28 09:38:16.455011733,99991,299,99977,299,100010,299,99956,299,100034,100,99938,100,100035,100,99937,100,100036,100,99930,100,100039,100,99911,300,100044,100,99909,100,100047,100,99906,100,100056,100,99901,100,100062,100,99895,100
2019-06-28 09:38:20.000000000,99991,200,99977,200,100010,200,99956,200,100034,200,99938,200,100035,200,99937,200,100036,100,99930,100,100039,100,99911,300,100044,100,99909,100,100047,100,99906,100,100056,100,99901,100,100062,100,99895,100
2019-06-28 09:38:30.000000000,99991,299,99977,299,100010,299,99956,299,100034,100,99938,100,100035,100,99937,100,100036,100,99930,100,100039,100,99911,300,100044,100,99909,100,100047,100,99906,100,100056,100,99901,100,100062,100,99895,100
2019-06-28 09:38:31.364650570,99991,299,99977,299,100010,299,99956,299,100034,100,99938,100,100035,100,99937,100,100036,100,99930,100,100039,100,99911,200,100044,100,99909,100,100047,100,99906,100,100056,100,99901,100,100062,100,99895,100
2019-06-28 09:38:40.000000000,99991,180,99977,180,100010,180,99956,180,100034,180,99938,180,100035,180,99937,180,100036,180,99930,180,100039,100,99911,200,100044,100,99909,100,100047,100,99906,100,100056,100,99901,100,100062,100,99895,100
2019-06-28 09:38:43.033430302,99991,180,99977,180,100010,180,99956,180,100034,180,99938,180,100035,180,99937,180,100036,180,99930,180,100039,100,99911,200,100044,100,99909,100,100047,100,99906,100,100056,100,99901,100,100062,100,99895,100
2019-06-28 09:38:47.354513860,99991,180,99977,180,100010,180,99956,180,100034,180,99938,80,100035,180,99937,180,100036,180,99930,180,100039,100,99911,200,100044,100,99909,100,100047,100,99906,100,100056,100,99901,100,100062,100,99895,100
2019-06-28 09:38:49.165498767,99991,180,99977,80,100010,180,99956,180,100034,180,99938,80,100035,180,99937,180,100036,180,99930,180,100039,100,99911,200,100044,100,99909,100,100047,100,99906,100,100056,100,99901,100,100062,100,99895,100
2019-06-28 09:38:50.000000000,99991,180,99956,180,100010,180,99937,180,100034,180,99930,180,100035,180,99911,280,100036,180,99909,180,100039,100,99906,100,100044,100,99901,100,100047,100,99895,100,100056,100,99894,100,100062,100,99893,100
2019-06-28 09:38:56.806405446,99991,180,99956,80,100010,180,99937,180,100034,180,99930,180,100035,180,99911,180,100036,180,99909,180,100039,100,99906,100,100044,100,99901,100,100047,100,99895,100,100056,100,99894,100,100062,100,99893,100
2019-06-28 09:39:00.000000000,99991,299,99937,299,100010,299,99930,299,100034,100,99911,100,100035,100,99909,100,100036,100,99906,100,100039,100,99901,100,100044,100,99895,100,100047,100,99894,100,100056,100,99893,100,100062,100,99880,100
2019-06-28 09:39:10.000000000,99991,235,99937,235,100010,231,99930,231,100034,231,99911,231,100035,100,99909,100,100036,100,99906,100,100039,100,99901,100,100044,100,99895,100,100047,100,99894,100,100056,100,99893,100,100062,100,99880,100
2019-06-28 09:39:20.000000000,99991,498,99937,498,100010,100,99930,100,100034,100,99911,100,100035,100,99909,100,100036,100,99906,100,100039,100,99901,100,100044,100,99895,100,100047,100,99894,100,100056,100,99893,100,100062,100,99880,100
2019-06-28 09:39:30.000000000,99991,498,99937,498,100010,100,99930,100,100034,100,99911,100,100035,100,99909,100,100036,100,99906,100,100039,100,99901,100,100044,100,99895,100,100047,100,99894,100,100056,100,99893,100,100062,100,99880,100
2019-06-28 09:39:40.000000000,99991,235,99937,235,100010,231,99930,231,100034,231,99911,231,100035,100,99909,100,100036,100,99906,100,100039,100,99901,100,100044,100,99895,100,100047,100,99894,100,100056,100,99893,100,100062,100,99880,100
2019-06-28 09:39:50.000000000,99991,498,99937,498,100010,100,99930,100,100034,100,99911,100,100035,100,99909,100,100036,100,99906,100,100039,100,99901,100,100044,100,99895,100,100047,100,99894,100,100056,100,99893,100,100062,100,99880,100
2019-06-28 09:39:55.254317040,99991,498,99937,398,100010,100,99930,100,100034,100,99911,100,100035,100,99909,100,100036,100,99906,100,100039,100,99901,100,100044,100,99895,100,100047,100,99894,100,100056,100,99893,100,100062,100,99880,100
2019-06-28 09:40:00.000000000,99991,180,99930,180,100010,180,99911,180,100034,180,99909,180,100035,180,99906,180,100036,180,99901,180,100039,100,99895,100,100044,100,99894,100,100047,100,99893,100,100056,100,99880,100,100062,100,99874,100
2019-06-28 09:40:01.402172003,99956,100,99930,180,99991,180,99911,180,100010,180,99909,180,100034,180,99906,180,100035,180,99901,180,100036,180,99895,100,100039,100,99894,100,100044,100,99893,100,100047,100,99880,100,100056,100,99874,100
2019-06-28 09:40:10.000000000,99956,235,99930,235,99991,231,99911,231,100010,231,99909,231,100034,100,99906,100,100035,100,99901,100,100036,100,99895,100,100039,100,99894,100,100044,100,99893,100,100047,100,99880,100,100056,100,99874,100
2019-06-28 09:40:20.000000000,99956,200,99930,200,99991,200,99911,200,100010,200,99909,200,100034,200,99906,200,100035,100,99901,100,100036,100,99895,100,100039,100,99894,100,100044,100,99893,100,100047,100,99880,100,100056,100,99874,100
2019-06-28 09:40:26.423075165,99956,200,99930,200,99991,200,99911,200,100010,200,99909,200,100034,200,99906,200,100035,100,99901,100,100036,100,99895,100,100039,100,99894,100,100044,100,99893,100,100047,100,99880,100,100056,100,99874,100
2019-06-28 09:40:30.000000000,99956,180,99930,180,99991,180,99911,180,100010,180,99909,180,100034,180,99906,180,100035,180,99901,180,100036,100,99895,100,100039,100,99894,100,100044,100,99893,100,100047,100,99880,100,100056,100,99874,100
2019-06-28 09:40:35.928262644,99956,180,99930,180,99991,180,99911,180,100010,180,99909,180,100034,180,99906,180,100035,180,99901,180,100036,100,99895,100,100039,100,99894,100,100044,100,99893,100,100047,100,99880,100,100056,100,99874,100
2019-06-28 09:40:40.000000000,99956,235,99930,235,99991,231,99911,231,100010,231,99909,231,100034,100,99906,100,100035,100,99901,100,100036,100,99895,100,100039,100,99894,100,100044,100,99893,100,100047,100,99880,100,100056,100,99874,100
2019-06-28 09:40:40.783412557,99956,235,99930,135,99991,231,99911,231,100010,231,99909,231,100034,100,99906,100,100035,100,99901,100,100036,100,99895,100,100039,100,99894,100,100044,100,99893,100,100047,100,99880,100,100056,100,99874,100
2019-06-28 09:40:50.000000000,99956,200,99911,200,99991,200,99909,200,100010,200,99906,200,100034,200,99901,200,100035,100,99895,100,100036,100,99894,100,100039,100,99893,100,100044,100,99880,100,100047,100,99874,100,100056,100,99828,100
2019-06-28 09:40:59.497253784,99956,200,99911,100,99991,200,99909,100,100010,200,99906,200,100034,200,99901,200,100035,100,99895,100,100036,100,99894,100,100039,100,99893,100,100044,100,99880,100,100047,100,99874,100,100056,100,99828,100
2019-06-28 09:41:00.000000000,99956,180,99906,180,99991,180,99901,180,100010,180,99895,180,100034,180,99894,180,100035,180,99893,180,100036,100,99880,100,100039,100,99874,100,100044,100,99828,100,100047,100,99770,100,100056,100,99623,100
2019-06-28 09:41:03.037361996,99956,180,99906,180,99991,180,99901,180,100010,180,99895,180,100034,180,99894,180,100035,180,99893,180,100036,100,99880,100,100039,100,99874,100,100044,100,99828,100,100047,100,99770,100,100056,100,99623,100
2019-06-28 09:41:10.000000000,99956,498,99906,498,99991,100,99901,100,100010,100,99895,100,100034,100,99894,100,100035,100,99893,100,100036,100,99880,100,100039,100,99874,100,100044,100,99828,100,100047,100,99770,100,100056,100,99623,100
2019-06-28 09:41:20.000000000,99956,180,99906,180,99991,180,99901,180,100010,180,99895,180,100034,180,99894,180,100035,180,99893,180,100036,100,99880,100,100039,100,99874,100,100044,100,99828,100,100047,100,99770,100,100056,100,99623,100
2019-06-28 09:41:30.000000000,99956,200,99906,200,99991,200,99901,200,100010,200,99895,200,100034,200,99894,200,100035,100,99893,100,100036,100,99880,100,100039,100,99874,100,100044,100,99828,100,100047,100,99770,100,100056,100,99623,100
2019-06-28 09:41:40.000000000,99956,200,99906,200,99991,200,99901,200,100010,200,99895,200,100034,200,99894,200,100035,100,99893,100,100036,100,99880,100,100039,100,99874,100,100044,100,99828,100,100047,100,99770,100,100056,100,99623,100
2019-06-28 09:41:48.135893733,99956,200,99906,100,99991,200,99901,200,100010,200,99895,200,100034,200,99894,200,100035,100,99893,100,100036,100,99880,100,100039,100,99874,100,100044,100,99828,100,100047,100,99770,100,100056,100,99623,100
2019-06-28 09:41:50.000000000,99956,299,99901,299,99991,299,99895,299,100010,100,99894,100,100034,100,99893,100,100035,100,99880,100,100036,100,99874,100,100039,100,99828,100,100044,100,99770,100,100047,100,99623,100,100056,100,99506,100
2019-06-28 09:41:56.757471625,99956,299,99901,299,99991,299,99895,299,100010,100,99894,100,100034,100,99893,100,100035,100,99880,100,100036,100,99874,100,100039,100,99828,100,100044,100,99623,100,100047,100,99506,100,100056,100,99460,100
2019-06-28 09:41:57.792655241,99956,299,99901,199,99991,299,99895,299,100010,100,99894,100,100034,100,99893,100,100035,100,99880,100,100036,100,99874,100,100039,100,99828,100,100044,100,99623,100,100047,100,99506,100,100065,100,99460,100
2019-06-28 09:42:00.000000000,99956,180,99895,180,99991,180,99894,180,100010,180,99893,180,100034,180,99880,180,100035,180,99874,180,100036,100,99828,100,100039,100,99623,100,100044,100,99506,100,100047,100,99460,100,100065,100,99429,100
2019-06-28 09:42:10.000000000,99956,200,99895,200,99991,200,99894,200,100010,200,99893,200,100034,200,99880,200,100035,100,99874,100,100036,100,99828,100,100039,100,99623,100,100044,100,99506,100,100047,100,99460,100,100065,100,99429,100
2019-06-28 09:42:20.000000000,99956,235,99895,235,99991,231,99894,231,100010,231,99893,231,100034,100,99880,100,100035,100,99874,100,100036,100,99828,100,100039,100,99623,100,100044,100,99506,100,100047,100,99460,100,100065,100,99429,100
2019-06-28 09:42:30.000000000,99956,299,99895,299,99991,299,99894,299,100010,100,99893,100,100034,100,99880,100,100035,100,99874,100,100036,100,99828,100,100039,100,99623,100,100044,100,99506,100,100047,100,99460,100,100065,100,99429,100
2019-06-28 09:42:37.609875113,99956,299,99895,199,99991,299,99894,299,100010,100,99893,100,100034,100,99880,100,100035,100,99874,100,100039,100,99828,100,100044,100,99623,100,100047,100,99506,100,100065,100,99460,100,100076,100,99429,100
2019-06-28 09:42:40.000000000,99956,200,99894,200,99991,200,99893,200,100010,200,99880,200,100034,200,99874,200,100035,100,99828,100,100039,100,99623,100,100044,100,99506,100,100047,100,99460,100,100065,100,99429,100,100076,100,99408,100
2019-06-28 09:42:50.000000000,99956,235,99894,235,99991,231,99893,231,100010,231,99880,231,100034,100,99874,100,100035,100,99828,100,100039,100,99623,100,100044,100,99506,100,100047,100,99460,100,100065,100,99429,100,100076,100,99408,100
2019-06-28 09:42:55.432745410,99956,235,99894,235,99991,231,99893,231,100010,231,99880,231,100034,100,99874,100,100035,100,99828,100,100039,100,99623,100,100044,100,99506,100,100047,100,99460,100,100065,100,99429,200,100076,100,99408,100
2019-06-28 09:43:00.000000000,99956,200,99894,200,99991,200,99893,200,100010,200,99880,200,100034,200,99874,200,100035,100,99828,100,100039,100,99623,100,100044,100,99506,100,100047,100,99460,100,100065,100,99429,200,100076,100,99408,100
2019-06-28 09:43:10.000000000,99956,180,99894,180,99991,180,99893,180,100010,180,99880,180,100034,180,99874,180,100035,180,99828,180,100039,100,99623,100,100044,100,99506,100,100047,100,99460,100,100065,100,99429,200,100076,100,99408,100
2019-06-28 09:43:20.000000000,99956,200,99894,200,99991,200,99893,200,100010,200,99880,200,100034,200,99874,200,100035,100,99828,100,100039,100,99623,100,100044,100,99506,100,100047,100,99460,100,100065,100,99429,200,100076,100,99408,100
2019-06-28 09:43:30.000000000,99956,200,99894,200,99991,200,99893,200,100010,200,99880,200,100034,200,99874,200,100035,100,99828,100,100039,100,99623,100,100044,100,99506,100,100047,100,99460,100,100065,100,99429,200,100076,100,99408,100
2019-06-28 09:43:33.632548393,99956,200,99893,200,99991,200,99880,200,100010,200,99874,200,100034,200,99828,100,100035,100,99623,100,100039,100,99506,100,100044,100,99460,100,100047,100,99429,200,100065,100,99408,100,100076,100,99287,100
2019-06-28 09:43:40.000000000,99956,498,99893,498,99991,100,99880,100,100010,100,99874,100,100034,100,99828,100,100035,100,99623,100,100039,100,99506,100,100044,100,99460,100,100047,100,99429,200,100065,100,99408,100,100076,100,99287,100
2019-06-28 09:43:50.000000000,99956,200,99893,200,99991,200,99880,200,100010,200,99874,200,100034,200,99828,200,100035,100,99623,100,100039,100,99506,100,100044,100,99460,100,100047,100,99429,200,100065,100,99408,100,100076,100,99287,100
2019-06-28 09:44:00.000000000,99956,498,99893,498,99991,100,99880,100,100010,100,99874,100,100034,100,99828,100,100035,100,99623,100,100039,100,99506,100,100044,100,99460,100,100047,100,99429,200,100065,100,99408,100,100076,100,99287,100
2019-06-28 09:44:03.526343689,99956,498,99893,498,99991,100,99880,100,100010,100,99874,100,100034,100,99828,100,100035,100,99623,100,100039,100,99506,100,100044,100,99460,100,100047,100,99429,200,100065,100,99408,100,100118,100,99287,100
2019-06-28 09:44:10.000000000,99956,235,99893,235,99991,231,99880,231,100010,231,99874,231,100034,100,99828,100,100035,100,99623,100,100039,100,99506,100,100044,100,99460,100,100047,100,99429,200,100065,100,99408,100,100118,100,99287,100
2019-06-28 09:44:20.000000000,99956,299,99893,299,99991,299,99880,299,100010,100,99874,100,100034,100,99828,100,100035,100,99623,100,100039,100,99506,100,100044,100,99460,100,100047,100,99429,200,100065,100,99408,100,100118,100,99287,100
2019-06-28 09:44:30.000000000,99956,498,99893,498,99991,100,99880,100,100010,100,99874,100,100034,100,99828,100,100035,100,99623,100,100039,100,99506,100,100044,100,99460,100,100047,100,99429,200,100065,100,99408,100,100118,100,99287,100
2019-06-28 09:44:40.000000000,99956,180,99893,180,99991,180,99880,180,100010,180,99874,180,100034,180,99828,180,100035,180,99623,180,100039,100,99506,100,100044,100,99460,100,100047,100,99429,200,100065,100,99408,100,100118,100,99287,100
2019-06-28 09:44:50.000000000,99956,299,99893,299,99991,299,99880,299,100010,100,99874,100,100034,100,99828,100,100035,100,99623,100,100039,100,99506,100,100044,100,99460,100,100047,100,99429,200,100065,100,99408,100,100118,100,99287,100
2019-06-28 09:44:57.708326022,99956,299,99893,199,99991,299,99880,299,100010,100,99874,100,100034,100,99828,100,100035,100,99623,100,100039,100,99506,100,100044,100,99460,100,100047,100,99429,200,100065,100,99408,100,100118,100,99287,100
2019-06-28 09:45:00.000000000,99956,200,99880,200,99991,200,99874,200,100010,200,99828,200,100034,200,99623,200,100035,100,99506,100,100039,100,99460,100,100044,100,99429,200,100047,100,99408,100,100065,100,99287,100,100118,100,99078,100
2019-06-28 09:45:10.000000000,99956,299,99880,299,99991,299,99874,299,100010,100,99828,100,100034,100,99623,100,100035,100,99506,100,100039,100,99460,100,100044,100,99429,200,100047,100,99408,100,100065,100,99287,100,100118,100,99078,100
2019-06-28 09:45:20.000000000,99956,235,99880,235,99991,231,99874,231,100010,231,99828,231,100034,100,99623,100,100035,100,99506,100,100039,100,99460,100,100044,100,99429,200,100047,100,99408,100,100065,100,99287,100,100118,100,99078,100
2019-06-28 09:45:30.000000000,99956,180,99880,180,99991,180,99874,180,100010,180,99828,180,100034,180,99623,180,100035,180,99506,180,100039,100,99460,100,100044,100,99429,200,100047,100,99408,100,100065,100,99287,100,100118,100,99078,100
2019-06-28 09:45:36.654214570,99956,180,99880,80,99991,180,99874,180,100010,180,99828,180,100034,180,99623,180,100035,180,99506,180,100039,100,99460,100,100044,100,99429,200,100047,100,99408,100,100065,100,99287,100,100118,100,99078,100
2019-06-28 09:45:40.000000000,99956,180,99874,180,99991,180,99828,180,100010,180,99623,180,100034,180,99506,180,100035,180,99460,180,100039,100,99429,200,100044,100,99408,100,100047,100,99287,100,100065,100,99078,100,100118,100,99033,100
2019-06-28 09:45:47.934552086,99956,180,99874,180,99991,180,99828,180,100010,180,99623,180,100034,180,99506,180,100035,180,99460,180,100039,100,99429,200,100044,100,99408,100,100047,100,99355,100,100065,100,99287,100,100118,100,99078,100
2019-06-28 09:45:50.000000000,99956,235,99874,235,99991,231,99828,231,100010,231,99623,231,100034,100,99506,100,100035,100,99460,100,100039,100,99429,200,100044,100,99408,100,100047,100,99355,100,100065,100,99287,100,100118,100,99078,100
2019-06-28 09:45:51.076022737,99956,235,99874,235,99991,231,99828,231,100010,231,99623,231,100035,100,99506,100,100039,100,99460,100,100044,100,99429,200,100047,100,99408,100,100065,100,99355,100,100118,100,99287,100,100124,100,99078,100
2019-06-28 09:46:00.000000000,99956,200,99874,200,99991,200,99828,200,100010,200,99623,200,100035,200,99506,200,100039,100,99460,100,100044,100,99429,200,100047,100,99408,100,100065,100,99355,100,100118,100,99287,100,100124,100,99078,100
2019-06-28 09:46:05.684236374,99956,200,99874,100,99991,200,99828,200,100010,200,99623,200,100035,200,99506,100,100039,100,99460,100,100044,100,99429,200,100047,100,99408,100,100065,100,99355,100,100118,100,99287,100,100124,100,99078,100
2019-06-28 09:46:10.000000000,99956,299,99828,299,99991,299,99623,299,100010,100,99460,100,100035,100,99429,200,100039,100,99408,100,100044,100,99355,100,100047,100,99287,100,100065,100,99078,100,100118,100,99033,100,100124,100,,
2019-06-28 09:46:20.000000000,99956,235,99828,235,99991,231,99623,231,100010,231,99460,231,100035,100,99429,200,100039,100,99408,100,100044,100,99355,100,100047,100,99287,100,100065,100,99078,100,100118,100,99033,100,100124,100,,
2019-06-28 09:46:30.000000000,99956,180,99828,180,99991,180,99623,180,100010,180,99460,180,100035,180,99429,280,100039,180,99408,180,100044,100,99355,100,100047,100,99287,100,100065,100,99078,100,100118,100,99033,100,100124,100,,
2019-06-28 09:46:40.000000000,99956,200,99828,200,99991,200,99623,200,100010,200,99460,200,100035,200,99429,300,100039,100,99408,100,100044,100,99355,100,100047,100,99287,100,100065,100,99078,100,100118,100,99033,100,100124,100,,
2019-06-28 09:46:50.000000000,99956,180,99828,180,99991,180,99623,180,100010,180,99460,180,100035,180,99429,280,100039,180,99408,180,100044,100,99355,100,100047,100,99287,100,100065,100,99078,100,100118,100,99033,100,100124,100,,
2019-06-28 09:47:00.000000000,99956,200,99828,200,99991,200,99623,200,100010,200,99460,200,100035,200,99429,300,100039,100,99408,100,100044,100,99355,100,100047,100,99287,100,100065,100,99078,100,100118,100,99033,100,100124,100,,
2019-06-28 09:47:09.664567640,99956,200,99828,200,99991,200,99623,200,100010,200,99460,200,100035,200,99429,300,100039,100,99408,100,100044,100,99355,100,100047,100,99287,100,100065,100,99078,100,100118,100,99033,100,100124,100,,
2019-06-28 09:47:10.000000000,99956,235,99828,235,99991,231,99623,231,100010,231,99460,231,100035,100,99429,200,100039,100,99408,100,100044,100,99355,100,100047,100,99287,100,100065,100,99078,100,100118,100,99033,100,100124,100,,
2019-06-28 09:47:20.000000000,99956,200,99828,200,99991,200,99623,200,100010,200,99460,200,100035,200,99429,300,100039,100,99408,100,100044,100,99355,100,100047,100,99287,100,100065,100,99078,100,100118,100,99033,100,100124,100,,
2019-06-28 09:47:30.000000000,99956,299,99828,299,99991,299,99623,299,100010,100,99460,100,100035,100,99429,200,100039,100,99408,100,100044,100,99355,100,100047,100,99287,100,100065,100,99078,100,100118,100,99033,100,100124,100,,
2019-06-28 09:47:30.370114844,99956,299,99881,100,99991,299,99828,299,100010,100,99623,299,100035,100,99460,100,100039,100,99429,200,100044,100,99408,100,100047,100,99355,100,100065,100,99287,100,100118,100,99078,100,100124,100,99033,100
2019-06-28 09:47:37.381378454,99956,299,99881,200,99991,299,99828,299,100010,100,99623,299,100035,100,99460,100,100039,100,99429,200,100044,100,99408,100,100047,100,99355,100,100065,100,99287,100,100118,100,99078,100,100124,100,99033,100
2019-06-28 09:47:40.000000000,99956,180,99881,280,99991,180,99828,180,100010,180,99623,180,100035,180,99460,180,100039,180,99429,280,100044,100,99408,100,100047,100,99355,100,100065,100,99287,100,100118,100,99078,100,100124,100,99033,100
2019-06-28 09:47:50.000000000,99956,235,99881,335,99991,231,99828,231,100010,231,99623,231,100035,100,99460,100,100039,100,99429,200,100044,100,99408,100,100047,100,99355,100,100065,100,99287,100,100118,100,99078,100,100124,100,99033,100
2019-06-28 09:47:55.553006006,99956,235,99881,435,99991,231,99828,231,100010,231,99623,231,100035,100,99460,100,100039,100,99429,200,100044,100,99408,100,100047,100,99355,100,100065,100,99287,100,100118,100,99078,100,100124,100,99033,100
2019-06-28 09:48:00.000000000,99956,235,99881,435,99991,231,99828,231,100010,231,99623,231,100035,100,99460,100,100039,100,99429,200,100044,100,99408,100,100047,100,99355,100,100065,100,99287,100,100118,100,99078,100,100124,100,99033,100
2019-06-28 09:48:10.000000000,99956,235,99881,435,99991,231,99828,231,100010,231,99623,231,100035,100,99460,100,100039,100,99429,200,100044,100,99408,100,100047,100,99355,100,100065,100,99287,100,100118,100,99078,100,100124,100,99033,100
2019-06-28 09:48:20.000000000,99956,498,99881,698,99991,100,99828,100,100010,100,99623,100,100035,100,99460,100,100039,100,99429,200,100044,100,99408,100,100047,100,99355,100,100065,100,99287,100,100118,100,99078,100,100124,100,99033,100
2019-06-28 09:48:20.975988230,99956,498,99881,698,99991,100,99828,100,100010,100,99623,100,100035,100,99460,100,100039,100,99429,200,100044,100,99408,100,100047,100,99355,100,100065,100,99287,100,100118,100,99033,100,100124,100,,
2019-06-28 09:48:27.369077385,99956,498,99881,698,99991,100,99828,100,100010,100,99623,100,100035,100,99460,100,100039,100,99429,200,100044,100,99408,100,100047,100,99355,100,100065,100,99287,100,100118,100,99033,100,100124,100,,
2019-06-28 09:48:30.000000000,99956,200,99881,400,99991,200,99828,200,100010,200,99623,200,100035,200,99460,200,100039,100,99429,200,100044,100,99408,100,100047,100,99355,100,100065,100,99287,100,100118,100,99033,100,100124,100,,
2019-06-28 09:48:40.000000000,99956,180,99881,380,99991,180,99828,180,100010,180,99623,180,100035,180,99460,180,100039,180,99429,280,100044,100,99408,100,100047,100,99355,100,100065,100,99287,100,100118,100,99033,100,100124,100,,
2019-06-28 09:48:50.000000000,99956,235,99881,435,99991,231,99828,231,100010,231,99623,231,100035,100,99460,100,100039,100,99429,200,100044,100,99408,100,100047,100,99355,100,100065,100,99287,100,100118,100,99033,100,100124,100,,
2019-06-28 09:48:56.170988426,99956,135,99881,435,99991,231,99828,231,100010,231,99623,231,100035,100,99460,100,100039,100,99429,200,100044,100,99408,100,100047,100,99355,100,100065,100,99287,100,100118,100,99033,100,100124,100,,
2019-06-28 09:49:00.000000000,99991,498,99881,698,100010,100,99828,100,100035,100,99623,100,100039,100,99460,100,100044,100,99429,200,100047,100,99408,100,100065,100,99355,100,100118,100,99287,100,100124,100,99033,100,100150,100,,
2019-06-28 09:49:10.000000000,99991,235,99881,435,100010,231,99828,231,100035,231,99623,231,100039,100,99460,100,100044,100,99429,200,100047,100,99408,100,100065,100,99355,100,100118,100,99287,100,100124,100,99033,100,100150,100,,
2019-06-28 09:49:15.759532881,99991,135,99881,435,100010,231,99828,231,100035,231,99623,231,100039,100,99460,100,100044,100,99429,200,100047,100,99408,100,100065,100,99355,100,100124,100,99287,100,100150,100,99033,100,100171,100,,
2019-06-28 09:49:19.231145760,99991,135,99881,435,100010,231,99828,231,100035,231,99623,231,100039,100,99460,100,100044,100,99429,200,100047,100,99408,100,100065,100,99355,100,100124,100,99287,100,100150,100,99033,100,100171,100,,
2019-06-28 09:49:20.000000000,100010,180,99881,380,100035,180,99828,180,100039,180,99623,180,100044,180,99460,180,100047,180,99429,280,100065,100,99408,100,100124,100,99355,100,100150,100,99287,100,100171,100,99033,100,100184,100,,
2019-06-28 09:49:30.000000000,100010,200,99881,400,100035,200,99828,200,100039,200,99623,200,100044,200,99460,200,100047,100,99429,200,100065,100,99408,100,100124,100,99355,100,100150,100,99287,100,100171,100,99033,100,100184,100,,
2019-06-28 09:49:40.000000000,100010,200,99881,400,100035,200,99828,200,100039,200,99623,200,100044,200,99460,200,100047,100,99429,200,100065,100,99408,100,100124,100,99355,100,100150,100,99287,100,100171,100,99033,100,100184,100,,
2019-06-28 09:49:42.470715367,99882,100,99881,400,100010,200,99828,200,100035,200,99623,200,100039,200,99460,200,100044,200,99429,200,100047,100,99408,100,100065,100,99355,100,100124,100,99287,100,100150,100,99033,100,100171,100,,
2019-06-28 09:49:50.000000000,99882,235,99881,435,100010,231,99828,231,100035,231,99623,231,100039,100,99460,100,100044,100,99429,200,100047,100,99408,100,100065,100,99355,100,100124,100,99287,100,100150,100,99033,100,100171,100,,
2019-06-28 09:50:00.000000000,99882,180,99881,380,100010,180,99828,180,100035,180,99623,180,100039,180,99460,180,100044,180,99429,280,100047,100,99408,100,100065,100,99355,100,100124,100,99287,100,100150,100,99033,100,100171,100,,
2019-06-28 09:50:10.000000000,99882,299,99881,499,100010,299,99828,299,100035,100,99623,100,100039,100,99460,100,100044,100,99429,200,100047,100,99408,100,100065,100,99355,100,100124,100,99287,100,100150,100,99033,100,100171,100,,
2019-06-28 09:50:12.737012207,99882,299,99881,499,100010,299,99869,100,100035,100,99828,299,100039,100,99623,100,100044,100,99460,100,100047,100,99429,200,100065,100,99408,100,100124,100,99355,100,100150,100,99287,100,100171,100,99033,100
2019-06-28 09:50:17.638088537,99882,299,99881,499,99987,100,99869,100,100010,299,99828,299,100035,100,99623,100,100039,100,99460,100,100044,100,99429,200,100047,100,99408,100,100065,100,99355,100,100124,100,99287,100,100150,100,99033,100
2019-06-28 09:50:20.000000000,99882,498,99881,698,99987,100,99869,100,100010,100,99828,100,100035,100,99623,100,100039,100,99460,100,100044,100,99429,200,100047,100,99408,100,100065,100,99355,100,100124,100,99287,100,100150,100,99033,100
2019-06-28 09:50:30.000000000,99882,235,99881,435,99987,231,99869,231,100010,231,99828,231,100035,100,99623,100,100039,100,99460,100,100044,100,99429,200,100047,100,99408,100,100065,100,99355,100,100124,100,99287,100,100150,100,99033,100
2019-06-28 09:50:40.000000000,99882,180,99881,380,99987,180,99869,180,100010,180,99828,180,100035,180,99623,180,100039,180,99460,180,100044,100,99429,200,100047,100,99408,100,100065,100,99355,100,100124,100,99287,100,100150,100,99033,100
2019-06-28 09:50:50.000000000,99882,180,99881,380,99987,180,99869,180,100010,180,99828,180,100035,180,99623,180,100039,180,99460,180,100044,100,99429,200,100047,100,99408,100,100065,100,99355,100,100124,100,99287,100,100150,100,99033,100
2019-06-28 09:51:00.000000000,99882,200,99881,400,99987,200,99869,200,100010,200,99828,200,100035,200,99623,200,100039,100,99460,100,100044,100,99429,200,100047,100,99408,100,100065,100,99355,100,100124,100,99287,100,100150,100,99033,100
2019-06-28 09:51:10.000000000,99882,299,99881,499,99987,299,99869,299,100010,100,99828,100,100035,100,99623,100,100039,100,99460,100,100044,100,99429,200,100047,100,99408,100,100065,100,99355,100,100124,100,99287,100,100150,100,99033,100
2019-06-28 09:51:20.000000000,99882,200,99881,400,99987,200,99869,200,100010,200,99828,200,100035,200,99623,200,100039,100,99460,100,100044,100,99429,200,100047,100,99408,100,100065,100,99355,100,100124,100,99287,100,100150,100,99033,100
2019-06-28 09:51:23.995436621,99882,100,99881,400,99987,200,99869,200,100010,200,99828,200,100035,200,99623,200,100039,100,99460,100,100044,100,99429,200,100047,100,99408,100,100065,100,99355,100,100124,100,99287,100,100150,100,99033,100
2019-06-28 09:51:30.000000000,99987,200,99881,400,100010,200,99869,200,100035,200,99828,200,100039,200,99623,200,100044,100,99460,100,100047,100,99429,200,100065,100,99408,100,100124,100,99355,100,100150,100,99287,100,100171,100,99033,100
2019-06-28 09:51:35.369339383,99927,100,99881,400,99987,200,99869,200,100010,200,99828,200,100035,200,99623,200,100039,200,99460,100,100044,100,99429,200,100047,100,99408,100,100065,100,99355,100,100124,100,99287,100,100150,100,99033,100
2019-06-28 09:51:39.982543559,99927,100,99881,300,99986,100,99869,200,99987,200,99828,200,100010,200,99623,200,100035,200,99460,100,100039,200,99429,200,100044,100,99408,100,100047,100,99355,100,100065,100,99287,100,100124,100,99033,100
2019-06-28 09:51:40.000000000,99927,235,99881,335,99986,231,99869,231,99987,231,99828,231,100010,100,99623,100,100035,100,99460,100,100039,100,99429,200,100044,100,99408,100,100047,100,99355,100,100065,100,99287,100,100124,100,99033,100
2019-06-28 09:51:50.000000000,99927,299,99881,399,99986,299,99869,299,99987,100,99828,100,100010,100,99623,100,100035,100,99460,100,100039,100,99429,200,100044,100,99408,100,100047,100,99355,100,100065,100,99287,100,100124,100,99033,100
2019-06-28 09:52:00.000000000,99927,200,99881,300,99986,200,99869,200,99987,200,99828,200,100010,200,99623,200,100035,100,99460,100,100039,100,99429,200,100044,100,99408,100,100047,100,99355,100,100065,100,99287,100,100124,100,99033,100
2019-06-28 09:52:10.000000000,99927,180,99881,280,99986,180,99869,180,99987,180,99828,180,100010,180,99623,180,100035,180,99460,180,100039,100,99429,200,100044,100,99408,100,100047,100,99355,100,100065,100,99287,100,100124,100,99033,100
2019-06-28 09:52:20.000000000,99927,200,99881,300,99986,200,99869,200,99987,200,99828,200,100010,200,99623,200,100035,100,99460,100,100039,100,99429,200,100044,100,99408,100,100047,100,99355,100,100065,100,99287,100,100124,100,99033,100
2019-06-28 09:52:30.000000000,99927,235,99881,335,99986,231,99869,231,99987,231,99828,231,100010,100,99623,100,100035,100,99460,100,100039,100,99429,200,100044,100,99408,100,100047,100,99355,100,100065,100,99287,100,100124,100,99033,100
2019-06-28 09:52:36.786424759,99927,235,99881,335,99946,100,99869,231,99986,231,99828,231,99987,231,99623,100,100010,100,99460,100,100035,100,99429,200,100039,100,99408,100,100044,100,99355,100,100047,100,99287,100,100065,100,99033,100
2019-06-28 09:52:40.000000000,99927,498,99881,598,99946,100,99869,100,99986,100,99828,100,99987,100,99623,100,100010,100,99460,100,100035,100,99429,200,100039,100,99408,100,100044,100,99355,100,100047,100,99287,100,100065,100,99033,100
2019-06-28 09:52:50.000000000,99927,235,99881,335,99946,231,99869,231,99986,231,99828,231,99987,100,99623,100,100010,100,99460,100,100035,100,99429,200,100039,100,99408,100,100044,100,99355,100,100047,100,99287,100,100065,100,99033,100
2019-06-28 09:52:56.010919923,99927,235,99881,235,99946,231,99869,231,99986,231,99828,231,99987,100,99623,100,100010,100,99460,100,100035,100,99429,200,100039,100,99408,100,100044,100,99355,100,100047,100,99287,100,100065,100,99033,100
2019-06-28 09:52:56.417853023,99927,235,99881,235,99946,231,99869,231,99956,100,99828,231,99986,231,99623,100,99987,100,99460,100,100010,100,99429,200,100035,100,99408,100,100039,100,99355,100,100044,100,99287,100,100047,100,99033,100
2019-06-28 09:53:00.000000000,99927,498,99881,498,99946,100,99869,100,99956,100,99828,100,99986,100,99623,100,99987,100,99460,100,100010,100,99429,200,100035,100,99408,100,100039,100,99355,100,100044,100,99287,100,100047,100,99033,100
2019-06-28 09:53:08.930233118,99927,498,99881,398,99946,100,99869,100,99956,100,99828,100,99986,100,99623,100,99987,100,99460,100,100010,100,99429,200,100035,100,99408,100,100039,100,99355,100,100044,100,99287,100,100047,100,99033,100
2019-06-28 09:53:10.000000000,99927,180,99869,180,99946,180,99828,180,99956,180,99623,180,99986,180,99460,180,99987,180,99429,280,100010,100,99408,100,100035,100,99355,100,100039,100,99287,100,100044,100,99033,100,100047,100,,
2019-06-28 09:53:15.271511026,99881,100,99869,180,99927,180,99828,180,99946,180,99623,180,99956,180,99460,180,99986,180,99429,280,99987,180,99408,100,100010,100,99355,100,100035,100,99287,100,100039,100,99033,100,100044,100,,
2019-06-28 09:53:20.000000000,99881,235,99869,235,99927,231,99828,231,99946,231,99623,231,99956,100,99460,100,99986,100,99429,200,99987,100,99408,100,100010,100,99355,100,100035,100,99287,100,100039,100,99033,100,100044,100,,
2019-06-28 09:53:24.576138781,99881,235,99869,135,99927,231,99828,231,99946,231,99623,231,99956,100,99460,100,99986,100,99429,100,99987,100,99408,100,100010,100,99355,100,100035,100,99287,100,100039,100,99033,100,100044,100,,
2019-06-28 09:53:30.000000000,99881,299,99828,299,99927,299,99623,299,99946,100,99460,100,99956,100,99429,100,99986,100,99408,100,99987,100,99355,100,100010,100,99287,100,100035,100,99033,100,100039,100,,,100044,100,,
2019-06-28 09:53:31.250260950,99880,100,99828,299,99881,299,99623,299,99927,299,99460,100,99946,100,99429,100,99956,100,99408,100,99986,100,99355,100,99987,100,99287,100,100010,100,99033,100,100035,100,,,100039,100,,
2019-06-28 09:53:40.000000000,99880,180,99828,180,99881,180,99623,180,99927,180,99460,180,99946,180,99429,180,99956,180,99408,180,99986,100,99355,100,99987,100,99287,100,100010,100,99033,100,100035,100,,,100039,100,,
2019-06-28 09:53:49.592433927,99839,100,99828,180,99880,180,99623,180,99881,180,99460,180,99927,180,99429,180,99946,180,99408,180,99956,180,99355,100,99986,100,99287,100,99987,100,99033,100,100010,100,,,100035,100,,
2019-06-28 09:53:50.000000000,99839,235,99828,235,99880,231,99623,231,99881,231,99460,231,99927,100,99429,100,99946,100,99408,100,99956,100,99355,100,99986,100,99287,100,99987,100,99033,100,100010,100,,,100035,100,,
2019-06-28 09:53:58.713755547,99839,235,99828,235,99880,231,99623,231,99881,231,99460,231,99927,100,99429,100,99946,100,99408,100,99956,100,99355,100,99986,100,99287,100,99987,100,99033,100,100010,100,,,100039,100,,
2019-06-28 09:54:00.000000000,99839,299,99828,299,99880,299,99623,299,99881,100,99460,100,99927,100,99429,100,99946,100,99408,100,99956,100,99355,100,99986,100,99287,100,99987,100,99033,100,100010,100,,,100039,100,,
2019-06-28 09:54:10.000000000,99839,235,99828,235,99880,231,99623,231,99881,231,99460,231,99927,100,99429,100,99946,100,99408,100,99956,100,99355,100,99986,100,99287,100,99987,100,99033,100,100010,100,,,100039,100,,
2019-06-28 09:54:20.000000000,99839,235,99828,235,99880,231,99623,231,99881,231,99460,231,99927,100,99429,100,99946,100,99408,100,99956,100,99355,100,99986,100,99287,100,99987,100,99033,100,100010,100,,,100039,100,,
2019-06-28 09:54:20.335441953,99839,135,99828,235,99880,231,99623,231,99881,231,99460,231,99927,100,99429,100,99946,100,99408,100,99956,100,99355,100,99986,100,99287,100,99987,100,99033,100,100010,100,,,100039,100,,
2019-06-28 09:54:30.000000000,99880,235,99828,235,99881,231,99623,231,99927,231,99460,231,99946,100,99429,100,99956,100,99408,100,99986,100,99355,100,99987,100,99287,100,100010,100,99033,100,100039,100,,,100044,100,,
2019-06-28 09:54:34.817236025,99880,235,99828,235,99881,231,99623,231,99927,231,99460,231,99946,100,99429,100,99956,100,99408,100,99986,100,99355,100,99987,100,99287,100,100010,100,99033,100,100039,100,,,100044,100,,
2019-06-28 09:54:40.000000000,99880,235,99828,235,99881,231,99623,231,99927,231,99460,231,99946,100,99429,100,99956,100,99408,100,99986,100,99355,100,99987,100,99287,100,100010,100,99033,100,100039,100,,,100044,100,,
2019-06-28 09:54:46.315838882,99880,235,99870,100,99881,231,99828,235,99927,231,99623,231,99946,100,99460,231,99956,100,99429,100,99986,100,99408,100,99987,100,99355,100,100010,100,99287,100,100039,100,99033,100,100044,100,,
2019-06-28 09:54:49.461815890,99880,235,99870,100,99881,231,99828,235,99927,231,99623,231,99946,100,99460,231,99956,100,99429,100,99986,100,99408,100,99987,100,99355,100,100010,100,99287,100,100039,100,99033,100,100044,100,,
2019-06-28 09:54:50.000000000,99880,200,99870,200,99881,200,99828,200,99927,200,99623,200,99946,200,99460,200,99956,100,99429,100,99986,100,99408,100,99987,100,99355,100,100010,100,99287,100,100039,100,99033,100,100044,100,,
2019-06-28 09:55:00.000000000,99880,200,99870,200,99881,200,99828,200,99927,200,99623,200,99946,200,99460,200,99956,100,99429,100,99986,100,99408,100,99987,100,99355,100,100010,100,99287,100,100039,100,99033,100,100044,100,,
2019-06-28 09:55:10.000000000,99880,498,99870,498,99881,100,99828,100,99927,100,99623,100,99946,100,99460,100,99956,100,99429,100,99986,100,99408,100,99987,100,99355,100,100010,100,99287,100,100039,100,99033,100,100044,100,,
2019-06-28 09:55:10.705327134,99880,398,99870,498,99881,100,99828,100,99927,100,99623,100,99946,100,99460,100,99956,100,99429,100,99986,100,99408,100,99987,100,99355,100,100010,100,99287,100,100039,100,99033,100,100044,100,,
2019-06-28 09:55:14.029583179,99880,398,99870,498,99881,100,99828,100,99927,100,99460,100,99946,100,99429,100,99956,100,99408,100,99986,100,99355,100,99987,100,99287,100,100010,100,99033,100,100039,100,,,100044,100,,
2019-06-28 09:55:20.000000000,99881,180,99870,180,99927,180,99828,180,99946,180,99460,180,99956,180,99429,180,99986,180,99408,180,99987,100,99355,100,100010,100,99287,100,100039,100,99033,100,100044,100,,,100064,100,,
2019-06-28 09:55:22.679820801,99881,80,99870,180,99927,180,99828,180,99946,180,99460,180,99956,180,99429,180,99986,180,99408,180,99987,100,99355,100,100010,100,99287,100,100039,100,99033,100,100044,100,,,100064,100,,
2019-06-28 09:55:26.312074784,99881,80,99870,180,99927,180,99837,100,99946,180,99828,180,99956,180,99460,180,99986,180,99429,180,99987,100,99408,180,100010,100,99355,100,100039,100,99287,100,100044,100,99033,100,100064,100,,
2019-06-28 09:55:26.467439736,99927,180,99881,20,99946,180,99870,180,99956,180,99837,100,99986,180,99828,180,99987,100,99460,180,100010,100,99429,180,100039,100,99408,180,100044,100,99355,100,100064,100,99287,100,100065,100,99033,100
2019-06-28 09:55:30.000000000,99927,498,99881,418,99946,100,99870,100,99956,100,99837,100,99986,100,99828,100,99987,100,99460,100,100010,100,99429,100,100039,100,99408,100,100044,100,99355,100,100064,100,99287,100,100065,100,99033,100
2019-06-28 09:55:31.711205833,99927,398,99881,418,99946,100,99870,100,99956,100,99837,100,99986,100,99828,100,99987,100,99460,100,100010,100,99429,100,100039,100,99408,100,100044,100,99355,100,100064,100,99287,100,100065,100,99033,100
2019-06-28 09:55:40.000000000,99946,200,99881,120,99956,200,99870,200,99986,200,99837,200,99987,200,99828,200,100010,100,99460,100,100039,100,99429,100,100044,100,99408,100,100064,100,99355,100,100065,100,99287,100,100150,100,99033,100
2019-06-28 09:55:50.000000000,99946,200,99881,120,99956,200,99870,200,99986,200,99837,200,99987,200,99828,200,100010,100,99460,100,100039,100,99429,100,100044,100,99408,100,100064,100,99355,100,100065,100,99287,100,100150,100,99033,100
2019-06-28 09:55:56.621729971,99946,200,99881,120,99956,200,99870,200,99986,200,99837,200,99987,200,99828,200,100010,100,99460,100,100039,100,99429,100,100044,100,99408,100,100064,100,99355,100,100065,100,99287,100,100150,100,99033,100
2019-06-28 09:56:00.000000000,99946,235,99881,155,99956,231,99870,231,99986,231,99837,231,99987,100,99828,100,100010,100,99460,100,100039,100,99429,100,100044,100,99408,100,100064,100,99355,100,100065,100,99287,100,100150,100,99033,100
2019-06-28 09:56:03.051738308,99946,235,99881,155,99956,231,99870,231,99986,231,99837,231,99987,100,99828,100,100039,100,99460,100,100044,100,99429,100,100064,100,99408,100,100065,100,99355,100,100150,100,99287,100,100171,100,99033,100
2019-06-28 09:56:10.000000000,99946,180,99881,100,99956,180,99870,180,99986,180,99837,180,99987,180,99828,180,100039,180,99460,180,100044,100,99429,100,100064,100,99408,100,100065,100,99355,100,100150,100,99287,100,100171,100,99033,100
2019-06-28 09:56:16.196882586,99946,180,99881,100,99956,180,99870,180,99986,180,99837,180,99987,180,99828,180,100039,180,99460,180,100044,100,99429,100,100064,100,99408,100,100065,100,99355,100,100150,100,99287,100,100171,100,99033,100
2019-06-28 09:56:20.000000000,99946,180,99881,100,99956,180,99870,180,99986,180,99837,180,99987,180,99828,180,100039,180,99460,180,100044,100,99429,100,100064,100,99408,100,100065,100,99355,100,100150,100,99287,100,100171,100,99033,100
2019-06-28 09:56:30.000000000,99946,299,99881,219,99956,299,99870,299,99986,100,99837,100,99987,100,99828,100,100039,100,99460,100,100044,100,99429,100,100064,100,99408,100,100065,100,99355,100,100150,100,99287,100,100171,100,99033,100
2019-06-28 09:56:40.000000000,99946,180,99881,100,99956,180,99870,180,99986,180,99837,180,99987,180,99828,180,100039,180,99460,180,100044,100,99429,100,100064,100,99408,100,100065,100,99355,100,100150,100,99287,100,100171,100,99033,100
2019-06-28 09:56:50.000000000,99946,180,99881,100,99956,180,99870,180,99986,180,99837,180,99987,180,99828,180,100039,180,99460,180,100044,100,99429,100,100064,100,99408,100,100065,100,99355,100,100150,100,99287,100,100171,100,99033,100
2019-06-28 09:57:00.000000000,99946,180,99881,100,99956,180,99870,180,99986,180,99837,180,99987,180,99828,180,100039,180,99460,180,100044,100,99429,100,100064,100,99408,100,100065,100,99355,100,100150,100,99287,100,100171,100,99033,100
2019-06-28 09:57:10.000000000,99946,180,99881,100,99956,180,99870,180,99986,180,99837,180,99987,180,99828,180,100039,180,99460,180,100044,100,99429,100,100064,100,99408,100,100065,100,99355,100,100150,100,99287,100,100171,100,99033,100
2019-06-28 09:57:20.000000000,99946,200,99881,120,99956,200,99870,200,99986,200,99837,200,99987,200,99828,200,100039,100,99460,100,100044,100,99429,100,100064,100,99408,100,100065,100,99355,100,100150,100,99287,100,100171,100,99033,100
2019-06-28 09:57:30.000000000,99946,200,99881,120,99956,200,99870,200,99986,200,99837,200,99987,200,99828,200,100039,100,99460,100,100044,100,99429,100,100064,100,99408,100,100065,100,99355,100,100150,100,99287,100,100171,100,99033,100
2019-06-28 09:57:40.000000000,99946,180,99881,100,99956,180,99870,180,99986,180,99837,180,99987,180,99828,180,100039,180,99460,180,100044,100,99429,100,100064,100,99408,100,100065,100,99355,100,100150,100,99287,100,100171,100,99033,100
2019-06-28 09:57:50.000000000,99946,180,99881,100,99956,180,99870,180,99986,180,99837,180,99987,180,99828,180,100039,180,99460,180,100044,100,99429,100,100064,100,99408,100,100065,100,99355,100,100150,100,99287,100,100171,100,99033,100
2019-06-28 09:58:00.000000000,99946,498,99881,418,99956,100,99870,100,99986,100,99837,100,99987,100,99828,100,100039,100,99460,100,100044,100,99429,100,100064,100,99408,100,100065,100,99355,100,100150,100,99287,100,100171,100,99033,100
2019-06-28 09:58:10.000000000,99946,299,99881,219,99956,299,99870,299,99986,100,99837,100,99987,100,99828,100,100039,100,99460,100,100044,100,99429,100,100064,100,99408,100,100065,100,99355,100,100150,100,99287,100,100171,100,99033,100
2019-06-28 09:58:12.446235775,99946,299,99881,119,99956,299,99870,299,99986,100,99837,100,99987,100,99460,100,100039,100,99429,100,100044,100,99408,100,100064,100,99355,100,100065,100,99287,100,100150,100,99033,100,100171,100,,
2019-06-28 09:58:18.135557154,99946,299,99881,119,99956,299,99870,299,99986,100,99837,100,99987,100,99526,100,100039,100,99460,100,100044,100,99429,100,100064,100,99408,100,100065,100,99355,100,100150,100,99287,100,100171,100,99033,100
2019-06-28 09:58:20.000000000,99946,200,99870,200,99956,200,99837,200,99986,200,99526,200,99987,200,99460,200,100039,100,99429,100,100044,100,99408,100,100064,100,99355,100,100065,100,99287,100,100150,100,99033,100,100171,100,,
2019-06-28 09:58:21.083786512,99946,200,99870,100,99956,200,99837,200,99986,200,99526,200,99987,200,99460,200,100039,100,99429,100,100044,100,99408,100,100064,100,99355,100,100065,100,99287,100,100150,100,99033,100,100171,100,,
2019-06-28 09:58:24.755118624,99946,200,99936,100,99956,200,99870,100,99986,200,99837,200,99987,200,99526,200,100039,100,99460,200,100044,100,99429,100,100064,100,99408,100,100065,100,99355,100,100150,100,99287,100,100171,100,99033,100
2019-06-28 09:58:30.000000000,99946,200,99936,200,99956,200,99837,200,99986,200,99526,200,99987,200,99460,200,100039,100,99429,100,100044,100,99408,100,100064,100,99355,100,100065,100,99287,100,100150,100,99033,100,100171,100,,
2019-06-28 09:58:40.000000000,99946,180,99936,180,99956,180,99837,180,99986,180,99526,180,99987,180,99460,180,100039,180,99429,180,100044,100,99408,100,100064,100,99355,100,100065,100,99287,100,100150,100,99033,100,100171,100,,
2019-06-28 09:58:40.186898707,99946,180,99936,80,99956,180,99837,180,99986,180,99526,180,99987,180,99460,180,100039,180,99429,180,100044,100,99408,100,100064,100,99355,100,100065,100,99287,100,100150,100,99033,100,100171,100,,
2019-06-28 09:58:50.000000000,99946,180,99837,180,99956,180,99526,180,99986,180,99460,180,99987,180,99429,180,100039,180,99408,180,100044,100,99355,100,100064,100,99287,100,100065,100,99033,100,100150,100,,,100171,100,,
2019-06-28 09:59:00.000000000,99946,235,99837,235,99956,231,99526,231,99986,231,99460,231,99987,100,99429,100,100039,100,99408,100,100044,100,99355,100,100064,100,99287,100,100065,100,99033,100,100150,100,,,100171,100,,
2019-06-28 09:59:07.228704149,99946,235,99837,235,99951,100,99526,231,99956,231,99460,231,99986,231,99429,100,99987,100,99408,100,100039,100,99355,100,100044,100,99287,100,100064,100,99033,100,100065,100,,,100171,100,,
2019-06-28 09:59:08.146724049,99871,100,99837,235,99946,235,99526,231,99951,100,99460,231,99956,231,99429,100,99986,231,99408,100,99987,100,99355,100,100039,100,99287,100,100044,100,99033,100,100064,100,,,100065,100,,
2019-06-28 09:59:10.000000000,99871,200,99837,200,99946,200,99526,200,99951,200,99460,200,99956,200,99429,200,99986,100,99408,100,99987,100,99355,100,100039,100,99287,100,100044,100,99033,100,100064,100,,,100065,100,,
2019-06-28 09:59:20.000000000,99871,180,99837,180,99946,180,99526,180,99951,180,99460,180,99956,180,99429,180,99986,180,99408,180,99987,100,99355,100,100039,100,99287,100,100044,100,99033,100,100064,100,,,100065,100,,
2019-06-28 09:59:21.591591961,99871,180,99837,180,99946,180,99526,180,99951,180,99484,100,99956,180,99460,180,99986,180,99429,180,99987,100,99408,180,100039,100,99355,100,100044,100,99287,100,100064,100,99033,100,100065,100,,
2019-06-28 09:59:30.000000000,99871,180,99837,180,99946,180,99526,180,99951,180,99484,180,99956,180,99460,180,99986,180,99429,180,99987,100,99408,100,100039,100,99355,100,100044,100,99287,100,100064,100,99033,100,100065,100,,
2019-06-28 09:59:40.000000000,99871,180,99837,180,99946,180,99526,180,99951,180,99484,180,99956,180,99460,180,99986,180,99429,180,99987,100,99408,100,100039,100,99355,100,100044,100,99287,100,100064,100,99033,100,100065,100,,
2019-06-28 09:59:50.000000000,99871,299,99837,299,99946,299,99526,299,99951,100,99484,100,99956,100,99460,100,99986,100,99429,100,99987,100,99408,100,100039,100,99355,100,100044,100,99287,100,100064,100,99033,100,100065,100,,
2019-06-28 10:00:00.000000000,99871,498,99837,498,99946,100,99526,100,99951,100,99484,100,99956,100,99460,100,99986,100,99429,100,99987,100,99408,100,100039,100,99355,100,100044,100,99287,100,100064,100,99033,100,100065,100,,
2019-06-28 10:00:09.226089124,99871,398,99837,498,99946,100,99803,100,99951,100,99526,100,99956,100,99484,100,99986,100,99460,100,99987,100,99429,100,100039,100,99408,100,100044,100,99355,100,100064,100,99287,100,100065,100,99033,100
2019-06-28 10:00:10.000000000,99946,299,99837,299,99951,299,99803,299,99956,100,99526,100,99986,100,99484,100,99987,100,99460,100,100039,100,99429,100,100044,100,99408,100,100064,100,99355,100,100065,100,99287,100,100171,100,99033,100
2019-06-28 10:00:18.092172089,99946,199,99837,299,99951,299,99803,299,99956,100,99526,100,99986,100,99484,100,99987,100,99460,100,100039,100,99429,100,100044,100,99408,100,100064,100,99355,100,100065,100,99287,100,100171,100,99033,100
2019-06-28 10:00:19.780082762,99946,199,99837,299,99951,299,99803,299,99956,100,99526,100,99986,100,99484,100,99987,100,99460,100,99995,100,99429,100,100039,100,99408,100,100044,100,99355,100,100064,100,99287,100,100171,100,99033,100
2019-06-28 10:00:20.000000000,99951,235,99837,235,99956,231,99803,231,99986,231,99526,231,99987,100,99484,100,99995,100,99460,100,100039,100,99429,100,100044,100,99408,100,100064,100,99355,100,100171,100,99287,100,100177,100,99033,100
2019-06-28 10:00:25.731316873,99951,235,99837,235,99956,231,99803,231,99986,231,99744,100,99987,100,99526,231,99995,100,99484,100,100039,100,99460,100,100044,100,99429,100,100064,100,99408,100,100171,100,99355,100,100177,100,99033,100
2019-06-28 10:00:30.000000000,99951,180,99837,180,99956,180,99803,180,99986,180,99744,180,99987,180,99526,180,99995,180,99484,180,100039,100,99460,100,100044,100,99429,100,100064,100,99408,100,100171,100,99355,100,100177,100,99033,100
2019-06-28 10:00:30.267667052,99951,80,99837,180,99956,180,99803,180,99986,180,99744,180,99987,180,99526,180,99995,180,99484,180,100039,100,99460,100,100044,100,99429,100,100054,100,99408,100,100064,100,99355,100,100171,100,99033,100
2019-06-28 10:00:39.570534376,99951,80,99865,100,99956,180,99837,180,99986,180,99803,80,99987,180,99744,180,99995,180,99526,180,100039,100,99484,180,100044,100,99460,100,100054,100,99429,100,100064,100,99408,100,100171,100,99355,100
2019-06-28 10:00:40.000000000,99956,180,99865,180,99986,180,99837,180,99987,180,99744,180,99995,180,99526,180,100039,180,99484,180,100044,100,99460,100,100054,100,99429,100,100064,100,99408,100,100171,100,99355,100,100177,100,99033,100
2019-06-28 10:00:50.000000000,99956,498,99865,498,99986,100,99837,100,99987,100,99744,100,99995,100,99526,100,100039,100,99484,100,100044,100,99460,100,100054,100,99429,100,100064,100,99408,100,100171,100,99355,100,100177,100,99033,100
2019-06-28 10:00:50.311938348,99956,398,99865,498,99986,100,99837,100,99987,100,99744,100,99995,100,99526,100,100039,100,99484,100,100044,100,99460,100,100054,100,99429,100,100064,100,99408,100,100171,100,99355,100,100177,100,99033,100
2019-06-28 10:01:00.000000000,99986,200,99865,200,99987,200,99837,200,99995,200,99744,200,100039,200,99526,200,100044,100,99484,100,100054,100,99460,100,100064,100,99429,100,100171,100,99408,100,100177,100,99355,100,100184,100,99033,100
2019-06-28 10:01:10.000000000,99986,299,99865,299,99987,299,99837,299,99995,100,99744,100,100039,100,99526,100,100044,100,99484,100,100054,100,99460,100,100064,100,99429,100,100171,100,99408,100,100177,100,99355,100,100184,100,99033,100
2019-06-28 10:01:14.181948760,99986,299,99865,299,99987,299,99837,299,99995,100,99744,100,100039,100,99526,100,100044,100,99484,100,100054,100,99460,100,100064,100,99429,100,100150,100,99408,100,100171,100,99355,100,100177,100,99033,100
2019-06-28 10:01:20.000000000,99986,180,99865,180,99987,180,99837,180,99995,180,99744,180,100039,180,99526,180,100044,180,99484,180,100054,100,99460,100,100064,100,99429,100,100150,100,99408,100,100171,100,99355,100,100177,100,99033,100
2019-06-28 10:01:29.299042981,99986,180,99865,180,99987,180,99837,180,99995,180,99744,180,100039,180,99526,180,100044,180,99484,180,100054,100,99460,100,100064,100,99429,100,100150,100,99408,100,100171,100,99355,100,100177,100,99033,100
2019-06-28 10:01:30.000000000,99986,200,99865,200,99987,200,99837,200,99995,200,99744,200,100039,200,99526,200,100044,100,99484,100,100054,100,99460,100,100064,100,99429,100,100150,100,99408,100,100171,100,99355,100,100177,100,99033,100
2019-06-28 10:01:38.846891512,99986,200,99865,200,99987,200,99837,200,99995,200,99763,100,100039,200,99744,200,100044,100,99526,200,100054,100,99484,100,100064,100,99460,100,100150,100,99429,100,100171,100,99408,100,100177,100,99355,100
2019-06-28 10:01:40.000000000,99986,200,99865,200,99987,200,99837,200,99995,200,99763,200,100039,200,99744,200,100044,100,99526,100,100054,100,99484,100,100064,100,99460,100,100150,100,99429,100,100171,100,99408,100,100177,100,99355,100
2019-06-28 10:01:48.253182440,99945,100,99865,200,99986,200,99837,200,99987,200,99763,200,99995,200,99744,200,100039,200,99526,100,100044,100,99484,100,100054,100,99460,100,100064,100,99429,100,100150,100,99408,100,100171,100,99355,100
2019-06-28 10:01:50.000000000,99945,200,99865,200,99986,200,99837,200,99987,200,99763,200,99995,200,99744,200,100039,100,99526,100,100044,100,99484,100,100054,100,99460,100,100064,100,99429,100,100150,100,99408,100,100171,100,99355,100
2019-06-28 10:02:00.000000000,99945,180,99865,180,99986,180,99837,180,99987,180,99763,180,99995,180,99744,180,100039,180,99526,180,100044,100,99484,100,100054,100,99460,100,100064,100,99429,100,100150,100,99408,100,100171,100,99355,100
2019-06-28 10:02:10.000000000,99945,299,99865,299,99986,299,99837,299,99987,100,99763,100,99995,100,99744,100,100039,100,99526,100,100044,100,99484,100,100054,100,99460,100,100064,100,99429,100,100150,100,99408,100,100171,100,99355,100
2019-06-28 10:02:16.285504447,99870,100,99865,299,99945,299,99837,299,99986,299,99763,100,99987,100,99744,100,99995,100,99526,100,100039,100,99484,100,100044,100,99460,100,100054,100,99429,100,100064,100,99408,100,100150,100,99355,100
2019-06-28 10:02:20.000000000,99870,200,99865,200,99945,200,99837,200,99986,200,99763,200,99987,200,99744,200,99995,100,99526,100,100039,100,99484,100,100044,100,99460,100,100054,100,99429,100,100064,100,99408,100,100150,100,99355,100
2019-06-28 10:02:22.891200098,99870,200,99865,200,99945,200,99837,200,99986,100,99763,200,99987,200,99744,200,99995,100,99526,100,100039,100,99484,100,100044,100,99460,100,100054,100,99429,100,100064,100,99408,100,100150,100,99355,100
2019-06-28 10:02:30.000000000,99870,180,99865,180,99945,180,99837,180,99987,180,99763,180,99995,180,99744,180,100039,180,99526,180,100044,100,99484,100,100054,100,99460,100,100064,100,99429,100,100150,100,99408,100,100171,100,99355,100
2019-06-28 10:02:38.360268601,99870,180,99865,80,99945,180,99837,180,99987,180,99763,180,99995,180,99744,180,100039,180,99526,180,100044,100,99484,100,100054,100,99460,100,100064,100,99429,100,100150,100,99408,100,100171,100,99355,100
2019-06-28 10:02:40.000000000,99870,299,99837,299,99945,299,99763,299,99987,100,99744,100,99995,100,99526,100,100039,100,99484,100,100044,100,99460,100,100054,100,99429,100,100064,100,99408,100,100150,100,99355,100,100171,100,99033,100
2019-06-28 10:02:44.597938471,99870,299,99837,199,99945,299,99763,299,99987,100,99744,100,99995,100,99526,100,100039,100,99484,100,100044,100,99460,100,100054,100,99429,100,100064,100,99408,100,100150,100,99355,100,100171,100,99033,100
2019-06-28 10:02:50.000000000,99870,235,99763,235,99945,231,99744,231,99987,231,99526,231,99995,100,99484,100,100039,100,99460,100,100044,100,99429,100,100054,100,99408,100,100064,100,99355,100,100150,100,99033,100,100171,100,,
2019-06-28 10:02:54.912582268,99870,235,99763,235,99945,231,99744,231,99987,231,99526,231,99995,100,99515,100,100039,100,99484,100,100044,100,99460,100,100054,100,99429,100,100064,100,99408,100,100150,100,99355,100,100171,100,99033,100
2019-06-28 10:02:59.750525575,99870,235,99763,235,99945,231,99744,231,99987,231,99526,231,99995,100,99515,100,100039,100,99484,100,100044,100,99460,100,100054,100,99429,100,100064,100,99408,100,100150,100,99355,100,100184,100,99246,100
2019-06-28 10:03:00.000000000,99870,498,99763,498,99945,100,99744,100,99987,100,99526,100,99995,100,99515,100,100039,100,99484,100,100044,100,99460,100,100054,100,99429,100,100064,100,99408,100,100150,100,99355,100,100184,100,99246,100
2019-06-28 10:03:10.000000000,99870,180,99763,180,99945,180,99744,180,99987,180,99526,180,99995,180,99515,180,100039,180,99484,180,100044,100,99460,100,100054,100,99429,100,100064,100,99408,100,100150,100,99355,100,100184,100,99246,100
2019-06-28 10:03:20.000000000,99870,299,99763,299,99945,299,99744,299,99987,100,99526,100,99995,100,99515,100,100039,100,99484,100,100044,100,99460,100,100054,100,99429,100,100064,100,99408,100,100150,100,99355,100,100184,100,99246,100
2019-06-28 10:03:30.000000000,99870,498,99763,498,99945,100,99744,100,99987,100,99526,100,99995,100,99515,100,100039,100,99484,100,100044,100,99460,100,100054,100,99429,100,100064,100,99408,100,100150,100,99355,100,100184,100,99246,100
2019-06-28 10:03:30.349106794,99870,498,99763,498,99945,100,99744,100,99987,100,99526,100,99995,100,99484,100,100039,100,99460,100,100044,100,99429,100,100054,100,99408,100,100064,100,99393,100,100150,100,99355,100,100184,100,99246,100
2019-06-28 10:03:39.638872426,99870,498,99763,498,99945,100,99744,100,99987,100,99526,100,99995,100,99484,100,100039,100,99460,100,100044,100,99429,100,100054,100,99408,100,100064,100,99393,100,100150,100,99355,100,100184,100,99246,100
2019-06-28 10:03:40.000000000,99870,180,99763,180,99945,180,99744,180,99987,180,99526,180,99995,180,99484,180,100039,180,99460,180,100044,100,99429,100,100054,100,99408,100,100064,100,99393,100,100150,100,99355,100,100184,100,99246,100
2019-06-28 10:03:50.000000000,99870,235,99763,235,99945,231,99744,231,99987,231,99526,231,99995,100,99484,100,100039,100,99460,100,100044,100,99429,100,100054,100,99408,100,100064,100,99393,100,100150,100,99355,100,100184,100,99246,100
2019-06-28 10:03:50.608442991,99870,235,99763,135,99945,231,99744,231,99987,231,99526,231,99995,100,99484,100,100039,100,99460,100,100044,100,99429,100,100054,100,99408,100,100064,100,99393,100,100150,100,99355,100,100184,100,99246,100
2019-06-28 10:03:54.931517173,99837,100,99763,135,99870,235,99744,231,99945,231,99526,231,99987,231,99484,100,99995,100,99460,100,100039,100,99429,100,100044,100,99408,100,100054,100,99393,100,100064,100,99355,100,100150,100,99246,100
2019-06-28 10:04:00.000000000,99837,180,99744,180,99870,180,99526,180,99945,180,99484,180,99987,180,99460,180,99995,180,99429,180,100039,100,99408,100,100044,100,99393,100,100054,100,99355,100,100064,100,99246,100,100150,100,99058,100
2019-06-28 10:04:04.821565193,99837,180,99744,180,99870,180,99526,180,99945,180,99484,180,99987,180,99460,180,99995,180,99429,180,100039,100,99408,100,100044,100,99393,100,100054,100,99355,100,100064,100,99246,100,100150,100,99075,100
2019-06-28 10:04:10.000000000,99837,235,99744,235,99870,231,99526,231,99945,231,99484,231,99987,100,99460,100,99995,100,99429,100,100039,100,99408,100,100044,100,99393,100,100054,100,99355,100,100064,100,99246,100,100150,100,99075,100
2019-06-28 10:04:20.000000000,99837,235,99744,235,99870,231,99526,231,99945,231,99484,231,99987,100,99460,100,99995,100,99429,100,100039,100,99408,100,100044,100,99393,100,100054,100,99355,100,100064,100,99246,100,100150,100,99075,100
2019-06-28 10:04:30.000000000,99837,299,99744,299,99870,299,99526,299,99945,100,99484,100,99987,100,99460,100,99995,100,99429,100,100039,100,99408,100,100044,100,99393,100,100054,100,99355,100,100064,100,99246,100,100150,100,99075,100
2019-06-28 10:04:32.702071809,99837,299,99744,299,99870,299,99526,299,99945,100,99484,100,99987,100,99460,100,99995,100,99429,100,100039,100,99408,100,100044,100,99393,100,100054,100,99355,100,100064,100,99075,100,100150,100,99058,100
2019-06-28 10:04:40.000000000,99837,200,99744,200,99870,200,99526,200,99945,200,99484,200,99987,200,99460,200,99995,100,99429,100,100039,100,99408,100,100044,100,99393,100,100054,100,99355,100,100064,100,99075,100,100150,100,99058,100
2019-06-28 10:04:40.916859563,99837,200,99744,200,99870,200,99526,200,99945,200,99484,200,99987,200,99460,200,99995,100,99429,100,100039,100,99408,100,100044,100,99393,100,100054,100,99355,100,100064,100,99075,100,100150,100,99058,100
2019-06-28 10:04:40.987552791,99837,200,99744,200,99870,200,99526,200,99945,200,99484,200,99987,200,99460,200,99995,100,99429,100,100044,100,99408,100,100054,100,99393,100,100064,100,99355,100,100150,100,99075,100,100184,100,99058,100
2019-06-28 10:04:50.000000000,99837,299,99744,299,99870,299,99526,299,99945,100,99484,100,99987,100,99460,100,99995,100,99429,100,100044,100,99408,100,100054,100,99393,100,100064,100,99355,100,100150,100,99075,100,100184,100,99058,100
2019-06-28 10:04:58.892310969,99837,299,99744,199,99870,299,99526,299,99945,100,99484,100,99987,100,99460,100,99995,100,99429,100,100044,100,99408,100,100054,100,99393,100,100064,100,99355,100,100150,100,99075,100,100184,100,99058,100
2019-06-28 10:04:59.851532009,99837,299,99744,99,99870,299,99526,299,99945,100,99484,100,99987,100,99460,100,99995,100,99429,100,100044,100,99408,100,100054,100,99393,100,100064,100,99355,100,100150,100,99075,100,100184,100,99058,100
2019-06-28 10:05:00.000000000,99837,235,99526,235,99870,231,99484,231,99945,231,99460,231,99987,100,99429,100,99995,100,99408,100,100044,100,99393,100,100054,100,99355,100,100064,100,99075,100,100150,100,99058,100,100184,100,98921,100
2019-06-28 10:05:10.000000000,99837,200,99526,200,99870,200,99484,200,99945,200,99460,200,99987,200,99429,200,99995,100,99408,100,100044,100,99393,100,100054,100,99355,100,100064,100,99075,100,100150,100,99058,100,100184,100,98921,100
2019-06-28 10:05:15.231605757,99837,200,99526,200,99870,200,99484,200,99945,200,99460,200,99987,200,99429,200,99995,100,99408,100,100044,100,99393,100,100054,100,99355,100,100064,100,99075,100,100150,100,99058,100,100184,100,98921,100
2019-06-28 10:05:16.921757182,99837,200,99526,200,99870,100,99484,200,99945,200,99460,200,99987,200,99429,200,99995,100,99408,100,100044,100,99393,100,100054,100,99355,100,100064,100,99075,100,100150,100,99058,100,100184,100,98921,100
2019-06-28 10:05:19.301359163,99837,200,99526,200,99870,100,99484,200,99945,200,99460,200,99987,200,99429,200,99995,100,99408,100,100044,100,99393,100,100054,100,99355,100,100064,100,99075,100,100150,100,99058,100,100184,100,98951,100
2019-06-28 10:05:20.000000000,99837,200,99526,200,99945,200,99484,200,99987,200,99460,200,99995,200,99429,200,100044,100,99408,100,100054,100,99393,100,100064,100,99355,100,100150,100,99075,100,100184,100,99058,100,100218,100,98951,100
2019-06-28 10:05:21.150761763,99744,100,99526,200,99837,200,99484,200,99945,200,99460,200,99987,200,99429,200,99995,200,99408,100,100044,100,99393,100,100054,100,99355,100,100064,100,99075,100,100150,100,99058,100,100184,100,98951,100
2019-06-28 10:05:30.000000000,99744,235,99526,235,99837,231,99484,231,99945,231,99460,231,99987,100,99429,100,99995,100,99408,100,100044,100,99393,100,100054,100,99355,100,100064,100,99075,100,100150,100,99058,100,100184,100,98951,100
2019-06-28 10:05:36.044083128,99744,235,99526,135,99837,231,99484,231,99945,231,99460,231,99987,100,99429,100,99995,100,99408,100,100044,100,99393,100,100054,100,99355,100,100064,100,99075,100,100150,100,99058,100,100184,100,98951,200
2019-06-28 10:05:40.000000000,99744,180,99484,180,99837,180,99460,180,99945,180,99429,180,99987,180,99408,180,99995,180,99393,180,100044,100,99355,100,100054,100,99075,100,100064,100,99058,100,100150,100,98951,200,100184,100,98921,100
2019-06-28 10:05:47.264252287,99744,180,99484,180,99837,180,99460,180,99945,180,99429,180,99987,180,99408,180,99995,180,99393,180,100044,100,99075,100,100054,100,99058,100,100064,100,98951,200,100150,100,98921,100,100184,100,98898,100
2019-06-28 10:05:50.000000000,99744,299,99484,299,99837,299,99460,299,99945,100,99429,100,99987,100,99408,100,99995,100,99393,100,100044,100,99075,100,100054,100,99058,100,100064,100,98951,200,100150,100,98921,100,100184,100,98898,100
2019-06-28 10:06:00.000000000,99744,498,99484,498,99837,100,99460,100,99945,100,99429,100,99987,100,99408,100,99995,100,99393,100,100044,100,99075,100,100054,100,99058,100,100064,100,98951,200,100150,100,98921,100,100184,100,98898,100
2019-06-28 10:06:03.139231799,99744,498,99484,398,99837,100,99460,100,99945,100,99429,100,99987,100,99408,100,99995,100,99393,100,100044,100,99075,100,100054,100,99058,100,100064,100,98951,200,100150,100,98921,100,100184,100,98898,100
2019-06-28 10:06:07.218704821,99743,100,99484,398,99744,498,99460,100,99837,100,99429,100,99945,100,99408,100,99987,100,99393,100,99995,100,99075,100,100044,100,99058,100,100054,100,98951,200,100064,100,98921,100,100150,100,98898,100
2019-06-28 10:06:10.000000000,99743,180,99460,180,99744,180,99429,180,99837,180,99408,180,99945,180,99393,180,99987,180,99075,180,99995,100,99058,100,100044,100,98951,200,100054,100,98921,100,100064,100,98898,100,100150,100,98831,100
2019-06-28 10:06:17.500147970,99743,180,99460,180,99744,180,99429,180,99837,180,99408,180,99945,180,99393,180,99987,180,99075,180,99995,100,99058,100,100044,100,98951,200,100054,100,98921,100,100064,100,98898,100,100150,100,98793,100
2019-06-28 10:06:20.000000000,99743,299,99460,299,99744,299,99429,299,99837,100,99408,100,99945,100,99393,100,99987,100,99075,100,99995,100,99058,100,100044,100,98951,200,100054,100,98921,100,100064,100,98898,100,100150,100,98793,100
2019-06-28 10:06:27.026864630,99743,299,99460,99,99744,299,99429,299,99837,100,99408,100,99945,100,99393,100,99987,100,99075,100,99995,100,99058,100,100044,100,98951,200,100054,100,98921,100,100064,100,98898,100,100150,100,98793,100
2019-06-28 10:06:30.000000000,99743,235,99429,235,99744,231,99408,231,99837,231,99393,231,99945,100,99075,100,99987,100,99058,100,99995,100,98951,200,100044,100,98921,100,100054,100,98898,100,100064,100,98793,100,100150,100,98736,100
2019-06-28 10:06:31.799449486,99743,235,99429,235,99744,231,99408,231,99837,231,99393,231,99945,100,99075,100,99987,100,99058,100,99995,100,98991,100,100044,100,98951,200,100054,100,98921,100,100064,100,98898,100,100184,100,98793,100
2019-06-28 10:06:40.000000000,99743,200,99429,200,99744,200,99408,200,99837,200,99393,200,99945,200,99075,200,99987,100,99058,100,99995,100,98991,100,100044,100,98951,200,100054,100,98921,100,100064,100,98898,100,100184,100,98793,100
2019-06-28 10:06:50.000000000,99743,180,99429,180,99744,180,99408,180,99837,180,99393,180,99945,180,99075,180,99987,180,99058,180,99995,100,98991,100,100044,100,98951,200,100054,100,98921,100,100064,100,98898,100,100184,100,98793,100
2019-06-28 10:06:55.929196158,99526,100,99429,180,99743,180,99408,180,99744,180,99393,180,99837,180,99075,180,99945,180,99058,180,99987,180,98991,100,99995,100,98951,200,100044,100,98921,100,100054,100,98898,100,100064,100,98793,100
2019-06-28 10:06:56.899295913,99526,100,99429,80,99743,180,99408,180,99744,180,99393,180,99837,180,99075,180,99945,180,99058,180,99987,180,98991,100,99995,100,98951,200,100044,100,98921,100,100054,100,98898,100,100064,100,98793,100
2019-06-28 10:07:00.000000000,99526,235,99408,235,99743,231,99393,231,99744,231,99075,231,99837,100,99058,100,99945,100,98991,100,99987,100,98951,200,99995,100,98921,100,100044,100,98898,100,100054,100,98793,100,100064,100,98736,100
2019-06-28 10:07:07.625246733,99526,235,99408,135,99743,231,99393,231,99744,231,99075,231,99837,100,99058,100,99945,100,98951,200,99987,100,98921,100,99995,100,98898,100,100044,100,98793,100,100054,100,98736,100,100064,100,,
2019-06-28 10:07:10.000000000,99526,200,99393,200,99743,200,99075,200,99744,200,99058,200,99837,200,98951,300,99945,100,98921,100,99987,100,98898,100,99995,100,98793,100,100044,100,98736,100,100054,100,,,100064,100,,
2019-06-28 10:07:20.000000000,99526,235,99393,235,99743,231,99075,231,99744,231,99058,231,99837,100,98951,200,99945,100,98921,100,99987,100,98898,100,99995,100,98793,100,100044,100,98736,100,100054,100,,,100064,100,,
2019-06-28 10:07:30.000000000,99526,200,99393,200,99743,200,99075,200,99744,200,99058,200,99837,200,98951,300,99945,100,98921,100,99987,100,98898,100,99995,100,98793,100,100044,100,98736,100,100054,100,,,100064,100,,
2019-06-28 10:07:40.000000000,99526,498,99393,498,99743,100,99075,100,99744,100,99058,100,99837,100,98951,200,99945,100,98921,100,99987,100,98898,100,99995,100,98793,100,100044,100,98736,100,100054,100,,,100064,100,,
2019-06-28 10:07:50.000000000,99526,200,99393,200,99743,200,99075,200,99744,200,99058,200,99837,200,98951,300,99945,100,98921,100,99987,100,98898,100,99995,100,98793,100,100044,100,98736,100,100054,100,,,100064,100,,
2019-06-28 10:07:54.849276098,99526,200,99393,100,99743,200,99075,200,99744,200,99058,200,99837,200,98951,300,99945,100,98921,100,99987,100,98898,100,99995,100,98793,100,100044,100,98736,100,100054,100,,,100064,100,,
2019-06-28 10:08:00.000000000,99526,235,99075,235,99743,231,99058,231,99744,231,98951,331,99837,100,98921,100,99945,100,98898,100,99987,100,98793,100,99995,100,98736,100,100044,100,,,100054,100,,,100064,100,,
2019-06-28 10:08:10.000000000,99526,498,99075,498,99743,100,99058,100,99744,100,98951,200,99837,100,98921,100,99945,100,98898,100,99987,100,98793,100,99995,100,98736,100,100044,100,,,100054,100,,,100064,100,,
2019-06-28 10:08:18.247960077,99526,498,99075,398,99743,100,99058,100,99744,100,98951,200,99837,100,98921,100,99945,100,98898,100,99987,100,98793,100,99995,100,98736,100,100044,100,,,100054,100,,,100064,100,,
2019-06-28 10:08:20.000000000,99526,235,99058,235,99743,231,98951,331,99744,231,98921,231,99837,100,98898,100,99945,100,98793,100,99987,100,98736,100,99995,100,,,100044,100,,,100054,100,,,100064,100,,
2019-06-28 10:08:21.361183095,99393,100,99058,235,99526,135,98951,331,99743,231,98921,231,99744,231,98898,100,99837,100,98793,100,99945,100,98736,100,99987,100,,,99995,100,,,100044,100,,,100054,100,,
2019-06-28 10:08:29.288760717,99393,100,99058,135,99526,135,98951,331,99743,231,98921,231,99744,231,98898,100,99837,100,98793,100,99945,100,98736,100,99987,100,,,99995,100,,,100044,100,,,100054,100,,
2019-06-28 10:08:30.000000000,99393,180,98951,280,99743,180,98921,180,99744,180,98898,180,99837,180,98793,180,99945,180,98736,180,99987,100,,,99995,100,,,100044,100,,,100054,100,,,100064,100,,
2019-06-28 10:08:33.419466641,99196,100,98951,280,99393,180,98921,80,99743,180,98898,180,99744,180,98793,180,99837,180,98736,180,99945,180,,,99987,100,,,99995,100,,,100044,100,,,100054,100,,
2019-06-28 10:08:36.556883183,99075,100,98951,280,99196,100,98921,80,99393,180,98898,180,99743,180,98793,180,99744,180,98736,180,99837,180,,,99945,80,,,99987,100,,,99995,100,,,100044,100,,
