,ask_price_1,ask_size_1,bid_price_1,bid_size_1,ask_price_2,ask_size_2,bid_price_2,bid_size_2,ask_price_3,ask_size_3,bid_price_3,bid_size_3,ask_price_4,ask_size_4,bid_price_4,bid_size_4,ask_price_5,ask_size_5,bid_price_5,bid_size_5,ask_price_6,ask_size_6,bid_price_6,bid_size_6,ask_price_7,ask_size_7,bid_price_7,bid_size_7,ask_price_8,ask_size_8,bid_price_8,bid_size_8,ask_price_9,ask_size_9,bid_price_9,bid_size_9,ask_price_10,ask_size_10,bid_price_10,bid_size_10
2019-06-28 09:30:00.000000000,100068,100,99919,100,,,,,,,,,,,,,,,,,,,,,,,,,,,,,,,,,,,,
2019-06-28 09:30:00.000000002,100041,100,99950,100,100068,100,99919,100,,,,,,,,,,,,,,,,,,,,,,,,,,,,,,,,
2019-06-28 09:30:00.000000004,100041,100,99950,100,100068,100,99919,100,100112,100,,,,,,,,,,,,,,,,,,,,,,,,,,,,,,
2019-06-28 09:30:00.000000005,100041,100,99950,100,100068,100,99924,100,100112,100,99919,100,,,99913,100,,,99890,100,,,,,,,,,,,,,,,,,,,,
2019-06-28 09:30:00.000000006,100041,100,99924,100,100068,100,99919,100,100112,100,99913,100,,,99890,100,,,,,,,,,,,,,,,,,,,,,,,,
2019-06-28 09:30:00.000000007,100041,100,99974,100,100068,100,99924,100,100112,100,99919,100,,,99913,100,,,99890,100,,,,,,,,,,,,,,,,,,,,
2019-06-28 09:30:00.000000012,100041,100,99974,100,100068,100,99955,100,100069,100,99924,100,100079,100,99919,100,100112,100,99913,100,,,99890,100,,,,,,,,,,,,,,,,
2019-06-28 09:30:00.000000013,100041,100,99974,100,100068,100,99955,100,100069,100,99953,100,100079,100,99936,100,100112,100,99932,100,,,99924,100,,,99919,100,,,99913,100,,,99890,100,,,,
2019-06-28 09:30:00.000000016,100041,100,99974,100,100068,100,99955,100,100069,100,99953,100,100079,100,99936,100,100091,100,99932,100,100112,100,99924,100,,,99919,100,,,99913,100,,,99890,100,,,,
2019-06-28 09:30:00.000000018,100041,100,99974,100,100056,100,99955,100,100061,100,99953,100,100068,100,99936,100,100069,100,99932,100,100079,100,99924,100,100091,100,99919,100,100112,100,99913,100,,,99890,100,,,,
2019-06-28 09:30:00.000000022,100041,100,99974,100,100056,100,99955,100,100061,100,99953,100,100068,100,99936,100,100069,100,99932,100,100079,100,99924,100,100091,100,99919,100,100112,100,99913,100,100135,100,99890,100,,,,
2019-06-28 09:30:00.000000023,100041,100,99974,100,100056,100,99955,100,100061,100,99953,100,100068,100,99936,100,100069,100,99932,100,100079,100,99924,100,100091,100,99919,100,100093,100,99913,100,100112,100,99890,100,100135,100,,
2019-06-28 09:30:00.000000025,100041,100,99991,100,100056,100,99974,100,100061,100,99955,100,100068,100,99953,100,100069,100,99936,100,100079,100,99932,100,100091,100,99924,100,100093,100,99919,100,100112,100,99913,100,100135,100,99890,100
2019-06-28 09:30:00.000000029,100041,100,99991,100,100056,100,99974,100,100061,100,99955,100,100068,100,99953,100,100069,100,99936,100,100079,100,99932,100,100085,100,99924,100,100091,100,99919,100,100093,100,99913,100,100112,100,99890,100
2019-06-28 09:30:00.000000032,100041,100,99991,100,100056,100,99974,100,100061,100,99955,100,100068,100,99953,100,100069,100,99936,100,100079,100,99932,100,100080,100,99924,100,100085,100,99919,100,100091,100,99913,100,100093,100,99890,100
2019-06-28 09:30:00.000000034,100041,100,99991,100,100056,100,99974,100,100061,100,99955,100,100068,100,99953,100,100069,100,99936,100,100079,100,99932,100,100080,100,99924,100,100085,100,99919,100,100091,100,99913,100,100093,100,99890,100
2019-06-28 09:30:00.000000035,100041,100,99991,100,100056,100,99974,100,100061,100,99955,100,100068,100,99953,100,100069,100,99936,100,100079,100,99932,100,100080,100,99924,100,100085,100,99919,100,100091,100,99913,100,100093,100,99890,100
2019-06-28 09:30:00.000000037,100041,100,99991,100,100056,100,99974,100,100061,100,99955,100,100068,100,99953,100,100069,100,99936,100,100079,100,99932,100,100080,100,99928,100,100085,100,99924,100,100091,100,99919,100,100093,200,99913,100
2019-06-28 09:30:00.000000039,100041,100,99991,100,100056,100,99974,100,100061,100,99955,100,100068,100,99953,100,100069,100,99936,100,100079,100,99932,100,100080,100,99928,100,100085,100,99924,100,100091,100,99919,100,100093,200,99913,100
2019-06-28 09:30:00.000000040,100041,100,99991,100,100056,100,99974,100,100061,100,99955,100,100066,100,99953,100,100068,100,99936,100,100069,100,99932,100,100079,100,99928,100,100080,100,99924,100,100085,100,99919,100,100091,100,99913,100
2019-06-28 09:30:00.000000042,100028,100,99991,100,100041,100,99974,100,100056,100,99955,100,100061,100,99953,100,100066,100,99936,100,100068,100,99932,100,100069,100,99928,100,100079,100,99924,100,100080,100,99919,100,100085,100,99913,100
2019-06-28 09:30:00.000000043,100028,100,99991,100,100041,100,99974,100,100056,100,99955,100,100061,100,99953,100,100066,100,99936,100,100068,100,99932,100,100069,100,99928,100,100079,100,99925,100,100080,100,99924,100,100085,100,99920,100
2019-06-28 09:30:00.000000044,100028,100,100013,100,100041,100,99991,100,100056,100,99974,100,100061,100,99955,100,100066,100,99953,100,100068,100,99936,100,100069,100,99932,100,100079,100,99928,100,100080,100,99925,100,100085,100,99924,100
2019-06-28 09:30:00.000000045,100028,100,99991,100,100041,100,99974,100,100056,100,99955,100,100061,100,99953,100,100066,100,99936,100,100068,100,99932,100,100069,100,99928,100,100079,100,99925,100,100080,100,99924,100,100085,100,99920,100
2019-06-28 09:30:00.000000047,100028,100,100021,100,100041,100,99991,100,100056,100,99974,100,100061,100,99955,100,100066,100,99953,100,100068,100,99936,100,100069,100,99932,100,100079,100,99928,100,100080,100,99925,100,100085,100,99924,100
2019-06-28 09:30:00.000000048,100028,100,100021,100,100041,100,99991,100,100056,100,99974,100,100061,100,99955,100,100066,100,99953,100,100068,100,99936,100,100069,100,99932,100,100079,100,99928,100,100080,100,99925,100,100085,100,99924,100
2019-06-28 09:30:00.000000050,100028,100,100021,100,100041,100,99991,100,100056,100,99974,100,100061,100,99955,100,100066,100,99953,100,100068,100,99936,100,100069,100,99932,100,100072,100,99928,100,100079,100,99925,100,100080,100,99924,100
2019-06-28 09:30:00.000000053,100028,100,100021,100,100041,100,99991,100,100056,100,99974,100,100061,100,99956,100,100066,100,99955,100,100068,100,99953,100,100069,100,99936,100,100072,100,99932,100,100079,100,99928,100,100080,100,99925,100
2019-06-28 09:30:00.000000054,100028,100,99991,100,100041,100,99974,100,100056,100,99956,100,100061,100,99955,100,100066,100,99953,100,100068,100,99936,100,100069,100,99932,100,100072,100,99928,100,100079,100,99925,100,100080,100,99924,100
2019-06-28 09:30:00.000000057,100028,100,99991,100,100041,100,99974,100,100056,100,99956,100,100061,100,99955,100,100066,100,99953,100,100067,100,99936,100,100068,100,99932,100,100069,100,99928,100,100072,100,99925,100,100079,100,99924,100
2019-06-28 09:30:00.000000060,100028,100,99974,100,100041,100,99956,100,100056,100,99955,100,100061,100,99953,100,100066,100,99936,100,100067,100,99932,100,100068,100,99928,100,100069,100,99925,100,100072,100,99924,100,100079,100,99920,100
2019-06-28 09:30:00.000000063,100028,100,99974,100,100041,100,99956,100,100056,100,99955,100,100061,100,99953,100,100066,100,99936,100,100067,100,99932,100,100068,100,99928,100,100069,100,99925,100,100072,100,99924,100,100079,100,99920,100
2019-06-28 09:30:00.000000065,100021,100,99974,100,100028,100,99956,100,100041,100,99955,100,100056,100,99953,100,100061,100,99936,100,100066,100,99932,100,100067,100,99928,100,100068,100,99925,100,100069,100,99924,100,100072,100,99920,100
2019-06-28 09:30:00.000000070,100021,100,99991,100,100028,100,99974,100,100041,100,99956,100,100056,100,99955,100,100061,100,99953,100,100066,100,99936,100,100067,100,99932,100,100068,100,99928,100,100069,100,99925,100,100072,100,99924,100
2019-06-28 09:30:00.000000071,100021,100,99991,100,100028,200,99974,100,100041,100,99956,100,100056,100,99955,100,100061,100,99953,100,100066,100,99936,100,100067,100,99932,100,100068,100,99928,100,100069,100,99925,100,100072,100,99924,100
2019-06-28 09:30:00.000000072,100021,100,99991,100,100028,200,99974,100,100041,100,99956,100,100056,100,99955,100,100061,100,99953,100,100066,100,99936,100,100067,100,99935,100,100068,100,99932,100,100069,100,99928,100,100072,100,99925,100
2019-06-28 09:30:00.000000073,100021,200,99991,100,100028,200,99974,100,100041,100,99956,100,100056,100,99955,100,100061,100,99953,100,100066,100,99936,100,100067,100,99935,100,100068,100,99932,100,100069,100,99928,100,100072,100,99925,100
2019-06-28 09:30:00.000000074,100021,200,99991,200,100028,200,99974,100,100041,100,99956,100,100056,100,99955,100,100061,100,99953,100,100066,100,99936,100,100067,100,99935,100,100068,100,99932,100,100069,100,99928,100,100072,100,99925,100
2019-06-28 09:30:00.000000082,100021,200,99991,200,100028,200,99974,100,100041,100,99956,100,100056,100,99955,100,100061,100,99953,100,100066,100,99936,100,100067,100,99935,100,100068,100,99932,100,100069,100,99928,100,100072,100,99925,100
2019-06-28 09:30:00.000000084,100021,100,99991,200,100028,200,99974,100,100041,100,99956,100,100056,100,99955,100,100061,100,99953,100,100066,100,99936,100,100067,100,99935,100,100068,100,99932,100,100069,100,99928,100,100072,100,99925,100
2019-06-28 09:30:00.000000085,100021,100,99991,200,100028,200,99990,100,100041,100,99974,100,100056,100,99956,100,100061,100,99955,100,100066,100,99953,100,100067,100,99936,100,100068,100,99935,100,100069,100,99932,100,100072,100,99928,100
2019-06-28 09:30:00.000000088,100021,200,99991,200,100028,200,99990,100,100041,100,99974,100,100049,100,99956,100,100056,100,99955,100,100061,100,99953,100,100066,100,99936,100,100067,100,99935,100,100068,100,99932,100,100069,100,99928,100
2019-06-28 09:30:00.000000089,100020,100,99991,200,100021,200,99990,100,100028,200,99974,100,100041,100,99956,100,100049,100,99955,100,100056,100,99953,100,100061,100,99936,100,100066,100,99935,100,100067,100,99932,100,100068,100,99928,100
2019-06-28 09:30:00.000000090,100020,100,99991,200,100021,200,99990,100,100028,200,99974,200,100041,100,99956,100,100049,100,99955,100,100056,100,99953,100,100061,100,99936,100,100066,100,99935,100,100067,100,99932,100,100068,100,99928,100
2019-06-28 09:30:00.000000091,100020,100,99991,200,100021,200,99990,100,100028,200,99974,200,100041,100,99956,100,100049,100,99955,100,100056,100,99953,100,100061,100,99936,100,100066,100,99935,100,100067,100,99932,100,100068,100,99928,100
2019-06-28 09:30:00.000000092,100020,100,100001,100,100021,200,99991,200,100028,200,99990,100,100041,100,99974,200,100049,100,99956,100,100056,100,99955,100,100061,100,99953,100,100066,100,99943,100,100067,100,99936,100,100068,100,99935,100
2019-06-28 09:30:00.000000098,100020,100,100002,100,100021,200,100001,100,100028,200,99991,200,100041,100,99990,100,100049,100,99974,200,100056,100,99956,100,100061,100,99955,100,100066,100,99953,100,100067,100,99943,100,100068,100,99936,100
2019-06-28 09:30:00.000000099,100020,100,100002,100,100021,200,100001,100,100028,200,99992,100,100041,100,99991,200,100049,100,99990,100,100056,100,99974,200,100061,100,99956,100,100066,100,99955,100,100067,100,99953,100,100068,100,99943,100
2019-06-28 09:30:00.617583596,100020,200,100002,100,100021,200,100001,100,100028,200,99992,100,100041,100,99991,200,100049,100,99990,100,100056,100,99974,200,100061,100,99956,100,100067,100,99955,100,100068,100,99953,100,100069,100,99943,100
2019-06-28 09:30:02.409644633,100020,200,100014,100,100021,200,100002,100,100028,200,100001,100,100041,100,99992,100,100049,100,99991,200,100061,100,99990,100,100067,100,99974,200,100068,100,99956,100,100069,100,99955,100,100072,100,99953,100
2019-06-28 09:30:03.556060576,100020,200,100014,100,100021,200,100002,100,100028,200,100001,100,100041,100,99992,100,100049,100,99991,200,100061,100,99990,100,100067,100,99974,200,100068,100,99956,100,100069,100,99955,100,100072,100,99953,100
2019-06-28 09:30:07.714117802,100020,200,100014,100,100021,200,100002,100,100028,200,100001,100,100041,100,99992,200,100049,100,99991,200,100061,100,99990,100,100067,100,99974,200,100068,100,99956,100,100069,100,99955,100,100072,100,99953,100
2019-06-28 09:30:10.000000000,100020,369,100014,269,100021,364,100002,264,100028,364,100001,264,100041,100,99992,200,100049,100,99991,200,100061,100,99990,100,100067,100,99974,200,100068,100,99956,100,100069,100,99955,100,100072,100,99953,100
2019-06-28 09:30:20.000000000,100020,300,100014,200,100021,300,100002,200,100028,300,100001,200,100041,200,99992,300,100049,200,99991,300,100061,100,99990,100,100067,100,99974,200,100068,100,99956,100,100069,100,99955,100,100072,100,99953,100
2019-06-28 09:30:30.000000000,100020,449,100014,349,100021,449,100002,349,100028,200,100001,100,100041,100,99992,200,100049,100,99991,200,100061,100,99990,100,100067,100,99974,200,100068,100,99956,100,100069,100,99955,100,100072,100,99953,100
2019-06-28 09:30:35.079100629,100020,449,100014,349,100021,449,100002,349,100028,200,100001,100,100041,100,99992,100,100049,100,99991,200,100061,100,99990,100,100067,100,99974,200,100068,100,99956,100,100069,100,99955,100,100072,100,99953,100
2019-06-28 09:30:40.000000000,100020,698,100014,598,100021,200,100002,100,100028,200,100001,100,100041,100,99992,100,100049,100,99991,200,100061,100,99990,100,100067,100,99974,200,100068,100,99956,100,100069,100,99955,100,100072,100,99953,100
2019-06-28 09:30:45.861551950,100020,698,100014,598,100021,200,100002,100,100028,200,100001,100,100041,100,99992,100,100049,100,99991,200,100061,100,99990,100,100067,100,99974,100,100068,100,99956,100,100069,100,99955,100,100072,100,99953,100
2019-06-28 09:30:47.712567120,100020,698,100014,498,100021,200,100002,100,100028,200,100001,100,100041,100,99992,100,100049,100,99991,200,100061,100,99990,100,100067,100,99974,100,100068,100,99956,100,100069,100,99955,100,100072,100,99953,100
2019-06-28 09:30:48.498524217,100020,598,100014,498,100021,200,100002,100,100028,200,100001,100,100041,100,99992,100,100049,100,99991,200,100061,100,99990,100,100067,100,99974,100,100068,100,99956,100,100069,100,99955,100,100072,100,99953,100
2019-06-28 09:30:50.000000000,100020,269,100002,269,100021,364,100001,264,100028,364,99992,264,100041,100,99991,200,100049,100,99990,100,100061,100,99974,100,100067,100,99956,100,100068,100,99955,100,100069,100,99953,100,100072,100,99943,100
2019-06-28 09:30:57.592754789,100020,169,100002,269,100021,364,100001,264,100028,364,99992,264,100041,100,99991,200,100049,100,99990,100,100061,100,99974,100,100067,100,99956,100,100068,100,99955,100,100069,100,99953,100,100072,100,99943,100
2019-06-28 09:31:00.000000000,100021,369,100002,269,100028,364,100001,264,100041,264,99992,264,100049,100,99991,200,100061,100,99990,100,100067,100,99974,100,100068,100,99956,100,100069,100,99955,100,100072,100,99953,100,100077,100,99943,100
2019-06-28 09:31:10.000000000,100021,698,100002,598,100028,200,100001,100,100041,100,99992,100,100049,100,99991,200,100061,100,99990,100,100067,100,99974,100,100068,100,99956,100,100069,100,99955,100,100072,100,99953,100,100077,100,99943,100
2019-06-28 09:31:16.929908104,100021,698,100002,598,100028,200,100001,100,100041,100,99992,100,100061,100,99991,200,100067,100,99990,100,100068,100,99974,100,100069,100,99956,100,100072,100,99955,100,100077,100,99953,100,100078,100,99943,100
2019-06-28 09:31:20.000000000,100021,369,100002,269,100028,364,100001,264,100041,264,99992,264,100061,100,99991,200,100067,100,99990,100,100068,100,99974,100,100069,100,99956,100,100072,100,99955,100,100077,100,99953,100,100078,100,99943,100
2019-06-28 09:31:30.000000000,100021,369,100002,269,100028,364,100001,264,100041,264,99992,264,100061,100,99991,200,100067,100,99990,100,100068,100,99974,100,100069,100,99956,100,100072,100,99955,100,100077,100,99953,100,100078,100,99943,100
2019-06-28 09:31:40.000000000,100021,300,100002,200,100028,300,100001,200,100041,200,99992,200,100061,200,99991,300,100067,200,99990,200,100068,100,99974,100,100069,100,99956,100,100072,100,99955,100,100077,100,99953,100,100078,100,99943,100
2019-06-28 09:31:46.996033903,100021,300,100002,200,100028,300,100001,200,100041,200,99992,200,100061,200,99991,300,100067,200,99990,200,100068,100,99974,100,100069,100,99956,100,100072,100,99955,100,100077,100,99953,100,100078,100,99943,100
2019-06-28 09:31:50.000000000,100021,449,100002,349,100028,449,100001,349,100041,100,99992,100,100061,100,99991,200,100067,100,99990,100,100068,100,99974,100,100069,100,99956,100,100072,100,99955,100,100077,100,99953,100,100078,100,99943,100
2019-06-28 09:32:00.000000000,100021,698,100002,598,100028,200,100001,100,100041,100,99992,100,100061,100,99991,200,100067,100,99990,100,100068,100,99974,100,100069,100,99956,100,100072,100,99955,100,100077,100,99953,100,100078,100,99943,100
2019-06-28 09:32:10.000000000,100021,449,100002,349,100028,449,100001,349,100041,100,99992,100,100061,100,99991,200,100067,100,99990,100,100068,100,99974,100,100069,100,99956,100,100072,100,99955,100,100077,100,99953,100,100078,100,99943,100
2019-06-28 09:32:10.783783851,100019,100,100002,349,100021,449,100001,349,100028,449,99991,200,100041,100,99990,100,100061,100,99974,100,100067,100,99956,100,100068,100,99955,100,100069,100,99953,100,100072,100,99943,100,100077,100,99936,100
2019-06-28 09:32:15.957477692,100019,100,100002,249,100021,449,100001,349,100028,349,99991,200,100041,100,99990,100,100061,100,99974,100,100067,100,99956,100,100068,100,99955,100,100069,100,99953,100,100072,100,99943,100,100077,100,99936,100
2019-06-28 09:32:20.000000000,100019,200,100001,200,100021,300,99991,300,100028,200,99990,200,100041,200,99974,200,100061,200,99956,200,100067,100,99955,100,100068,100,99953,100,100069,100,99943,100,100072,100,99936,100,100077,100,99935,100
2019-06-28 09:32:25.699064035,100019,200,100001,100,100021,300,99991,300,100028,200,99990,200,100041,200,99974,200,100061,200,99956,200,100067,100,99955,100,100068,100,99953,100,100069,100,99943,100,100072,100,99936,100,100077,100,99935,100
2019-06-28 09:32:26.342326404,100019,200,100001,100,100021,300,99991,300,100028,200,99990,200,100041,200,99974,200,100061,200,99956,200,100067,100,99955,100,100068,100,99943,100,100069,100,99936,100,100072,100,99935,100,100077,100,99932,100
2019-06-28 09:32:30.000000000,100019,269,99991,369,100021,364,99990,264,100028,264,99974,264,100041,100,99956,100,100061,100,99955,100,100067,100,99943,100,100068,100,99936,100,100069,100,99935,100,100072,100,99932,100,100077,100,99928,100
2019-06-28 09:32:30.990506826,100019,269,99991,269,100021,364,99990,264,100028,264,99974,264,100041,100,99956,100,100061,100,99955,100,100067,100,99943,100,100068,100,99936,100,100069,100,99935,100,100072,100,99932,100,100077,100,99928,100
2019-06-28 09:32:33.799266697,100001,100,99991,269,100019,269,99990,264,100021,364,99974,264,100028,264,99956,100,100041,100,99955,100,100061,100,99943,100,100067,100,99936,100,100068,100,99935,100,100069,100,99932,100,100072,100,99928,100
2019-06-28 09:32:36.296206374,100001,100,99991,269,100019,269,99990,264,100021,364,99974,264,100028,264,99956,100,100041,100,99955,100,100061,100,99943,100,100067,100,99936,100,100068,100,99935,100,100069,100,99932,100,100072,100,99928,100
2019-06-28 09:32:39.641583950,100001,100,99991,169,100019,269,99990,264,100021,364,99974,264,100028,264,99956,100,100041,100,99955,100,100061,100,99943,100,100067,100,99936,100,100068,100,99935,100,100069,100,99932,100,100072,100,99928,100
2019-06-28 09:32:40.000000000,100001,349,99990,349,100019,349,99974,349,100021,200,99956,100,100028,100,99955,100,100041,100,99943,100,100061,100,99936,100,100067,100,99935,100,100068,100,99932,100,100069,100,99928,100,100072,100,99924,100
2019-06-28 09:32:50.000000000,100001,269,99990,269,100019,264,99974,264,100021,364,99956,264,100028,100,99955,100,100041,100,99943,100,100061,100,99936,100,100067,100,99935,100,100068,100,99932,100,100069,100,99928,100,100072,100,99924,100
2019-06-28 09:32:50.928858321,100001,269,99990,269,100019,264,99974,264,100021,364,99956,264,100028,100,99955,100,100041,100,99943,100,100061,100,99936,100,100067,100,99935,100,100068,100,99932,100,100069,100,99928,100,100072,100,99924,100
2019-06-28 09:33:00.000000000,100001,269,99990,269,100019,264,99974,264,100021,364,99956,264,100028,100,99955,100,100041,100,99943,100,100061,100,99936,100,100067,100,99935,100,100068,100,99932,100,100069,100,99928,100,100072,100,99924,100
2019-06-28 09:33:05.701135106,100001,269,99990,169,100019,264,99974,264,100021,364,99956,264,100028,100,99955,100,100041,100,99943,100,100061,100,99936,100,100067,100,99935,100,100068,100,99932,100,100069,100,99928,100,100072,100,99920,100
2019-06-28 09:33:10.000000000,100001,200,99974,200,100019,200,99956,200,100021,300,99955,200,100028,200,99943,200,100041,200,99936,200,100061,100,99935,100,100067,100,99932,100,100068,100,99928,100,100069,100,99920,100,100072,100,99919,100
2019-06-28 09:33:17.275274634,100001,200,99974,100,100019,200,99956,200,100021,300,99955,200,100028,200,99943,200,100041,200,99936,200,100061,100,99935,100,100067,100,99932,100,100068,100,99928,100,100069,100,99920,100,100077,100,99919,100
2019-06-28 09:33:20.000000000,100001,598,99956,598,100019,100,99955,100,100021,200,99943,100,100028,100,99936,100,100041,100,99935,100,100061,100,99932,100,100067,100,99928,100,100068,100,99920,100,100069,100,99919,100,100077,100,99917,100
2019-06-28 09:33:30.000000000,100001,598,99956,598,100019,100,99955,100,100021,200,99943,100,100028,100,99936,100,100041,100,99935,100,100061,100,99932,100,100067,100,99928,100,100068,100,99920,100,100069,100,99919,100,100077,100,99917,100
2019-06-28 09:33:40.000000000,100001,224,99956,224,100019,224,99955,224,100021,324,99943,224,100028,224,99936,224,100041,100,99935,100,100061,100,99932,100,100067,100,99928,100,100068,100,99920,100,100069,100,99919,100,100077,100,99917,100
2019-06-28 09:33:50.000000000,100001,598,99956,598,100019,100,99955,100,100021,200,99943,100,100028,100,99936,100,100041,100,99935,100,100061,100,99932,100,100067,100,99928,100,100068,100,99920,100,100069,100,99919,100,100077,100,99917,100
2019-06-28 09:34:00.000000000,100001,200,99956,200,100019,200,99955,200,100021,300,99943,200,100028,200,99936,200,100041,200,99935,200,100061,100,99932,100,100067,100,99928,100,100068,100,99920,100,100069,100,99919,100,100077,100,99917,100
2019-06-28 09:34:10.000000000,100001,200,99956,200,100019,200,99955,200,100021,300,99943,200,100028,200,99936,200,100041,200,99935,200,100061,100,99932,100,100067,100,99928,100,100068,100,99920,100,100069,100,99919,100,100077,100,99917,100
2019-06-28 09:34:20.000000000,100001,598,99956,598,100019,100,99955,100,100021,200,99943,100,100028,100,99936,100,100041,100,99935,100,100061,100,99932,100,100067,100,99928,100,100068,100,99920,100,100069,100,99919,100,100077,100,99917,100
2019-06-28 09:34:30.000000000,100001,224,99956,224,100019,224,99955,224,100021,324,99943,224,100028,224,99936,224,100041,100,99935,100,100061,100,99932,100,100067,100,99928,100,100068,100,99920,100,100069,100,99919,100,100077,100,99917,100
2019-06-28 09:34:40.000000000,100001,200,99956,200,100019,200,99955,200,100021,300,99943,200,100028,200,99936,200,100041,200,99935,200,100061,100,99932,100,100067,100,99928,100,100068,100,99920,100,100069,100,99919,100,100077,100,99917,100
2019-06-28 09:34:40.949170964,100001,200,99956,100,100019,200,99955,200,100021,300,99943,200,100028,200,99936,200,100041,200,99935,200,100061,100,99932,100,100067,100,99928,100,100068,100,99920,100,100069,100,99919,100,100077,100,99917,100
2019-06-28 09:34:43.791197275,100001,200,99955,200,100019,200,99943,200,100021,300,99936,200,100028,200,99935,200,100041,200,99932,100,100061,100,99928,100,100067,100,99920,100,100068,100,99919,100,100069,100,99917,100,100077,100,99907,100
2019-06-28 09:34:50.000000000,100001,598,99955,598,100019,100,99943,100,100021,200,99936,100,100028,100,99935,100,100041,100,99932,100,100061,100,99928,100,100067,100,99920,100,100068,100,99919,100,100069,100,99917,100,100077,100,99907,100
2019-06-28 09:35:00.000000000,100001,349,99955,349,100019,349,99943,349,100021,200,99936,100,100028,100,99935,100,100041,100,99932,100,100061,100,99928,100,100067,100,99920,100,100068,100,99919,100,100069,100,99917,100,100077,100,99907,100
2019-06-28 09:35:04.095968376,100001,349,99955,349,100019,349,99943,349,100021,200,99936,100,100028,100,99935,100,100041,100,99932,100,100061,100,99928,100,100067,100,99920,100,100068,100,99919,100,100069,100,99917,100,100077,100,99907,100
2019-06-28 09:35:10.000000000,100001,224,99955,224,100019,224,99943,224,100021,324,99936,224,100028,224,99935,224,100041,100,99932,100,100061,100,99928,100,100067,100,99920,100,100068,100,99919,100,100069,100,99917,100,100077,100,99907,100
2019-06-28 09:35:20.000000000,100001,598,99955,598,100019,100,99943,100,100021,200,99936,100,100028,100,99935,100,100041,100,99932,100,100061,100,99928,100,100067,100,99920,100,100068,100,99919,100,100069,100,99917,100,100077,100,99907,100
2019-06-28 09:35:30.000000000,100001,224,99955,224,100019,224,99943,224,100021,324,99936,224,100028,224,99935,224,100041,100,99932,100,100061,100,99928,100,100067,100,99920,100,100068,100,99919,100,100069,100,99917,100,100077,100,99907,100
2019-06-28 09:35:40.000000000,100001,349,99955,349,100019,349,99943,349,100021,200,99936,100,100028,100,99935,100,100041,100,99932,100,100061,100,99928,100,100067,100,99920,100,100068,100,99919,100,100069,100,99917,100,100077,100,99907,100
2019-06-28 09:35:50.000000000,100001,224,99955,224,100019,224,99943,224,100021,324,99936,224,100028,224,99935,224,100041,100,99932,100,100061,100,99928,100,100067,100,99920,100,100068,100,99919,100,100069,100,99917,100,100077,100,99907,100
2019-06-28 09:35:54.957627572,100001,224,99955,124,100019,224,99943,224,100021,324,99936,224,100028,224,99935,224,100041,100,99932,100,100061,100,99928,100,100067,100,99920,100,100068,100,99919,100,100069,100,99917,100,100077,100,99907,100
2019-06-28 09:36:00.000000000,100001,200,99943,200,100019,200,99936,200,100021,300,99935,200,100028,200,99932,200,100041,200,99928,200,100061,100,99920,100,100067,100,99919,100,100068,100,99917,100,100069,100,99907,100,100077,100,99906,100
2019-06-28 09:36:02.457088841,100001,200,99943,200,100019,200,99936,200,100021,300,99935,200,100028,200,99932,200,100041,200,99928,200,100061,100,99920,100,100067,100,99919,100,100068,100,99917,100,100069,100,99907,100,100077,100,99906,100
2019-06-28 09:36:04.212915838,100001,200,99943,100,100019,200,99936,200,100021,300,99935,200,100028,200,99932,200,100041,200,99928,200,100067,100,99920,100,100068,100,99919,100,100069,100,99917,100,100077,100,99907,100,100078,100,99906,100
2019-06-28 09:36:10.000000000,100001,598,99936,598,100019,100,99935,100,100021,200,99932,100,100028,100,99928,100,100041,100,99920,100,100067,100,99919,100,100068,100,99917,100,100069,100,99907,100,100077,100,99906,100,100078,100,99890,100
2019-06-28 09:36:20.000000000,100001,349,99936,349,100019,349,99935,349,100021,200,99932,100,100028,100,99928,100,100041,100,99920,100,100067,100,99919,100,100068,100,99917,100,100069,100,99907,100,100077,100,99906,100,100078,100,99890,100
2019-06-28 09:36:30.000000000,100001,349,99936,349,100019,349,99935,349,100021,200,99932,100,100028,100,99928,100,100041,100,99920,100,100067,100,99919,100,100068,100,99917,100,100069,100,99907,100,100077,100,99906,100,100078,100,99890,100
2019-06-28 09:36:40.000000000,100001,349,99936,349,100019,349,99935,349,100021,200,99932,100,100028,100,99928,100,100041,100,99920,100,100067,100,99919,100,100068,100,99917,100,100069,100,99907,100,100077,100,99906,100,100078,100,99890,100
2019-06-28 09:36:40.583789030,100001,349,99936,349,100019,349,99935,349,100021,200,99932,100,100028,100,99928,100,100067,100,99920,100,100068,100,99919,100,100069,100,99917,100,100077,100,99907,100,100078,100,99906,100,100079,100,99890,100
2019-06-28 09:36:50.000000000,100001,598,99936,598,100019,100,99935,100,100021,200,99932,100,100028,100,99928,100,100067,100,99920,100,100068,100,99919,100,100069,100,99917,100,100077,100,99907,100,100078,100,99906,100,100079,100,99890,100
2019-06-28 09:36:54.510912457,100001,598,99936,498,100019,100,99935,100,100021,200,99932,100,100028,100,99928,100,100067,100,99920,100,100068,100,99919,100,100069,100,99917,100,100078,100,99907,100,100079,100,99906,100,100080,100,99890,100
2019-06-28 09:37:00.000000000,100001,200,99935,200,100019,200,99932,200,100021,300,99928,200,100028,200,99920,200,100067,200,99919,200,100068,100,99917,100,100069,100,99907,100,100078,100,99906,100,100079,100,99890,100,100080,100,99858,100
2019-06-28 09:37:00.812461024,100001,200,99935,200,100019,200,99932,200,100021,300,99928,200,100028,200,99920,200,100067,200,99919,200,100068,100,99917,100,100069,100,99907,100,100078,100,99906,100,100079,100,99890,100,100080,100,99846,100
2019-06-28 09:37:10.000000000,100001,200,99935,200,100019,200,99932,200,100021,300,99928,200,100028,200,99920,200,100067,200,99919,200,100068,100,99917,100,100069,100,99907,100,100078,100,99906,100,100079,100,99890,100,100080,100,99846,100
2019-06-28 09:37:20.000000000,100001,598,99935,598,100019,100,99932,100,100021,200,99928,100,100028,100,99920,100,100067,100,99919,100,100068,100,99917,100,100069,100,99907,100,100078,100,99906,100,100079,100,99890,100,100080,100,99846,100
2019-06-28 09:37:30.000000000,100001,269,99935,269,100019,264,99932,264,100021,364,99928,264,100028,100,99920,100,100067,100,99919,100,100068,100,99917,100,100069,100,99907,100,100078,100,99906,100,100079,100,99890,100,100080,100,99846,100
2019-06-28 09:37:37.602748086,99943,100,99935,269,100001,269,99932,264,100019,264,99928,264,100021,364,99920,100,100028,100,99919,100,100067,100,99917,100,100069,100,99907,100,100078,100,99906,100,100079,100,99890,100,100080,100,99846,100
2019-06-28 09:37:39.032538757,99943,100,99935,269,100001,269,99932,264,100019,264,99928,264,100021,364,99920,100,100028,100,99919,100,100067,100,99917,100,100069,100,99907,100,100078,100,99906,100,100079,100,99890,100,100080,100,99846,100
2019-06-28 09:37:40.000000000,99943,200,99935,200,100001,200,99932,200,100019,200,99928,200,100021,300,99920,200,100028,200,99919,200,100067,100,99917,100,100069,100,99907,100,100078,100,99906,100,100079,100,99890,100,100080,100,99846,100
2019-06-28 09:37:50.000000000,99943,269,99935,269,100001,264,99932,264,100019,264,99928,264,100021,200,99920,100,100028,100,99919,100,100067,100,99917,100,100069,100,99907,100,100078,100,99906,100,100079,100,99890,100,100080,100,99846,100
2019-06-28 09:37:54.522277360,99943,369,99935,269,100001,264,99932,264,100019,264,99928,264,100021,200,99920,100,100028,100,99919,100,100067,100,99917,100,100069,100,99907,100,100078,100,99906,100,100079,100,99890,100,100080,100,99846,100
2019-06-28 09:37:54.840915946,99943,469,99935,269,100001,164,99932,264,100019,264,99928,264,100021,200,99920,100,100028,100,99919,100,100067,100,99917,100,100069,100,99907,100,100078,100,99906,100,100079,100,99890,100,100080,100,99846,100
2019-06-28 09:37:56.194648820,99943,469,99935,169,100001,164,99932,264,100019,264,99928,264,100021,200,99920,100,100028,100,99919,100,100067,100,99917,100,100069,100,99907,100,100078,100,99906,100,100079,100,99890,100,100080,100,99846,100
2019-06-28 09:37:59.414994315,99943,469,99935,69,100001,164,99932,264,100019,264,99928,264,100021,200,99920,100,100028,100,99919,100,100067,100,99917,100,100069,100,99907,100,100078,100,99906,100,100079,100,99890,100,100080,100,99846,100
2019-06-28 09:38:00.000000000,99943,400,99932,200,100019,200,99928,200,100021,300,99920,200,100028,200,99919,200,100067,200,99917,200,100069,100,99907,100,100078,100,99906,100,100079,100,99890,100,100080,100,99846,100,100084,100,99821,100
2019-06-28 09:38:02.811906572,99943,400,99932,100,100019,200,99928,200,100021,300,99920,200,100028,200,99919,200,100067,200,99917,200,100069,100,99907,100,100078,100,99906,100,100079,100,99890,100,100080,100,99846,100,100084,100,99821,100
2019-06-28 09:38:09.782862729,99943,400,99932,100,100019,200,99928,200,100021,300,99920,200,100028,200,99919,200,100067,200,99917,200,100069,100,99907,100,100078,100,99906,100,100079,100,99890,100,100080,100,99846,100,100084,100,99821,100
2019-06-28 09:38:10.000000000,99943,469,99928,269,100019,264,99920,264,100021,364,99919,264,100028,100,99917,100,100067,100,99907,100,100069,100,99906,100,100078,100,99890,100,100079,100,99846,100,100080,100,99821,100,100084,100,99810,100
2019-06-28 09:38:20.000000000,99943,549,99928,349,100019,349,99920,349,100021,200,99919,100,100028,100,99917,100,100067,100,99907,100,100069,100,99906,100,100078,100,99890,100,100079,100,99846,100,100080,100,99821,100,100084,100,99810,100
2019-06-28 09:38:21.859530584,99935,100,99928,349,99943,549,99920,349,100019,349,99919,100,100021,200,99917,100,100028,100,99907,100,100067,100,99906,100,100069,100,99890,100,100078,100,99846,100,100079,100,99821,100,100084,100,99810,100
2019-06-28 09:38:30.000000000,99935,598,99928,598,99943,300,99920,100,100019,100,99919,100,100021,200,99917,100,100028,100,99907,100,100067,100,99906,100,100069,100,99890,100,100078,100,99846,100,100079,100,99821,100,100084,100,99810,100
2019-06-28 09:38:31.786560979,99935,598,99928,498,99943,300,99920,100,100019,100,99919,100,100021,200,99917,100,100028,100,99907,100,100067,100,99906,100,100069,100,99890,100,100078,100,99846,100,100079,100,99821,100,100084,100,99810,100
2019-06-28 09:38:40.000000000,99935,349,99920,349,99943,549,99919,349,100019,100,99917,100,100021,200,99907,100,100028,100,99906,100,100067,100,99890,100,100069,100,99846,100,100078,100,99821,100,100079,100,99810,100,100084,100,99647,100
2019-06-28 09:38:50.000000000,99935,224,99920,224,99943,424,99919,224,100019,224,99917,224,100021,324,99907,224,100028,100,99906,100,100067,100,99890,100,100069,100,99846,100,100078,100,99821,100,100079,100,99810,100,100084,100,99647,100
2019-06-28 09:39:00.000000000,99935,269,99920,269,99943,464,99919,264,100019,264,99917,264,100021,200,99907,100,100028,100,99906,100,100067,100,99890,100,100069,100,99846,100,100078,100,99821,100,100079,100,99810,100,100084,100,99647,100
2019-06-28 09:39:02.372332291,99935,269,99920,269,99943,464,99919,264,100019,264,99917,264,100021,200,99907,100,100028,100,99906,100,100067,100,99890,100,100069,100,99846,100,100078,100,99821,100,100079,100,99810,100,100084,100,99647,100
2019-06-28 09:39:07.193388731,99935,269,99920,169,99943,464,99919,264,100019,264,99917,264,100021,200,99907,100,100028,100,99906,100,100069,100,99890,100,100078,100,99846,100,100079,100,99821,100,100084,100,99810,100,100091,100,99647,100
2019-06-28 09:39:10.000000000,99935,224,99919,224,99943,424,99917,224,100019,224,99907,224,100021,324,99906,224,100028,100,99890,100,100069,100,99846,100,100078,100,99821,100,100079,100,99810,100,100084,100,99647,100,100091,100,99204,100
2019-06-28 09:39:20.000000000,99935,269,99919,269,99943,464,99917,264,100019,264,99907,264,100021,200,99906,100,100028,100,99890,100,100069,100,99846,100,100078,100,99821,100,100079,100,99810,100,100084,100,99647,100,100091,100,99204,100
2019-06-28 09:39:27.692939927,99935,269,99919,169,99943,464,99917,264,100019,264,99907,264,100021,200,99906,100,100028,100,99890,100,100069,100,99846,100,100078,100,99821,100,100079,100,99810,100,100084,100,99647,100,100091,100,99204,100
2019-06-28 09:39:30.000000000,99935,598,99917,598,99943,300,99907,100,100019,100,99906,100,100021,200,99890,100,100028,100,99846,100,100069,100,99821,100,100078,100,99810,100,100079,100,99647,100,100084,100,99204,100,100091,100,98283,100
2019-06-28 09:39:40.000000000,99935,200,99917,200,99943,400,99907,200,100019,200,99906,200,100021,300,99890,200,100028,200,99846,200,100069,100,99821,100,100078,100,99810,100,100079,100,99647,100,100084,100,99204,100,100091,100,98283,100
2019-06-28 09:39:45.656426350,99935,200,99917,100,99943,400,99907,200,100019,200,99906,200,100021,300,99890,200,100028,200,99846,200,100069,100,99821,100,100078,100,99810,100,100079,100,99647,100,100084,100,99204,100,100091,100,98283,100
2019-06-28 09:39:48.801617805,99935,200,99907,200,99943,400,99906,200,100019,200,99890,200,100021,300,99846,100,100028,200,99821,100,100069,100,99810,100,100078,100,99647,100,100079,100,99204,100,100084,100,98283,100,100091,100,98246,100
2019-06-28 09:39:50.000000000,99935,200,99907,200,99943,400,99906,200,100019,200,99890,200,100021,300,99821,200,100028,200,99810,200,100069,100,99647,100,100078,100,99204,100,100079,100,98283,100,100084,100,98246,100,100091,100,98210,100
2019-06-28 09:39:52.696566713,99935,200,99907,100,99943,400,99906,200,100019,200,99890,200,100021,300,99821,200,100028,200,99810,200,100069,100,99647,100,100078,100,99204,100,100079,100,98283,100,100084,100,98246,100,100091,100,98210,100
2019-06-28 09:39:54.326950294,99935,200,99907,100,99943,400,99906,200,100019,200,99890,200,100021,300,99821,200,100028,200,99810,200,100069,100,99647,100,100078,100,99204,100,100079,100,98821,100,100084,100,98283,100,100091,100,98246,100
2019-06-28 09:40:00.000000000,99935,349,99906,349,99943,549,99890,349,100019,100,99821,100,100021,200,99810,100,100028,100,99647,100,100069,100,99204,100,100078,100,98821,100,100079,100,98283,100,100084,100,98246,100,100091,100,98210,100
2019-06-28 09:40:10.000000000,99935,224,99906,224,99943,424,99890,224,100019,224,99821,224,100021,324,99810,224,100028,100,99647,100,100069,100,99204,100,100078,100,98821,100,100079,100,98283,100,100084,100,98246,100,100091,100,98210,100
2019-06-28 09:40:11.703412097,99935,224,99906,224,99943,424,99890,224,100019,224,99821,224,100021,324,99810,224,100028,100,99647,100,100069,100,99204,100,100078,100,98821,100,100079,100,98518,100,100091,100,98283,100,100093,100,98246,100
2019-06-28 09:40:20.000000000,99935,200,99906,200,99943,400,99890,200,100019,200,99821,200,100021,300,99810,200,100028,200,99647,200,100069,100,99204,100,100078,100,98821,100,100079,100,98518,100,100091,100,98283,100,100093,100,98246,100
2019-06-28 09:40:20.701900743,99935,200,99906,200,99943,400,99890,200,100019,200,99821,200,100021,300,99810,200,100028,200,99647,200,100069,100,99204,100,100078,100,98821,100,100079,100,98742,100,100091,100,98518,100,100093,100,98283,100
2019-06-28 09:40:21.640519963,99935,200,99906,200,99943,400,99890,200,100019,200,99821,200,100021,300,99810,200,100028,200,99647,200,100069,100,99204,100,100078,100,98821,100,100079,100,98742,100,100091,100,98668,100,100093,100,98518,100
2019-06-28 09:40:30.000000000,99935,349,99906,349,99943,549,99890,349,100019,100,99821,100,100021,200,99810,100,100028,100,99647,100,100069,100,99204,100,100078,100,98821,100,100079,100,98742,100,100091,100,98668,100,100093,100,98518,100
2019-06-28 09:40:40.000000000,99935,598,99906,598,99943,300,99890,100,100019,100,99821,100,100021,200,99810,100,100028,100,99647,100,100069,100,99204,100,100078,100,98821,100,100079,100,98742,100,100091,100,98668,100,100093,100,98518,100
2019-06-28 09:40:50.000000000,99935,349,99906,349,99943,549,99890,349,100019,100,99821,100,100021,200,99810,100,100028,100,99647,100,100069,100,99204,100,100078,100,98821,100,100079,100,98742,100,100091,100,98668,100,100093,100,98518,100
2019-06-28 09:41:00.000000000,99935,200,99906,200,99943,400,99890,200,100019,200,99821,200,100021,300,99810,200,100028,200,99647,200,100069,100,99204,100,100078,100,98821,100,100079,100,98742,100,100091,100,98668,100,100093,100,98518,100
2019-06-28 09:41:02.445576264,99917,100,99906,200,99935,200,99890,200,99943,300,99821,200,100019,200,99810,200,100021,300,99647,200,100028,200,99204,100,100069,100,98821,100,100078,100,98742,100,100079,100,98668,100,100091,100,98518,100
2019-06-28 09:41:10.000000000,99917,224,99906,224,99935,224,99890,224,99943,324,99821,224,100019,224,99810,224,100021,200,99647,100,100028,100,99204,100,100069,100,98821,100,100078,100,98742,100,100079,100,98668,100,100091,100,98518,100
2019-06-28 09:41:18.829111827,99917,224,99906,224,99935,224,99890,224,99943,324,99821,224,100019,124,99810,224,100021,200,99647,100,100028,100,99204,100,100069,100,98821,100,100078,100,98742,100,100079,100,98668,100,100091,100,98518,100
2019-06-28 09:41:20.000000000,99917,598,99906,598,99935,100,99890,100,99943,200,99821,100,100021,200,99810,100,100028,100,99647,100,100069,100,99204,100,100078,100,98821,100,100079,100,98742,100,100091,100,98668,100,100093,100,98518,100
2019-06-28 09:41:30.000000000,99917,269,99906,269,99935,264,99890,264,99943,364,99821,264,100021,200,99810,100,100028,100,99647,100,100069,100,99204,100,100078,100,98821,100,100079,100,98742,100,100091,100,98668,100,100093,100,98518,100
2019-06-28 09:41:40.000000000,99917,224,99906,224,99935,224,99890,224,99943,324,99821,224,100021,324,99810,224,100028,100,99647,100,100069,100,99204,100,100078,100,98821,100,100079,100,98742,100,100091,100,98668,100,100093,100,98518,100
2019-06-28 09:41:47.473714457,99917,224,99906,124,99935,224,99890,224,99943,324,99821,224,100021,324,99810,224,100028,100,99647,100,100069,100,99204,100,100078,100,98821,100,100079,100,98742,100,100091,100,98668,100,100093,100,98518,100
2019-06-28 09:41:50.000000000,99917,224,99890,224,99935,224,99821,224,99943,324,99810,224,100021,324,99647,224,100028,100,99204,100,100069,100,98821,100,100078,100,98742,100,100079,100,98668,100,100091,100,98518,100,100093,100,98283,100
2019-06-28 09:42:00.000000000,99917,349,99890,349,99935,349,99821,349,99943,200,99810,100,100021,200,99647,100,100028,100,99204,100,100069,100,98821,100,100078,100,98742,100,100079,100,98668,100,100091,100,98518,100,100093,100,98283,100
2019-06-28 09:42:10.000000000,99917,598,99890,598,99935,100,99821,100,99943,200,99810,100,100021,200,99647,100,100028,100,99204,100,100069,100,98821,100,100078,100,98742,100,100079,100,98668,100,100091,100,98518,100,100093,100,98283,100
2019-06-28 09:42:20.000000000,99917,269,99890,269,99935,264,99821,264,99943,364,99810,264,100021,200,99647,100,100028,100,99204,100,100069,100,98821,100,100078,100,98742,100,100079,100,98668,100,100091,100,98518,100,100093,100,98283,100
2019-06-28 09:42:30.000000000,99917,598,99890,598,99935,100,99821,100,99943,200,99810,100,100021,200,99647,100,100028,100,99204,100,100069,100,98821,100,100078,100,98742,100,100079,100,98668,100,100091,100,98518,100,100093,100,98283,100
2019-06-28 09:42:39.099170202,99907,100,99890,598,99917,598,99821,100,99935,100,99810,100,99943,200,99647,100,100021,200,99204,100,100028,100,98821,100,100069,100,98742,100,100078,100,98668,100,100079,100,98518,100,100091,100,98283,100
2019-06-28 09:42:40.000000000,99907,269,99890,269,99917,264,99821,264,99935,264,99810,264,99943,200,99647,100,100021,200,99204,100,100028,100,98821,100,100069,100,98742,100,100078,100,98668,100,100079,100,98518,100,100091,100,98283,100
2019-06-28 09:42:40.964420474,99907,269,99890,169,99917,264,99821,264,99935,264,99810,264,99943,200,99647,100,100021,200,99204,100,100028,100,98821,100,100069,100,98742,100,100078,100,98668,100,100079,100,98283,100,100091,100,98246,100
2019-06-28 09:42:50.000000000,99907,349,99821,349,99917,349,99810,349,99935,100,99647,100,99943,200,99204,100,100021,200,98821,100,100028,100,98742,100,100069,100,98668,100,100078,100,98283,100,100079,100,98246,100,100091,100,98210,100
2019-06-28 09:43:00.000000000,99907,224,99821,224,99917,224,99810,224,99935,224,99647,224,99943,324,99204,224,100021,200,98821,100,100028,100,98742,100,100069,100,98668,100,100078,100,98283,100,100079,100,98246,100,100091,100,98210,100
2019-06-28 09:43:10.000000000,99907,224,99821,224,99917,224,99810,224,99935,224,99647,224,99943,324,99204,224,100021,200,98821,100,100028,100,98742,100,100069,100,98668,100,100078,100,98283,100,100079,100,98246,100,100091,100,98210,100
2019-06-28 09:43:20.000000000,99907,269,99821,269,99917,264,99810,264,99935,264,99647,264,99943,200,99204,100,100021,200,98821,100,100028,100,98742,100,100069,100,98668,100,100078,100,98283,100,100079,100,98246,100,100091,100,98210,100
2019-06-28 09:43:30.000000000,99907,200,99821,200,99917,200,99810,200,99935,200,99647,200,99943,300,99204,200,100021,300,98821,200,100028,100,98742,100,100069,100,98668,100,100078,100,98283,100,100079,100,98246,100,100091,100,98210,100
2019-06-28 09:43:40.000000000,99907,598,99821,598,99917,100,99810,100,99935,100,99647,100,99943,200,99204,100,100021,200,98821,100,100028,100,98742,100,100069,100,98668,100,100078,100,98283,100,100079,100,98246,100,100091,100,98210,100
2019-06-28 09:43:50.000000000,99907,269,99821,269,99917,264,99810,264,99935,264,99647,264,99943,200,99204,100,100021,200,98821,100,100028,100,98742,100,100069,100,98668,100,100078,100,98283,100,100079,100,98246,100,100091,100,98210,100
2019-06-28 09:44:00.000000000,99907,224,99821,224,99917,224,99810,224,99935,224,99647,224,99943,324,99204,224,100021,200,98821,100,100028,100,98742,100,100069,100,98668,100,100078,100,98283,100,100079,100,98246,100,100091,100,98210,100
2019-06-28 09:44:10.000000000,99907,349,99821,349,99917,349,99810,349,99935,100,99647,100,99943,200,99204,100,100021,200,98821,100,100028,100,98742,100,100069,100,98668,100,100078,100,98283,100,100079,100,98246,100,100091,100,98210,100
2019-06-28 09:44:20.000000000,99907,224,99821,224,99917,224,99810,224,99935,224,99647,224,99943,324,99204,224,100021,200,98821,100,100028,100,98742,100,100069,100,98668,100,100078,100,98283,100,100079,100,98246,100,100091,100,98210,100
2019-06-28 09:44:30.000000000,99907,598,99821,598,99917,100,99810,100,99935,100,99647,100,99943,200,99204,100,100021,200,98821,100,100028,100,98742,100,100069,100,98668,100,100078,100,98283,100,100079,100,98246,100,100091,100,98210,100
2019-06-28 09:44:40.000000000,99907,598,99821,598,99917,100,99810,100,99935,100,99647,100,99943,200,99204,100,100021,200,98821,100,100028,100,98742,100,100069,100,98668,100,100078,100,98283,100,100079,100,98246,100,100091,100,98210,100
2019-06-28 09:44:46.550691675,99907,598,99821,498,99917,100,99810,100,99935,100,99647,100,99943,200,99204,100,100021,200,98821,100,100028,100,98742,100,100069,100,98668,100,100078,100,98283,100,100079,100,98246,100,100091,100,98210,100
2019-06-28 09:44:50.000000000,99907,269,99810,269,99917,264,99647,264,99935,264,99204,264,99943,200,98821,100,100021,200,98742,100,100028,100,98668,100,100069,100,98283,100,100078,100,98246,100,100079,100,98210,100,100091,100,98146,100
2019-06-28 09:45:00.000000000,99907,349,99810,349,99917,349,99647,349,99935,100,99204,100,99943,200,98821,100,100021,200,98742,100,100028,100,98668,100,100069,100,98283,100,100078,100,98246,100,100079,100,98210,100,100091,100,98146,100
2019-06-28 09:45:10.000000000,99907,349,99810,349,99917,349,99647,349,99935,100,99204,100,99943,200,98821,100,100021,200,98742,100,100028,100,98668,100,100069,100,98283,100,100078,100,98246,100,100079,100,98210,100,100091,100,98146,100
2019-06-28 09:45:20.000000000,99907,349,99810,349,99917,349,99647,349,99935,100,99204,100,99943,200,98821,100,100021,200,98742,100,100028,100,98668,100,100069,100,98283,100,100078,100,98246,100,100079,100,98210,100,100091,100,98146,100
2019-06-28 09:45:30.000000000,99907,200,99810,200,99917,200,99647,200,99935,200,99204,200,99943,300,98821,200,100021,300,98742,200,100028,100,98668,100,100069,100,98283,100,100078,100,98246,100,100079,100,98210,100,100091,100,98146,100
2019-06-28 09:45:30.201533761,99890,100,99810,200,99907,200,99647,200,99917,200,99204,200,99935,200,98821,200,99943,300,98742,200,100021,300,98668,100,100028,100,98283,100,100069,100,98246,100,100078,100,98210,100,100091,100,98146,100
2019-06-28 09:45:36.548901006,99890,200,99810,200,99907,200,99647,200,99917,200,99204,200,99935,200,98821,200,99943,300,98742,200,100021,300,98668,100,100028,100,98283,100,100069,100,98246,100,100078,100,98210,100,100091,100,98146,100
2019-06-28 09:45:40.000000000,99890,449,99810,349,99907,349,99647,349,99917,100,99204,100,99935,100,98821,100,99943,200,98742,100,100021,200,98668,100,100028,100,98283,100,100069,100,98246,100,100078,100,98210,100,100091,100,98146,100
2019-06-28 09:45:50.000000000,99890,300,99810,200,99907,200,99647,200,99917,200,99204,200,99935,200,98821,200,99943,300,98742,200,100021,200,98668,100,100028,100,98283,100,100069,100,98246,100,100078,100,98210,100,100091,100,98146,100
2019-06-28 09:46:00.000000000,99890,300,99810,200,99907,200,99647,200,99917,200,99204,200,99935,200,98821,200,99943,300,98742,200,100021,200,98668,100,100028,100,98283,100,100069,100,98246,100,100078,100,98210,100,100091,100,98146,100
2019-06-28 09:46:10.000000000,99890,698,99810,598,99907,100,99647,100,99917,100,99204,100,99935,100,98821,100,99943,200,98742,100,100021,200,98668,100,100028,100,98283,100,100069,100,98246,100,100078,100,98210,100,100091,100,98146,100
2019-06-28 09:46:17.848744915,99890,698,99810,598,99907,100,99647,100,99917,100,99204,100,99935,100,98821,100,99943,200,98742,100,100021,200,98668,100,100028,100,98283,100,100069,100,98246,100,100078,100,98210,100,100091,100,98192,100
2019-06-28 09:46:20.000000000,99890,324,99810,224,99907,224,99647,224,99917,224,99204,224,99935,224,98821,224,99943,200,98742,100,100021,200,98668,100,100028,100,98283,100,100069,100,98246,100,100078,100,98210,100,100091,100,98192,100
2019-06-28 09:46:30.000000000,99890,449,99810,349,99907,349,99647,349,99917,100,99204,100,99935,100,98821,100,99943,200,98742,100,100021,200,98668,100,100028,100,98283,100,100069,100,98246,100,100078,100,98210,100,100091,100,98192,100
2019-06-28 09:46:40.000000000,99890,449,99810,349,99907,349,99647,349,99917,100,99204,100,99935,100,98821,100,99943,200,98742,100,100021,200,98668,100,100028,100,98283,100,100069,100,98246,100,100078,100,98210,100,100091,100,98192,100
2019-06-28 09:46:43.944533331,99890,349,99810,349,99907,349,99647,349,99917,100,99204,100,99935,100,98821,100,99943,200,98742,100,100021,200,98668,100,100028,100,98283,100,100069,100,98246,100,100078,100,98210,100,100091,100,98192,100
2019-06-28 09:46:50.000000000,99890,269,99810,269,99907,264,99647,264,99917,264,99204,264,99935,100,98821,100,99943,200,98742,100,100021,200,98668,100,100028,100,98283,100,100069,100,98246,100,100078,100,98210,100,100091,100,98192,100
2019-06-28 09:46:55.369632638,99890,269,99810,169,99907,264,99647,264,99917,264,99204,264,99935,100,98821,100,99943,200,98742,100,100021,200,98668,100,100028,100,98283,100,100069,100,98246,100,100078,100,98210,100,100091,100,98192,100
2019-06-28 09:47:00.000000000,99890,269,99647,269,99907,264,99204,264,99917,264,98821,264,99935,100,98742,100,99943,200,98668,100,100021,200,98283,100,100028,100,98246,100,100069,100,98210,100,100078,100,98192,100,100091,100,98146,100
2019-06-28 09:47:09.638497376,99890,269,99647,269,99907,264,99204,264,99917,264,98821,264,99935,100,98742,100,99943,200,98668,100,100021,200,98283,100,100028,100,98246,100,100069,100,98210,100,100078,100,98192,100,100091,100,98146,100
2019-06-28 09:47:10.000000000,99890,349,99647,349,99907,349,99204,349,99917,100,98821,100,99935,100,98742,100,99943,200,98668,100,100021,200,98283,100,100028,100,98246,100,100069,100,98210,100,100078,100,98192,100,100091,100,98146,100
2019-06-28 09:47:12.690177731,99890,349,99647,249,99907,349,99204,349,99917,100,98821,100,99935,100,98742,100,99943,200,98668,100,100021,200,98283,100,100028,100,98246,100,100069,100,98210,100,100078,100,98192,100,100091,100,98146,100
2019-06-28 09:47:17.917624905,99890,349,99647,149,99907,349,99204,249,99917,100,98821,100,99935,100,98742,100,99943,200,98668,100,100021,200,98283,100,100028,100,98246,100,100069,100,98210,100,100078,100,98192,100,100091,100,98146,100
2019-06-28 09:47:20.000000000,99890,224,98821,224,99907,224,98742,224,99917,224,98668,224,99935,224,98283,224,99943,200,98246,100,100021,200,98210,100,100028,100,98192,100,100069,100,98146,100,100078,100,97686,100,100091,100,,
2019-06-28 09:47:29.525209064,99890,224,98821,224,99907,224,98742,224,99917,224,98668,124,99935,224,98283,224,99943,200,98246,100,100021,200,98210,100,100028,100,98192,100,100069,100,98146,100,100078,100,97686,100,100091,100,97430,100
2019-06-28 09:47:30.000000000,99890,349,98821,349,99907,349,98742,349,99917,100,98283,100,99935,100,98246,100,99943,200,98210,100,100021,200,98192,100,100028,100,98146,100,100069,100,97686,100,100078,100,97430,100,100091,100,,
2019-06-28 09:47:40.000000000,99890,598,98821,598,99907,100,98742,100,99917,100,98283,100,99935,100,98246,100,99943,200,98210,100,100021,200,98192,100,100028,100,98146,100,100069,100,97686,100,100078,100,97430,100,100091,100,,
2019-06-28 09:47:50.000000000,99890,200,98821,200,99907,200,98742,200,99917,200,98283,200,99935,200,98246,200,99943,300,98210,200,100021,200,98192,100,100028,100,98146,100,100069,100,97686,100,100078,100,97430,100,100091,100,,
2019-06-28 09:48:00.000000000,99890,224,98821,224,99907,224,98742,224,99917,224,98283,224,99935,224,98246,224,99943,200,98210,100,100021,200,98192,100,100028,100,98146,100,100069,100,97686,100,100078,100,97430,100,100091,100,,
2019-06-28 09:48:10.000000000,99890,269,98821,269,99907,264,98742,264,99917,264,98283,264,99935,100,98246,100,99943,200,98210,100,100021,200,98192,100,100028,100,98146,100,100069,100,97686,100,100078,100,97430,100,100091,100,,
2019-06-28 09:48:20.000000000,99890,349,98821,349,99907,349,98742,349,99917,100,98283,100,99935,100,98246,100,99943,200,98210,100,100021,200,98192,100,100028,100,98146,100,100069,100,97686,100,100078,100,97430,100,100091,100,,
2019-06-28 09:48:30.000000000,99890,349,98821,349,99907,349,98742,349,99917,100,98283,100,99935,100,98246,100,99943,200,98210,100,100021,200,98192,100,100028,100,98146,100,100069,100,97686,100,100078,100,97430,100,100091,100,,
2019-06-28 09:48:40.000000000,99890,269,98821,269,99907,264,98742,264,99917,264,98283,264,99935,100,98246,100,99943,200,98210,100,100021,200,98192,100,100028,100,98146,100,100069,100,97686,100,100078,100,97430,100,100091,100,,
2019-06-28 09:48:50.000000000,99890,224,98821,224,99907,224,98742,224,99917,224,98283,224,99935,224,98246,224,99943,200,98210,100,100021,200,98192,100,100028,100,98146,100,100069,100,97686,100,100078,100,97430,100,100091,100,,
2019-06-28 09:49:00.000000000,99890,200,98821,200,99907,200,98742,200,99917,200,98283,200,99935,200,98246,200,99943,300,98210,200,100021,200,98192,100,100028,100,98146,100,100069,100,97686,100,100078,100,97430,100,100091,100,,
2019-06-28 09:49:01.942959909,99890,200,98821,200,99907,200,98742,200,99917,200,98283,200,99935,200,98246,200,99943,300,98210,200,100021,200,98192,100,100028,100,97686,100,100069,100,97562,100,100078,100,97430,100,100091,100,,
2019-06-28 09:49:10.000000000,99890,200,98821,200,99907,200,98742,200,99917,200,98283,200,99935,200,98246,200,99943,300,98210,200,100021,200,98192,100,100028,100,97686,100,100069,100,97562,100,100078,100,97430,100,100091,100,,
2019-06-28 09:49:20.000000000,99890,200,98821,200,99907,200,98742,200,99917,200,98283,200,99935,200,98246,200,99943,300,98210,200,100021,200,98192,100,100028,100,97686,100,100069,100,97562,100,100078,100,97430,100,100091,100,,
2019-06-28 09:49:24.413437008,99890,200,98821,200,99907,200,98742,200,99917,200,98283,200,99935,200,98246,200,99943,300,98210,200,100021,200,98192,100,100028,100,97686,100,100069,100,97613,100,100078,100,97562,100,100091,100,97430,100
2019-06-28 09:49:28.907168754,99890,200,98821,100,99907,200,98742,200,99917,200,98283,200,99935,200,98246,200,99943,300,98210,200,100021,200,98192,100,100028,100,97686,100,100069,100,97613,100,100078,100,97562,100,100091,100,97430,100
2019-06-28 09:49:30.000000000,99890,349,98742,349,99907,349,98283,349,99917,100,98246,100,99935,100,98210,100,99943,200,98192,100,100021,200,97686,100,100028,100,97613,100,100069,100,97562,100,100078,100,97430,100,100091,100,,
2019-06-28 09:49:40.000000000,99890,349,98742,349,99907,349,98283,349,99917,100,98246,100,99935,100,98210,100,99943,200,98192,100,100021,200,97686,100,100028,100,97613,100,100069,100,97562,100,100078,100,97430,100,100091,100,,
2019-06-28 09:49:50.000000000,99890,349,98742,349,99907,349,98283,349,99917,100,98246,100,99935,100,98210,100,99943,200,98192,100,100021,200,97686,100,100028,100,97613,100,100069,100,97562,100,100078,100,97430,100,100091,100,,
2019-06-28 09:50:00.000000000,99890,269,98742,269,99907,264,98283,264,99917,264,98246,264,99935,100,98210,100,99943,200,98192,100,100021,200,97686,100,100028,100,97613,100,100069,100,97562,100,100078,100,97430,100,100091,100,,
2019-06-28 09:50:07.162272844,99890,269,98742,269,99907,264,98283,264,99917,264,98246,264,99935,100,98210,100,99943,200,98192,100,100021,200,97686,100,100028,100,97613,100,100069,100,97562,100,100078,100,97430,100,100091,100,97246,100
2019-06-28 09:50:10.000000000,99890,598,98742,598,99907,100,98283,100,99917,100,98246,100,99935,100,98210,100,99943,200,98192,100,100021,200,97686,100,100028,100,97613,100,100069,100,97562,100,100078,100,97430,100,100091,100,97246,100
2019-06-28 09:50:10.549339372,99890,598,98742,498,99907,100,98283,100,99917,100,98246,100,99935,100,98210,100,99943,200,98192,100,100021,200,97686,100,100028,100,97613,100,100069,100,97562,100,100091,100,97430,100,100098,100,97246,100
2019-06-28 09:50:20.000000000,99890,224,98283,224,99907,224,98246,224,99917,224,98210,224,99935,224,98192,224,99943,200,97686,100,100021,200,97613,100,100028,100,97562,100,100069,100,97430,100,100091,100,97246,100,100098,100,,
2019-06-28 09:50:29.042271143,99890,224,98283,224,99907,224,98246,224,99917,224,98210,224,99935,224,98192,224,99943,200,97686,100,100021,200,97613,100,100028,100,97562,100,100069,100,97430,100,100091,100,97318,100,100098,100,97246,100
2019-06-28 09:50:30.000000000,99890,269,98283,269,99907,264,98246,264,99917,264,98210,264,99935,100,98192,100,99943,200,97686,100,100021,200,97613,100,100028,100,97562,100,100069,100,97430,100,100091,100,97318,100,100098,100,97246,100
2019-06-28 09:50:40.000000000,99890,224,98283,224,99907,224,98246,224,99917,224,98210,224,99935,224,98192,224,99943,200,97686,100,100021,200,97613,100,100028,100,97562,100,100069,100,97430,100,100091,100,97318,100,100098,100,97246,100
2019-06-28 09:50:42.793458143,99890,224,98283,124,99907,224,98246,224,99917,224,98210,224,99935,224,98192,224,99943,200,97686,100,100021,200,97613,100,100028,100,97562,100,100069,100,97430,100,100091,100,97318,100,100098,100,97246,100
2019-06-28 09:50:48.727330302,99890,224,98283,24,99907,224,98246,224,99917,224,98210,224,99935,224,98192,224,99943,200,97686,100,100021,200,97613,100,100028,100,97562,100,100069,100,97430,100,100091,100,97318,100,100098,100,97246,100
2019-06-28 09:50:50.000000000,99890,269,98246,269,99907,264,98210,264,99917,264,98192,264,99935,100,97686,100,99943,200,97613,100,100021,200,97562,100,100028,100,97430,100,100069,100,97318,100,100091,100,97246,100,100098,100,,
2019-06-28 09:50:58.569808619,99890,269,98246,169,99907,264,98210,264,99917,264,98192,264,99935,100,97686,100,99943,200,97562,100,100021,200,97430,100,100028,100,97318,100,100069,100,97246,100,100091,100,,,100098,100,,
2019-06-28 09:51:00.000000000,99890,200,98210,200,99907,200,98192,200,99917,200,97686,200,99935,200,97562,200,99943,300,97430,200,100021,200,97318,100,100028,100,97246,100,100069,100,,,100091,100,,,100098,100,,
2019-06-28 09:51:03.525827404,99890,200,98210,200,99907,200,98192,200,99917,200,97686,200,99935,200,97562,200,99943,300,97430,200,100021,200,97318,100,100028,100,97246,100,100069,100,97196,100,100091,100,,,100098,100,,
2019-06-28 09:51:10.000000000,99890,269,98210,269,99907,264,98192,264,99917,264,97686,264,99935,100,97562,100,99943,200,97430,100,100021,200,97318,100,100028,100,97246,100,100069,100,97196,100,100091,100,,,100098,100,,
2019-06-28 09:51:15.124795957,99890,269,98210,269,99907,264,98192,264,99917,264,97686,264,99935,100,97430,100,99943,200,97415,100,100021,200,97318,100,100028,100,97246,100,100069,100,97196,100,100091,100,,,100098,100,,
2019-06-28 09:51:18.099992909,99890,269,98210,269,99907,264,98192,264,99917,264,97686,264,99935,100,97430,100,99943,200,97415,100,100021,200,97325,100,100028,100,97318,100,100069,100,97246,100,100091,100,97196,100,100098,100,,
2019-06-28 09:51:20.000000000,99890,598,98210,598,99907,100,98192,100,99917,100,97686,100,99935,100,97430,100,99943,200,97415,100,100021,200,97325,100,100028,100,97318,100,100069,100,97246,100,100091,100,97196,100,100098,100,,
2019-06-28 09:51:30.000000000,99890,349,98210,349,99907,349,98192,349,99917,100,97686,100,99935,100,97430,100,99943,200,97415,100,100021,200,97325,100,100028,100,97318,100,100069,100,97246,100,100091,100,97196,100,100098,100,,
2019-06-28 09:51:40.000000000,99890,349,98210,349,99907,349,98192,349,99917,100,97686,100,99935,100,97430,100,99943,200,97415,100,100021,200,97325,100,100028,100,97318,100,100069,100,97246,100,100091,100,97196,100,100098,100,,
2019-06-28 09:51:44.153710912,99890,349,98210,349,99907,349,98192,349,99917,100,97799,100,99935,100,97686,100,99943,200,97430,100,100021,200,97415,100,100028,100,97325,100,100069,100,97318,100,100091,100,97246,100,100098,100,97196,100
2019-06-28 09:51:50.000000000,99890,598,98210,598,99907,100,98192,100,99917,100,97799,100,99935,100,97686,100,99943,200,97430,100,100021,200,97415,100,100028,100,97325,100,100069,100,97318,100,100091,100,97246,100,100098,100,97196,100
2019-06-28 09:52:00.000000000,99890,349,98210,349,99907,349,98192,349,99917,100,97799,100,99935,100,97686,100,99943,200,97430,100,100021,200,97415,100,100028,100,97325,100,100069,100,97318,100,100091,100,97246,100,100098,100,97196,100
2019-06-28 09:52:00.296694323,99890,349,98210,349,99907,349,98192,349,99917,100,97938,100,99935,100,97799,100,99943,200,97686,100,100021,200,97430,100,100028,100,97415,100,100069,100,97325,100,100091,100,97318,100,100098,100,97246,100
2019-06-28 09:52:10.000000000,99890,224,98210,224,99907,224,98192,224,99917,224,97938,224,99935,224,97799,224,99943,200,97686,100,100021,200,97430,100,100028,100,97415,100,100069,100,97325,100,100091,100,97318,100,100098,100,97246,100
2019-06-28 09:52:12.695455521,98283,100,98210,224,99890,224,98192,224,99907,224,97938,224,99917,224,97799,224,99935,224,97686,100,99943,200,97430,100,100021,200,97415,100,100028,100,97325,100,100069,100,97318,100,100091,100,97246,100
2019-06-28 09:52:15.621959694,98283,100,98210,224,98407,100,98192,224,99890,224,97938,224,99907,224,97799,224,99917,224,97686,100,99935,224,97430,100,99943,200,97415,100,100021,200,97325,100,100028,100,97318,100,100069,100,97246,100
2019-06-28 09:52:20.000000000,98283,224,98210,224,98407,224,98192,224,99890,224,97938,224,99907,224,97799,224,99917,100,97686,100,99935,100,97430,100,99943,200,97415,100,100021,200,97325,100,100028,100,97318,100,100069,100,97246,100
2019-06-28 09:52:30.000000000,98283,269,98210,269,98407,264,98192,264,99890,264,97938,264,99907,100,97799,100,99917,100,97686,100,99935,100,97430,100,99943,200,97415,100,100021,200,97325,100,100028,100,97318,100,100069,100,97246,100
2019-06-28 09:52:40.000000000,98283,349,98210,349,98407,349,98192,349,99890,100,97938,100,99907,100,97799,100,99917,100,97686,100,99935,100,97430,100,99943,200,97415,100,100021,200,97325,100,100028,100,97318,100,100069,100,97246,100
2019-06-28 09:52:50.000000000,98283,598,98210,598,98407,100,98192,100,99890,100,97938,100,99907,100,97799,100,99917,100,97686,100,99935,100,97430,100,99943,200,97415,100,100021,200,97325,100,100028,100,97318,100,100069,100,97246,100
2019-06-28 09:52:52.992905450,98283,498,98210,598,98407,100,98192,100,99890,100,97938,100,99907,100,97799,100,99917,100,97686,100,99935,100,97430,100,99943,200,97415,100,100021,200,97325,100,100028,100,97318,100,100069,100,97246,100
2019-06-28 09:53:00.000000000,98407,349,98210,349,99890,349,98192,349,99907,100,97938,100,99917,100,97799,100,99935,100,97686,100,99943,200,97430,100,100021,200,97415,100,100028,100,97325,100,100069,100,97318,100,100091,100,97246,100
2019-06-28 09:53:05.126726812,98407,349,98247,100,99890,349,98210,349,99917,100,98192,349,99935,100,97938,100,99943,200,97799,100,100021,200,97686,100,100028,100,97430,100,100069,100,97415,100,100091,100,97325,100,100098,100,97318,100
2019-06-28 09:53:09.493370602,98407,349,98247,100,98864,100,98210,349,99890,349,98192,349,99917,100,97938,100,99935,100,97799,100,99943,200,97686,100,100021,200,97430,100,100028,100,97415,100,100069,100,97325,100,100091,100,97318,100
2019-06-28 09:53:10.000000000,98407,598,98247,598,98864,100,98210,100,99890,100,98192,100,99917,100,97938,100,99935,100,97799,100,99943,200,97686,100,100021,200,97430,100,100028,100,97415,100,100069,100,97325,100,100091,100,97318,100
2019-06-28 09:53:20.000000000,98407,269,98247,269,98864,264,98210,264,99890,264,98192,264,99917,100,97938,100,99935,100,97799,100,99943,200,97686,100,100021,200,97430,100,100028,100,97415,100,100069,100,97325,100,100091,100,97318,100
2019-06-28 09:53:30.000000000,98407,224,98247,224,98864,224,98210,224,99890,224,98192,224,99917,224,97938,224,99935,100,97799,100,99943,200,97686,100,100021,200,97430,100,100028,100,97415,100,100069,100,97325,100,100091,100,97318,100
2019-06-28 09:53:40.000000000,98407,224,98247,224,98864,224,98210,224,99890,224,98192,224,99917,224,97938,224,99935,100,97799,100,99943,200,97686,100,100021,200,97430,100,100028,100,97415,100,100069,100,97325,100,100091,100,97318,100
2019-06-28 09:53:40.570347307,98407,224,98247,324,98864,224,98210,224,99890,224,98192,224,99917,224,97938,224,99935,100,97799,100,99943,200,97686,100,100021,200,97430,100,100028,100,97415,100,100069,100,97325,100,100091,100,97318,100
2019-06-28 09:53:41.224908557,98407,224,98247,324,98570,100,98210,224,98864,224,98192,224,99890,224,97938,224,99917,224,97799,100,99935,100,97686,100,99943,200,97430,100,100021,200,97415,100,100028,100,97325,100,100069,100,97318,100
2019-06-28 09:53:50.000000000,98407,598,98247,698,98570,100,98210,100,98864,100,98192,100,99890,100,97938,100,99917,100,97799,100,99935,100,97686,100,99943,200,97430,100,100021,200,97415,100,100028,100,97325,100,100069,100,97318,100
2019-06-28 09:53:59.470680540,98407,598,98247,698,98563,100,98210,100,98570,100,98192,100,98864,100,97938,100,99890,100,97799,100,99917,100,97686,100,99935,100,97430,100,99943,200,97415,100,100021,200,97325,100,100028,100,97318,100
2019-06-28 09:54:00.000000000,98407,200,98247,300,98563,200,98210,200,98570,200,98192,200,98864,200,97938,200,99890,200,97799,200,99917,100,97686,100,99935,100,97430,100,99943,200,97415,100,100021,200,97325,100,100028,100,97318,100
2019-06-28 09:54:10.000000000,98407,349,98247,449,98563,349,98210,349,98570,100,98192,100,98864,100,97938,100,99890,100,97799,100,99917,100,97686,100,99935,100,97430,100,99943,200,97415,100,100021,200,97325,100,100028,100,97318,100
2019-06-28 09:54:12.618492275,98407,249,98247,449,98563,349,98210,349,98570,100,98192,100,98864,100,97938,100,99890,100,97799,100,99917,100,97686,100,99935,100,97430,100,99943,200,97415,100,100021,200,97325,100,100028,100,97318,100
2019-06-28 09:54:20.000000000,98563,269,98247,369,98570,264,98210,264,98864,264,98192,264,99890,100,97938,100,99917,100,97799,100,99935,100,97686,100,99943,200,97430,100,100021,200,97415,100,100028,100,97325,100,100069,100,97318,100
2019-06-28 09:54:30.000000000,98563,349,98247,449,98570,349,98210,349,98864,100,98192,100,99890,100,97938,100,99917,100,97799,100,99935,100,97686,100,99943,200,97430,100,100021,200,97415,100,100028,100,97325,100,100069,100,97318,100
2019-06-28 09:54:38.544821884,98563,349,98247,449,98570,349,98210,349,98726,100,98192,100,98864,100,97938,100,99890,100,97799,100,99917,100,97686,100,99935,100,97430,100,99943,200,97415,100,100021,200,97325,100,100069,100,97318,100
2019-06-28 09:54:40.000000000,98563,269,98247,369,98570,264,98210,264,98726,264,98192,264,98864,100,97938,100,99890,100,97799,100,99917,100,97686,100,99935,100,97430,100,99943,200,97415,100,100021,200,97325,100,100069,100,97318,100
2019-06-28 09:54:41.240600421,98563,269,98247,369,98570,164,98210,264,98726,264,98192,264,98804,100,97938,100,98864,100,97799,100,99890,100,97686,100,99917,100,97430,100,99935,100,97415,100,99943,200,97325,100,100021,200,97318,100
2019-06-28 09:54:50.000000000,98563,224,98247,324,98726,224,98210,224,98804,224,98192,224,98864,224,97938,224,99890,100,97799,100,99917,100,97686,100,99935,100,97430,100,99943,200,97415,100,100021,200,97325,100,100069,100,97318,100
2019-06-28 09:54:58.419738521,98563,224,98247,324,98726,124,98210,224,98804,224,98192,224,98864,224,97938,224,98933,100,97799,100,99890,100,97686,100,99917,100,97430,100,99935,100,97415,100,99943,200,97325,100,100021,200,97318,100
2019-06-28 09:55:00.000000000,98563,224,98247,324,98804,224,98210,224,98864,224,98192,224,98933,224,97938,224,99890,100,97799,100,99917,100,97686,100,99935,100,97430,100,99943,200,97415,100,100021,200,97325,100,100069,100,97318,100
2019-06-28 09:55:04.121969781,98563,124,98247,324,98804,224,98210,224,98864,224,98192,224,98933,224,97938,224,99890,100,97799,100,99917,100,97686,100,99935,100,97430,100,99943,200,97415,100,100021,200,97325,100,100069,100,97318,100
2019-06-28 09:55:09.126637857,98563,124,98247,324,98599,100,98210,224,98804,224,98192,124,98864,224,97938,224,98933,224,97799,100,99890,100,97686,100,99917,100,97430,100,99935,100,97415,100,99943,200,97325,100,100021,200,97318,100
2019-06-28 09:55:10.000000000,98599,269,98247,369,98804,264,98210,264,98864,264,97938,264,98933,100,97799,100,99890,100,97686,100,99917,100,97430,100,99935,100,97415,100,99943,200,97325,100,100021,200,97318,100,100069,100,97246,100
2019-06-28 09:55:17.843288320,98599,169,98247,369,98804,264,98210,264,98864,264,97938,264,98933,100,97799,100,99890,100,97686,100,99917,100,97430,100,99935,100,97415,100,99943,200,97325,100,100021,200,97318,100,100069,100,97246,100
2019-06-28 09:55:20.000000000,98804,224,98247,324,98864,224,98210,224,98933,224,97938,224,99890,224,97799,224,99917,100,97686,100,99935,100,97430,100,99943,200,97415,100,100021,200,97325,100,100069,100,97318,100,100091,100,97246,100
2019-06-28 09:55:30.000000000,98804,349,98247,449,98864,349,98210,349,98933,100,97938,100,99890,100,97799,100,99917,100,97686,100,99935,100,97430,100,99943,200,97415,100,100021,200,97325,100,100069,100,97318,100,100091,100,97246,100
2019-06-28 09:55:40.000000000,98804,598,98247,698,98864,100,98210,100,98933,100,97938,100,99890,100,97799,100,99917,100,97686,100,99935,100,97430,100,99943,200,97415,100,100021,200,97325,100,100069,100,97318,100,100091,100,97246,100
2019-06-28 09:55:50.000000000,98804,224,98247,324,98864,224,98210,224,98933,224,97938,224,99890,224,97799,224,99917,100,97686,100,99935,100,97430,100,99943,200,97415,100,100021,200,97325,100,100069,100,97318,100,100091,100,97246,100
2019-06-28 09:55:50.026559984,98804,224,98754,100,98864,224,98247,324,98933,224,98210,224,99890,224,97938,224,99917,100,97799,224,99935,100,97686,100,99943,200,97430,100,100021,200,97415,100,100069,100,97325,100,100091,100,97318,100
2019-06-28 09:56:00.000000000,98804,269,98754,269,98864,264,98247,364,98933,264,98210,264,99890,100,97938,100,99917,100,97799,100,99935,100,97686,100,99943,200,97430,100,100021,200,97415,100,100069,100,97325,100,100091,100,97318,100
2019-06-28 09:56:08.524363414,98804,169,98754,269,98864,264,98247,364,98933,264,98210,264,99890,100,97938,100,99917,100,97799,100,99935,100,97686,100,99943,200,97430,100,100021,200,97415,100,100069,100,97325,100,100091,100,97318,100
2019-06-28 09:56:10.000000000,98864,200,98754,200,98933,200,98247,300,99890,200,98210,200,99917,200,97938,200,99935,200,97799,200,99943,200,97686,100,100021,200,97430,100,100069,100,97415,100,100091,100,97325,100,100098,100,97318,100
2019-06-28 09:56:14.536763733,98864,200,98754,200,98933,200,98247,300,99434,100,98210,200,99890,200,97938,200,99917,200,97799,200,99935,200,97686,100,99943,200,97430,100,100021,200,97415,100,100069,100,97325,100,100091,100,97318,100
2019-06-28 09:56:19.900868312,98864,100,98754,200,98933,200,98247,300,99434,100,98210,200,99890,200,97938,200,99917,200,97799,200,99935,200,97686,100,99943,200,97430,100,100021,200,97415,100,100069,100,97325,100,100091,100,97318,100
2019-06-28 09:56:20.000000000,98933,224,98754,224,99434,224,98247,324,99890,224,98210,224,99917,224,97938,224,99935,100,97799,100,99943,200,97686,100,100021,200,97430,100,100069,100,97415,100,100091,100,97325,100,100098,100,97318,100
2019-06-28 09:56:21.457321906,98933,224,98754,224,99434,224,98247,324,99437,100,98210,224,99890,224,97938,224,99917,224,97799,100,99935,100,97686,100,99943,200,97430,100,100021,200,97415,100,100069,100,97325,100,100091,100,97318,100
2019-06-28 09:56:30.000000000,98933,200,98754,200,99434,200,98247,300,99437,200,98210,200,99890,200,97938,200,99917,200,97799,200,99935,100,97686,100,99943,200,97430,100,100021,200,97415,100,100069,100,97325,100,100091,100,97318,100
2019-06-28 09:56:37.819552799,98933,200,98754,200,99270,100,98247,300,99434,200,98210,200,99437,200,97938,200,99890,200,97799,200,99917,200,97686,100,99935,100,97430,100,99943,200,97415,100,100021,200,97325,100,100069,100,97318,100
2019-06-28 09:56:40.000000000,98933,269,98754,269,99270,264,98247,364,99434,264,98210,264,99437,100,97938,100,99890,100,97799,100,99917,100,97686,100,99935,100,97430,100,99943,200,97415,100,100021,200,97325,100,100069,100,97318,100
2019-06-28 09:56:43.217802433,98933,269,98804,100,99270,264,98754,269,99434,264,98247,364,99437,100,98210,264,99890,100,97938,100,99917,100,97799,100,99935,100,97686,100,99943,200,97430,100,100021,200,97415,100,100069,100,97325,100
2019-06-28 09:56:49.806521900,98933,269,98804,200,99270,264,98754,269,99434,264,98247,364,99437,100,98210,264,99890,100,97938,100,99917,100,97799,100,99935,100,97686,100,99943,200,97430,100,100021,200,97415,100,100091,100,97325,100
2019-06-28 09:56:50.000000000,98933,349,98804,449,99270,349,98754,349,99434,100,98247,200,99437,100,98210,100,99890,100,97938,100,99917,100,97799,100,99935,100,97686,100,99943,200,97430,100,100021,200,97415,100,100091,100,97325,100
2019-06-28 09:56:51.656908853,98933,349,98804,449,99270,349,98754,349,99356,100,98247,200,99434,100,98210,100,99437,100,97938,100,99890,100,97799,100,99917,100,97686,100,99935,100,97430,100,99943,200,97415,100,100021,200,97325,100
2019-06-28 09:56:52.629918455,98933,349,98804,449,99175,100,98754,349,99270,349,98247,200,99356,100,98210,100,99434,100,97938,100,99437,100,97799,100,99890,100,97686,100,99917,100,97430,100,99935,100,97415,100,99943,200,97325,100
2019-06-28 09:56:55.251655618,98933,349,98804,449,99175,100,98754,349,99270,349,98247,200,99356,100,98210,100,99394,100,97938,100,99434,100,97799,100,99437,100,97686,100,99890,100,97430,100,99917,100,97415,100,99935,100,97325,100
2019-06-28 09:56:58.268789452,98933,249,98804,449,99175,100,98754,349,99270,349,98247,200,99356,100,98210,100,99394,100,97938,100,99434,100,97799,100,99437,100,97686,100,99890,100,97430,100,99917,100,97415,100,99935,100,97325,100
2019-06-28 09:57:00.000000000,99175,200,98804,300,99270,200,98754,200,99356,200,98247,300,99394,200,98210,200,99434,200,97938,200,99437,100,97799,100,99890,100,97686,100,99917,100,97430,100,99935,100,97415,100,99943,200,97325,100
2019-06-28 09:57:10.000000000,99175,269,98804,369,99270,264,98754,264,99356,264,98247,364,99394,100,98210,100,99434,100,97938,100,99437,100,97799,100,99890,100,97686,100,99917,100,97430,100,99935,100,97415,100,99943,200,97325,100
2019-06-28 09:57:13.963435257,99175,269,98804,369,99230,100,98754,264,99270,264,98247,364,99356,264,98210,100,99394,100,97938,100,99434,100,97799,100,99437,100,97686,100,99890,100,97430,100,99917,100,97415,100,99935,100,97325,100
2019-06-28 09:57:18.344982819,99175,269,98804,369,99190,100,98754,164,99230,100,98247,364,99270,264,98210,100,99356,264,97938,100,99394,100,97799,100,99434,100,97686,100,99437,100,97430,100,99890,100,97415,100,99917,100,97325,100
2019-06-28 09:57:20.000000000,99175,598,98804,698,99190,100,98247,200,99230,100,98210,100,99270,100,97938,100,99356,100,97799,100,99394,100,97686,100,99434,100,97430,100,99437,100,97415,100,99890,100,97325,100,99917,100,97246,100
2019-06-28 09:57:24.650358838,99175,598,98804,698,99190,100,98247,200,99230,100,98210,100,99270,100,97938,100,99313,100,97799,100,99356,100,97686,100,99394,100,97430,100,99434,100,97415,100,99437,100,97325,100,99890,100,97246,100
2019-06-28 09:57:24.813490540,99175,598,98864,100,99190,100,98804,698,99230,100,98247,200,99270,100,98210,100,99313,100,97938,100,99356,100,97799,100,99394,100,97686,100,99434,100,97430,100,99437,100,97415,100,99890,100,97325,100
2019-06-28 09:57:25.449847349,99175,598,98864,100,99190,100,98804,698,99230,100,98247,200,99270,100,98210,100,99313,100,97938,100,99329,100,97799,100,99356,100,97686,100,99394,100,97430,100,99434,100,97415,100,99437,100,97325,100
2019-06-28 09:57:25.488402121,99175,598,99162,100,99190,100,98864,100,99230,100,98804,698,99270,100,98247,200,99313,100,98210,100,99329,100,97938,100,99356,100,97799,100,99394,100,97686,100,99434,100,97430,100,99437,100,97415,100
2019-06-28 09:57:26.392131594,99175,598,99162,100,99190,100,98864,100,99210,100,98804,698,99230,100,98247,200,99270,100,98210,100,99313,100,97938,100,99329,100,97799,100,99356,100,97686,100,99394,100,97430,100,99434,100,97415,100
2019-06-28 09:57:30.000000000,99175,269,99162,269,99190,264,98864,264,99210,264,98804,364,99230,100,98247,200,99270,100,98210,100,99313,100,97938,100,99329,100,97799,100,99356,100,97686,100,99394,100,97430,100,99434,100,97415,100
2019-06-28 09:57:40.000000000,99175,200,99162,200,99190,200,98864,200,99210,200,98804,300,99230,200,98247,300,99270,200,98210,200,99313,100,97938,100,99329,100,97799,100,99356,100,97686,100,99394,100,97430,100,99434,100,97415,100
2019-06-28 09:57:40.872020127,99175,200,99162,200,99190,200,98864,300,99210,200,98804,300,99230,200,98247,300,99270,200,98210,200,99313,100,97938,100,99329,100,97799,100,99356,100,97686,100,99394,100,97430,100,99434,100,97415,100
2019-06-28 09:57:50.000000000,99175,349,99162,349,99190,349,98864,449,99210,100,98804,200,99230,100,98247,200,99270,100,98210,100,99313,100,97938,100,99329,100,97799,100,99356,100,97686,100,99394,100,97430,100,99434,100,97415,100
2019-06-28 09:58:00.000000000,99175,224,99162,224,99190,224,98864,324,99210,224,98804,324,99230,224,98247,324,99270,100,98210,100,99313,100,97938,100,99329,100,97799,100,99356,100,97686,100,99394,100,97430,100,99434,100,97415,100
2019-06-28 09:58:00.239790313,99175,224,99162,224,99190,224,98864,324,99210,224,98804,324,99230,224,98247,324,99270,100,98210,100,99313,100,97938,100,99329,100,97799,100,99344,100,97686,100,99356,100,97430,100,99394,100,97415,100
2019-06-28 09:58:10.000000000,99175,349,99162,349,99190,349,98864,449,99210,100,98804,200,99230,100,98247,200,99270,100,98210,100,99313,100,97938,100,99329,100,97799,100,99344,100,97686,100,99356,100,97430,100,99394,100,97415,100
2019-06-28 09:58:20.000000000,99175,200,99162,200,99190,200,98864,300,99210,200,98804,300,99230,200,98247,300,99270,200,98210,200,99313,100,97938,100,99329,100,97799,100,99344,100,97686,100,99356,100,97430,100,99394,100,97415,100
2019-06-28 09:58:30.000000000,99175,349,99162,349,99190,349,98864,449,99210,100,98804,200,99230,100,98247,200,99270,100,98210,100,99313,100,97938,100,99329,100,97799,100,99344,100,97686,100,99356,100,97430,100,99394,100,97415,100
2019-06-28 09:58:34.575733534,99175,349,99162,349,99190,349,98864,549,99210,100,98804,200,99230,100,98247,200,99270,100,98210,100,99313,100,97938,100,99329,100,97799,100,99344,100,97686,100,99356,100,97430,100,99394,100,97415,100
2019-06-28 09:58:40.000000000,99175,200,99162,200,99190,200,98864,400,99210,200,98804,300,99230,200,98247,300,99270,200,98210,200,99313,100,97938,100,99329,100,97799,100,99344,100,97686,100,99356,100,97430,100,99394,100,97415,100
2019-06-28 09:58:50.000000000,99175,224,99162,224,99190,224,98864,424,99210,224,98804,324,99230,224,98247,324,99270,100,98210,100,99313,100,97938,100,99329,100,97799,100,99344,100,97686,100,99356,100,97430,100,99394,100,97415,100
2019-06-28 09:59:00.000000000,99175,598,99162,598,99190,100,98864,300,99210,100,98804,200,99230,100,98247,200,99270,100,98210,100,99313,100,97938,100,99329,100,97799,100,99344,100,97686,100,99356,100,97430,100,99394,100,97415,100
2019-06-28 09:59:04.353455920,99175,498,99162,598,99190,100,98864,300,99210,100,98804,200,99270,100,98247,200,99313,100,98210,100,99329,100,97938,100,99344,100,97799,100,99356,100,97686,100,99394,100,97430,100,99434,100,97415,100
2019-06-28 09:59:10.000000000,99190,200,99162,200,99210,200,98864,400,99270,200,98804,300,99313,200,98247,300,99329,200,98210,200,99344,100,97938,100,99356,100,97799,100,99394,100,97686,100,99434,100,97430,100,99437,100,97415,100
2019-06-28 09:59:20.000000000,99190,200,99162,200,99210,200,98864,400,99270,200,98804,300,99313,200,98247,300,99329,200,98210,200,99344,100,97938,100,99356,100,97799,100,99394,100,97686,100,99434,100,97430,100,99437,100,97415,100
2019-06-28 09:59:21.043636626,99190,200,99163,100,99210,200,99162,200,99270,200,98864,400,99313,200,98804,300,99329,200,98247,300,99344,100,98210,200,99356,100,97938,100,99394,100,97799,100,99434,100,97686,100,99437,100,97430,100
2019-06-28 09:59:30.000000000,99190,200,99163,200,99210,200,99162,200,99270,200,98864,400,99313,200,98804,300,99329,200,98247,300,99344,100,98210,100,99356,100,97938,100,99394,100,97799,100,99434,100,97686,100,99437,100,97430,100
2019-06-28 09:59:31.805813578,99190,200,99163,200,99210,200,99162,200,99270,200,98864,400,99313,200,98804,300,99329,200,98247,300,99344,100,98210,100,99356,100,97938,100,99394,100,97799,100,99434,100,97686,100,99437,100,97430,100
2019-06-28 09:59:40.000000000,99190,269,99163,269,99210,264,99162,264,99270,264,98864,464,99313,100,98804,200,99329,100,98247,200,99344,100,98210,100,99356,100,97938,100,99394,100,97799,100,99434,100,97686,100,99437,100,97430,100
2019-06-28 09:59:41.925586714,99190,269,99163,269,99210,264,99162,264,99270,264,98864,464,99313,100,98804,100,99329,100,98247,200,99344,100,98210,100,99356,100,97938,100,99394,100,97799,100,99434,100,97686,100,99437,100,97430,100
2019-06-28 09:59:50.000000000,99190,200,99163,200,99210,200,99162,200,99270,200,98864,400,99313,200,98804,200,99329,200,98247,300,99344,100,98210,100,99356,100,97938,100,99394,100,97799,100,99434,100,97686,100,99437,100,97430,100
2019-06-28 09:59:55.851312638,99190,200,99163,200,99210,200,99162,200,99270,200,98864,400,99313,200,98804,200,99329,200,98247,300,99344,100,98210,100,99356,100,97938,100,99394,100,97799,100,99434,100,97686,100,99437,100,97430,100
2019-06-28 09:59:58.313862433,99190,200,99163,200,99210,200,99162,200,99270,200,98864,400,99313,200,98804,200,99329,200,98247,300,99344,100,98210,100,99356,100,97938,100,99394,100,97799,100,99434,100,97686,100,99437,100,97430,100
2019-06-28 10:00:00.000000000,99190,349,99163,349,99210,349,99162,349,99270,100,98864,300,99313,100,98804,100,99329,100,98247,200,99344,100,98210,100,99356,100,97938,100,99394,100,97799,100,99434,100,97686,100,99437,100,97430,100
2019-06-28 10:00:10.000000000,99190,224,99163,224,99210,224,99162,224,99270,224,98864,424,99313,224,98804,224,99329,100,98247,200,99344,100,98210,100,99356,100,97938,100,99394,100,97799,100,99434,100,97686,100,99437,100,97430,100
2019-06-28 10:00:20.000000000,99190,269,99163,269,99210,264,99162,264,99270,264,98864,464,99313,100,98804,100,99329,100,98247,200,99344,100,98210,100,99356,100,97938,100,99394,100,97799,100,99434,100,97686,100,99437,100,97430,100
2019-06-28 10:00:22.620302623,99190,269,99163,269,99210,264,99162,264,99270,264,98864,464,99329,100,98804,100,99344,100,98782,100,99356,100,98247,200,99394,100,98210,100,99434,100,97938,100,99437,100,97799,100,99485,100,97686,100
2019-06-28 10:00:30.000000000,99190,349,99163,349,99210,349,99162,349,99270,100,98864,300,99329,100,98804,100,99344,100,98782,100,99356,100,98247,200,99394,100,98210,100,99434,100,97938,100,99437,100,97799,100,99485,100,97686,100
2019-06-28 10:00:30.119883351,99190,349,99163,349,99210,349,99162,349,99270,100,98883,100,99329,100,98864,300,99344,100,98804,100,99356,100,98247,200,99394,100,98210,100,99434,100,97938,100,99437,100,97799,100,99485,100,97686,100
2019-06-28 10:00:40.000000000,99190,349,99163,349,99210,349,99162,349,99270,100,98883,100,99329,100,98864,300,99344,100,98804,100,99356,100,98247,200,99394,100,98210,100,99434,100,97938,100,99437,100,97799,100,99485,100,97686,100
2019-06-28 10:00:50.000000000,99190,224,99163,224,99210,224,99162,224,99270,224,98883,224,99329,224,98864,424,99344,100,98804,100,99356,100,98247,200,99394,100,98210,100,99434,100,97938,100,99437,100,97799,100,99485,100,97686,100
2019-06-28 10:01:00.000000000,99190,598,99163,598,99210,100,99162,100,99270,100,98883,100,99329,100,98864,300,99344,100,98804,100,99356,100,98247,200,99394,100,98210,100,99434,100,97938,100,99437,100,97799,100,99485,100,97686,100
2019-06-28 10:01:10.000000000,99190,200,99163,200,99210,200,99162,200,99270,200,98883,200,99329,200,98864,400,99344,200,98804,200,99356,100,98247,200,99394,100,98210,100,99434,100,97938,100,99437,100,97799,100,99485,100,97686,100
2019-06-28 10:01:10.119915327,99190,100,99163,200,99210,200,99162,200,99270,200,98883,200,99329,200,98864,400,99344,200,98804,200,99394,100,98247,200,99434,100,98210,100,99437,100,97938,100,99485,100,97799,100,99590,100,97686,100
2019-06-28 10:01:11.229714750,99210,200,99163,200,99270,200,99162,200,99329,100,98883,200,99344,200,98864,400,99394,100,98804,200,99434,100,98247,200,99437,100,98210,100,99485,100,97938,100,99590,100,97799,100,99917,100,97686,100
2019-06-28 10:01:20.000000000,99210,598,99163,598,99270,100,99162,100,99344,100,98883,100,99394,100,98864,300,99434,100,98804,100,99437,100,98247,200,99485,100,98210,100,99590,100,97938,100,99917,100,97799,100,99935,100,97686,100
2019-06-28 10:01:30.000000000,99210,200,99163,200,99270,200,99162,200,99344,200,98883,200,99394,200,98864,400,99434,200,98804,200,99437,100,98247,200,99485,100,98210,100,99590,100,97938,100,99917,100,97799,100,99935,100,97686,100
2019-06-28 10:01:40.000000000,99210,349,99163,349,99270,349,99162,349,99344,100,98883,100,99394,100,98864,300,99434,100,98804,100,99437,100,98247,200,99485,100,98210,100,99590,100,97938,100,99917,100,97799,100,99935,100,97686,100
2019-06-28 10:01:50.000000000,99210,598,99163,598,99270,100,99162,100,99344,100,98883,100,99394,100,98864,300,99434,100,98804,100,99437,100,98247,200,99485,100,98210,100,99590,100,97938,100,99917,100,97799,100,99935,100,97686,100
2019-06-28 10:01:53.630628937,99210,598,99190,100,99270,100,99163,598,99344,100,99162,100,99394,100,98883,100,99434,100,98864,300,99437,100,98804,100,99485,100,98247,200,99590,100,98210,100,99917,100,97938,100,99935,100,97799,100
2019-06-28 10:02:00.000000000,99210,269,99190,269,99270,264,99163,264,99344,264,99162,264,99394,100,98883,100,99434,100,98864,300,99437,100,98804,100,99485,100,98247,200,99590,100,98210,100,99917,100,97938,100,99935,100,97799,100
2019-06-28 10:02:10.000000000,99210,269,99190,269,99270,264,99163,264,99344,264,99162,264,99394,100,98883,100,99434,100,98864,300,99437,100,98804,100,99485,100,98247,200,99590,100,98210,100,99917,100,97938,100,99935,100,97799,100
2019-06-28 10:02:18.206685000,99210,269,99190,269,99270,264,99163,264,99344,264,99162,264,99394,100,98883,100,99434,100,98864,300,99437,100,98804,100,99485,100,98247,200,99590,100,98210,100,99917,100,97938,100,99935,100,97799,100
2019-06-28 10:02:20.000000000,99210,224,99190,224,99270,224,99163,224,99344,224,99162,224,99394,224,98883,224,99434,100,98864,300,99437,100,98804,100,99485,100,98247,200,99590,100,98210,100,99917,100,97938,100,99935,100,97799,100
2019-06-28 10:02:23.396452474,99210,124,99190,224,99270,224,99163,224,99344,224,99162,224,99394,224,98883,224,99434,100,98864,300,99437,100,98804,100,99485,100,98247,200,99590,100,98210,100,99917,100,97938,100,99935,100,97799,100
2019-06-28 10:02:26.012743472,99210,124,99191,100,99270,224,99190,224,99344,224,99163,224,99394,224,99162,224,99434,100,98883,224,99437,100,98864,300,99485,100,98804,100,99590,100,98247,100,99917,100,98210,100,99935,100,97938,100
2019-06-28 10:02:27.976474075,99210,24,99191,100,99270,224,99190,224,99344,224,99163,224,99394,224,99162,224,99434,100,98883,224,99437,100,98864,300,99485,100,98804,100,99590,100,98247,100,99917,100,98210,100,99935,100,97938,100
2019-06-28 10:02:29.416995805,99210,24,99191,100,99270,224,99190,224,99344,224,99163,224,99394,224,99162,224,99434,100,98883,224,99437,100,98864,300,99485,100,98804,100,99590,100,98247,100,99917,100,98210,100,99935,100,97938,100
2019-06-28 10:02:30.000000000,99270,269,99191,269,99344,264,99190,264,99394,264,99163,264,99434,100,99162,100,99437,100,98883,100,99485,100,98864,300,99590,100,98804,100,99917,100,98247,100,99935,100,98210,100,99943,200,97938,100
2019-06-28 10:02:40.000000000,99270,349,99191,349,99344,349,99190,349,99394,100,99163,100,99434,100,99162,100,99437,100,98883,100,99485,100,98864,300,99590,100,98804,100,99917,100,98247,100,99935,100,98210,100,99943,200,97938,100
2019-06-28 10:02:41.889239315,99270,249,99191,349,99344,349,99190,349,99394,100,99163,100,99434,100,99162,100,99437,100,98883,100,99485,100,98864,300,99590,100,98804,100,99917,100,98247,100,99935,100,98210,100,99943,200,97938,100
2019-06-28 10:02:48.269865659,99270,149,99191,349,99344,349,99190,349,99394,100,99163,100,99434,100,99162,100,99437,100,98883,100,99485,100,98864,300,99590,100,98804,100,99917,100,98247,100,99935,100,98210,100,99943,200,97938,100
2019-06-28 10:02:50.000000000,99344,269,99191,269,99394,264,99190,264,99434,264,99163,264,99437,100,99162,100,99485,100,98883,100,99590,100,98864,300,99917,100,98804,100,99935,100,98247,100,99943,200,98210,100,100021,100,97938,100
2019-06-28 10:03:00.000000000,99344,200,99191,200,99394,200,99190,200,99434,200,99163,200,99437,200,99162,200,99485,200,98883,200,99590,100,98864,300,99917,100,98804,100,99935,100,98247,100,99943,200,98210,100,100021,100,97938,100
2019-06-28 10:03:10.000000000,99344,349,99191,349,99394,349,99190,349,99434,100,99163,100,99437,100,99162,100,99485,100,98883,100,99590,100,98864,300,99917,100,98804,100,99935,100,98247,100,99943,200,98210,100,100021,100,97938,100
2019-06-28 10:03:20.000000000,99344,349,99191,349,99394,349,99190,349,99434,100,99163,100,99437,100,99162,100,99485,100,98883,100,99590,100,98864,300,99917,100,98804,100,99935,100,98247,100,99943,200,98210,100,100021,100,97938,100
2019-06-28 10:03:21.275747039,99344,349,99191,249,99394,349,99190,349,99434,100,99163,100,99437,100,99162,100,99485,100,98883,100,99590,100,98864,300,99917,100,98804,100,99935,100,98247,100,99943,200,98210,100,100021,100,97938,100
2019-06-28 10:03:30.000000000,99344,200,99190,200,99394,200,99163,200,99434,200,99162,200,99437,200,98883,200,99485,200,98864,400,99590,100,98804,100,99917,100,98247,100,99935,100,98210,100,99943,200,97938,100,100021,100,97799,100
2019-06-28 10:03:40.000000000,99344,200,99190,200,99394,200,99163,200,99434,200,99162,200,99437,200,98883,200,99485,200,98864,400,99590,100,98804,100,99917,100,98247,100,99935,100,98210,100,99943,200,97938,100,100021,100,97799,100
2019-06-28 10:03:50.000000000,99344,200,99190,200,99394,200,99163,200,99434,200,99162,200,99437,200,98883,200,99485,200,98864,400,99590,100,98804,100,99917,100,98247,100,99935,100,98210,100,99943,200,97938,100,100021,100,97799,100
2019-06-28 10:04:00.000000000,99344,200,99190,200,99394,200,99163,200,99434,200,99162,200,99437,200,98883,200,99485,200,98864,400,99590,100,98804,100,99917,100,98247,100,99935,100,98210,100,99943,200,97938,100,100021,100,97799,100
2019-06-28 10:04:09.981928943,99344,100,99190,200,99394,200,99163,200,99434,200,99162,200,99437,200,98883,200,99485,200,98864,400,99590,100,98804,100,99917,100,98247,100,99935,100,98210,100,99943,200,97799,100,100021,100,97686,100
2019-06-28 10:04:10.000000000,99394,269,99190,269,99434,264,99163,264,99437,264,99162,264,99485,100,98883,100,99590,100,98864,300,99917,100,98804,100,99935,100,98247,100,99943,200,98210,100,100021,100,97799,100,100091,100,97686,100
2019-06-28 10:04:12.502862321,99394,269,99190,269,99434,264,99163,264,99437,264,99162,264,99485,100,98883,100,99590,100,98864,300,99917,100,98804,100,99935,100,98247,100,99943,100,98210,100,100021,100,97799,100,100091,100,97686,100
2019-06-28 10:04:20.000000000,99394,349,99190,349,99434,349,99163,349,99437,100,99162,100,99485,100,98883,100,99590,100,98864,300,99917,100,98804,100,99935,100,98247,100,99943,100,98210,100,100021,100,97799,100,100091,100,97686,100
2019-06-28 10:04:30.000000000,99394,200,99190,200,99434,200,99163,200,99437,200,99162,200,99485,200,98883,200,99590,200,98864,400,99917,100,98804,100,99935,100,98247,100,99943,100,98210,100,100021,100,97799,100,100091,100,97686,100
2019-06-28 10:04:40.000000000,99394,598,99190,598,99434,100,99163,100,99437,100,99162,100,99485,100,98883,100,99590,100,98864,300,99917,100,98804,100,99935,100,98247,100,99943,100,98210,100,100021,100,97799,100,100091,100,97686,100
2019-06-28 10:04:44.787710852,99394,498,99190,598,99434,100,99163,100,99437,100,99162,100,99485,100,98883,100,99590,100,98864,300,99917,100,98804,100,99935,100,98247,100,99943,100,98210,100,100021,100,97799,100,100091,100,97686,100
2019-06-28 10:04:50.000000000,99434,200,99190,200,99437,200,99163,200,99485,200,99162,200,99590,200,98883,200,99917,200,98864,400,99935,100,98804,100,99943,100,98247,100,100021,100,98210,100,100091,100,97799,100,100118,100,97686,100
2019-06-28 10:04:53.778993503,99434,200,99344,100,99437,200,99190,200,99485,200,99163,200,99590,200,99162,200,99917,200,98883,200,99935,100,98864,400,99943,100,98804,100,100021,100,98247,100,100091,100,98210,100,100118,100,97799,100
2019-06-28 10:04:58.799148358,99434,200,99344,200,99437,200,99190,200,99485,200,99163,200,99590,200,99162,200,99917,200,98883,200,99935,100,98864,400,99943,100,98804,100,100021,100,98247,100,100091,100,98210,100,100118,100,97799,100
2019-06-28 10:05:00.000000000,99434,269,99344,369,99437,264,99190,264,99485,264,99163,264,99590,100,99162,100,99917,100,98883,100,99935,100,98864,300,99943,100,98804,100,100021,100,98247,100,100091,100,98210,100,100118,100,97799,100
2019-06-28 10:05:09.348615503,99434,269,99344,369,99437,264,99190,264,99485,264,99163,264,99590,100,99162,100,99605,100,98883,100,99917,100,98864,300,99935,100,98804,100,99943,100,98247,100,100021,100,98210,100,100091,100,97799,100
2019-06-28 10:05:10.000000000,99434,224,99344,324,99437,224,99190,224,99485,224,99163,224,99590,224,99162,224,99605,100,98883,100,99917,100,98864,300,99935,100,98804,100,99943,100,98247,100,100021,100,98210,100,100091,100,97799,100
2019-06-28 10:05:20.000000000,99434,598,99344,698,99437,100,99190,100,99485,100,99163,100,99590,100,99162,100,99605,100,98883,100,99917,100,98864,300,99935,100,98804,100,99943,100,98247,100,100021,100,98210,100,100091,100,97799,100
2019-06-28 10:05:20.813718578,99393,100,99344,698,99434,598,99190,100,99437,100,99163,100,99485,100,99162,100,99590,100,98883,100,99605,100,98864,300,99917,100,98804,100,99935,100,98210,100,99943,100,97799,100,100021,100,97686,100
2019-06-28 10:05:30.000000000,99393,269,99344,369,99434,264,99190,264,99437,264,99163,264,99485,100,99162,100,99590,100,98883,100,99605,100,98864,300,99917,100,98804,100,99935,100,98210,100,99943,100,97799,100,100021,100,97686,100
2019-06-28 10:05:30.908914819,99393,269,99344,369,99434,264,99190,264,99437,264,99163,264,99485,100,99162,100,99590,100,99045,100,99605,100,98883,100,99917,100,98864,300,99935,100,98804,100,99943,100,98210,100,100021,100,97799,100
2019-06-28 10:05:40.000000000,99393,200,99344,300,99434,200,99190,200,99437,200,99163,200,99485,200,99162,200,99590,200,99045,200,99605,100,98883,100,99917,100,98864,300,99935,100,98804,100,99943,100,98210,100,100021,100,97799,100
2019-06-28 10:05:41.176353026,99393,200,99344,300,99434,200,99190,200,99437,200,99163,200,99485,200,99162,200,99590,200,99045,200,99605,100,98883,100,99917,100,98864,300,99935,100,98210,100,99943,100,97799,100,100021,100,97686,100
2019-06-28 10:05:50.000000000,99393,200,99344,300,99434,200,99190,200,99437,200,99163,200,99485,200,99162,200,99590,200,99045,200,99605,100,98883,100,99917,100,98864,300,99935,100,98210,100,99943,100,97799,100,100021,100,97686,100
2019-06-28 10:06:00.000000000,99393,269,99344,369,99434,264,99190,264,99437,264,99163,264,99485,100,99162,100,99590,100,99045,100,99605,100,98883,100,99917,100,98864,300,99935,100,98210,100,99943,100,97799,100,100021,100,97686,100
2019-06-28 10:06:02.969284994,99393,269,99344,269,99434,264,99190,264,99437,264,99163,264,99485,100,99162,100,99590,100,99045,100,99605,100,98883,100,99917,100,98864,300,99935,100,98210,100,99943,100,97799,100,100021,100,97686,100
2019-06-28 10:06:10.000000000,99393,269,99344,269,99434,264,99190,264,99437,264,99163,264,99485,100,99162,100,99590,100,99045,100,99605,100,98883,100,99917,100,98864,300,99935,100,98210,100,99943,100,97799,100,100021,100,97686,100
2019-06-28 10:06:16.418416773,99393,269,99344,269,99434,264,99343,100,99437,264,99190,264,99485,100,99163,264,99590,100,99162,100,99605,100,99045,100,99917,100,98883,100,99935,100,98864,300,99943,100,98210,100,100021,100,97799,100
2019-06-28 10:06:20.000000000,99393,598,99344,598,99434,100,99343,100,99437,100,99190,100,99485,100,99163,100,99590,100,99162,100,99605,100,99045,100,99917,100,98883,100,99935,100,98864,300,99943,100,98210,100,100021,100,97799,100
2019-06-28 10:06:28.354446746,99393,598,99344,598,99434,100,99343,100,99437,100,99190,100,99485,100,99163,100,99590,100,99162,100,99605,100,99045,100,99699,100,98883,100,99917,100,98864,300,99935,100,98210,100,99943,100,97799,100
2019-06-28 10:06:29.965615034,99393,498,99344,598,99434,100,99343,100,99437,100,99190,100,99485,100,99163,100,99590,100,99162,100,99605,100,99045,100,99699,100,98883,100,99917,100,98864,300,99935,100,98210,100,99943,100,97799,100
2019-06-28 10:06:30.000000000,99434,349,99344,349,99437,349,99343,349,99485,100,99190,100,99590,100,99163,100,99605,100,99162,100,99699,100,99045,100,99917,100,98883,100,99935,100,98864,300,99943,100,98210,100,100021,100,97799,100
2019-06-28 10:06:30.666611027,99434,349,99344,249,99437,349,99343,349,99485,100,99190,100,99590,100,99163,100,99605,100,99162,100,99699,100,99045,100,99917,100,98883,100,99935,100,98864,300,99943,100,98210,100,100021,100,97799,100
2019-06-28 10:06:40.000000000,99434,224,99343,224,99437,224,99190,224,99485,224,99163,224,99590,224,99162,224,99605,100,99045,100,99699,100,98883,100,99917,100,98864,300,99935,100,98210,100,99943,100,97799,100,100021,100,97686,100
2019-06-28 10:06:40.671692506,99434,224,99350,100,99437,224,99343,224,99485,224,99190,224,99590,224,99163,224,99605,100,99162,224,99699,100,99045,100,99917,100,98883,100,99935,100,98864,300,99943,100,98210,100,100021,100,97799,100
2019-06-28 10:06:47.053152850,99434,124,99343,224,99437,224,99190,224,99485,224,99163,224,99590,224,99162,224,99605,100,99045,100,99699,100,98883,100,99917,100,98864,300,99935,100,98210,100,99943,100,97799,100,100021,100,97430,100
2019-06-28 10:06:50.000000000,99437,598,99343,598,99485,100,99190,100,99590,100,99163,100,99605,100,99162,100,99699,100,99045,100,99917,100,98883,100,99935,100,98864,300,99943,100,98210,100,100021,100,97799,100,100091,100,97430,100
2019-06-28 10:07:00.000000000,99437,224,99343,224,99485,224,99190,224,99590,224,99163,224,99605,224,99162,224,99699,100,99045,100,99917,100,98883,100,99935,100,98864,300,99943,100,98210,100,100021,100,97799,100,100091,100,97430,100
2019-06-28 10:07:10.000000000,99437,200,99343,200,99485,200,99190,200,99590,200,99163,200,99605,200,99162,200,99699,200,99045,200,99917,100,98883,100,99935,100,98864,300,99943,100,98210,100,100021,100,97799,100,100091,100,97430,100
2019-06-28 10:07:17.785333490,99395,100,99343,100,99437,200,99190,200,99485,200,99163,200,99590,200,99162,200,99605,200,99045,200,99699,200,98883,100,99917,100,98864,300,99935,100,98210,100,99943,100,97799,100,100021,100,97430,100
2019-06-28 10:07:17.923987103,99395,100,99190,200,99437,200,99163,200,99485,200,99162,200,99590,200,99045,200,99605,200,98883,100,99699,200,98864,300,99917,100,98210,100,99935,100,97799,100,99943,100,97430,100,100021,100,97415,100
2019-06-28 10:07:20.000000000,99395,200,99190,200,99437,200,99163,200,99485,200,99162,200,99590,200,99045,200,99605,200,98883,200,99699,100,98864,300,99917,100,98210,100,99935,100,97799,100,99943,100,97430,100,100021,100,97415,100
2019-06-28 10:07:30.000000000,99395,349,99190,349,99437,349,99163,349,99485,100,99162,100,99590,100,99045,100,99605,100,98883,100,99699,100,98864,300,99917,100,98210,100,99935,100,97799,100,99943,100,97430,100,100021,100,97415,100
