,ask_price_1,ask_size_1,bid_price_1,bid_size_1,ask_price_2,ask_size_2,bid_price_2,bid_size_2,ask_price_3,ask_size_3,bid_price_3,bid_size_3,ask_price_4,ask_size_4,bid_price_4,bid_size_4,ask_price_5,ask_size_5,bid_price_5,bid_size_5,ask_price_6,ask_size_6,bid_price_6,bid_size_6,ask_price_7,ask_size_7,bid_price_7,bid_size_7,ask_price_8,ask_size_8,bid_price_8,bid_size_8,ask_price_9,ask_size_9,bid_price_9,bid_size_9,ask_price_10,ask_size_10,bid_price_10,bid_size_10
2019-06-28 09:30:00.000000003,100041,100,,,,,,,,,,,,,,,,,,,,,,,,,,,,,,,,,,,,,,
2019-06-28 09:30:00.000000004,100041,100,,,,,,,,,,,,,,,,,,,,,,,,,,,,,,,,,,,,,,
2019-06-28 09:30:00.000000005,,,,,,,,,,,,,,,,,,,,,,,,,,,,,,,,,,,,,,,,
2019-06-28 09:30:00.000000009,,,99973,100,,,,,,,,,,,,,,,,,,,,,,,,,,,,,,,,,,,,
2019-06-28 09:30:00.000000010,99990,100,99973,100,,,,,,,,,,,,,,,,,,,,,,,,,,,,,,,,,,,,
2019-06-28 09:30:00.000000011,99990,100,99973,200,,,,,,,,,,,,,,,,,,,,,,,,,,,,,,,,,,,,
2019-06-28 09:30:00.000000012,99990,100,99973,200,,,99927,100,,,,,,,,,,,,,,,,,,,,,,,,,,,,,,,,
2019-06-28 09:30:00.000000014,99990,100,99973,300,,,99927,100,,,,,,,,,,,,,,,,,,,,,,,,,,,,,,,,
2019-06-28 09:30:00.000000015,99990,100,99973,400,,,99927,100,,,99843,100,,,,,,,,,,,,,,,,,,,,,,,,,,,,
2019-06-28 09:30:00.000000017,99990,100,99973,500,,,99927,100,,,99843,100,,,,,,,,,,,,,,,,,,,,,,,,,,,,
2019-06-28 09:30:00.000000022,99990,100,99973,500,100019,100,99927,100,,,99843,100,,,,,,,,,,,,,,,,,,,,,,,,,,,,
2019-06-28 09:30:00.000000023,99990,100,99973,500,100019,100,99927,100,100087,100,99851,100,,,99843,100,,,,,,,,,,,,,,,,,,,,,,,,
2019-06-28 09:30:00.000000024,99990,100,99973,500,100019,100,99927,100,100087,100,99898,100,100104,100,99851,100,,,99843,100,,,,,,,,,,,,,,,,,,,,
2019-06-28 09:30:00.000000028,99990,100,99973,500,100019,100,99927,100,100020,100,99898,100,100087,100,99851,100,100092,100,99843,100,100104,100,,,,,,,,,,,,,,,,,,
2019-06-28 09:30:00.000000029,99990,100,99973,500,100019,100,99947,100,100020,100,99927,100,100087,100,99898,100,100092,100,99851,100,100104,100,99843,100,,,,,,,,,,,,,,,,
2019-06-28 09:30:00.000000034,99990,100,99973,500,100019,100,99947,100,100020,100,99927,100,100087,100,99898,100,100092,100,99851,100,100104,100,99843,100,,,99838,100,,,,,,,,,,,,
2019-06-28 09:30:00.000000035,99990,100,99973,500,100019,100,99947,100,100020,100,99927,100,100038,100,99898,100,100087,100,99851,100,100092,100,99843,100,100104,100,99838,100,,,,,,,,,,,,
2019-06-28 09:30:00.000000037,99990,100,99973,500,100019,100,99947,100,100020,100,99927,100,100038,100,99916,100,100087,100,99898,100,100092,100,99851,100,100104,100,99843,100,100115,100,99838,100,,,,,,,,
2019-06-28 09:30:00.000000038,99990,100,99973,600,100019,100,99947,100,100020,100,99927,100,100038,100,99916,100,100087,100,99898,100,100092,200,99851,100,100104,100,99843,100,100115,100,99838,100,,,,,,,,
2019-06-28 09:30:00.000000039,99990,100,99973,600,100019,100,99947,100,100020,100,99927,100,100031,100,99916,100,100038,100,99898,100,100087,100,99851,100,100092,200,99843,100,100104,100,99838,100,100115,100,,,,,,
2019-06-28 09:30:00.000000040,99990,100,99978,100,100019,100,99973,600,100020,100,99947,100,100031,100,99927,100,100038,100,99916,100,100087,100,99898,100,100092,200,99851,100,100104,100,99843,100,100115,100,99838,100,,,,
2019-06-28 09:30:00.000000042,99990,100,99978,100,100019,100,99973,600,100020,100,99956,100,100031,100,99947,100,100038,100,99927,100,100087,100,99916,100,100092,200,99898,100,100104,100,99851,100,100115,100,99843,100,100133,100,99838,100
2019-06-28 09:30:00.000000043,99990,100,99978,100,100019,100,99973,700,100020,100,99956,100,100031,100,99947,100,100038,100,99927,100,100087,100,99916,100,100092,200,99898,100,100104,100,99851,100,100115,100,99843,100,100133,100,99838,100
2019-06-28 09:30:00.000000047,99990,100,99978,100,100019,100,99973,700,100020,100,99963,100,100031,100,99956,100,100038,100,99947,100,100087,100,99927,100,100092,200,99916,100,100104,100,99898,100,100115,100,99851,100,100133,100,99843,100
2019-06-28 09:30:00.000000048,99990,100,99978,100,100019,100,99973,800,100020,100,99963,100,100031,100,99962,100,100038,100,99956,100,100087,100,99947,100,100092,200,99927,100,100104,100,99916,100,100115,100,99898,100,100133,100,99851,100
2019-06-28 09:30:00.000000049,99990,100,99978,100,100019,100,99973,800,100020,100,99963,100,100031,100,99962,100,100038,100,99956,100,100087,100,99949,100,100092,200,99947,100,100104,100,99927,100,100115,100,99916,100,100133,100,99898,100
2019-06-28 09:30:00.000000054,100019,100,99978,100,100020,100,99973,800,100031,100,99963,100,100038,100,99962,100,100087,100,99956,100,100092,200,99949,100,100104,100,99947,100,100114,100,99927,100,100115,100,99916,100,100133,100,99898,100
2019-06-28 09:30:00.000000055,100031,100,99978,100,100038,100,99973,800,100087,100,99963,100,100092,200,99962,100,100104,100,99956,100,100114,100,99949,100,100115,100,99947,100,100133,100,99927,100,,,99916,100,,,99898,100
2019-06-28 09:30:00.000000057,99981,100,99978,100,100031,100,99973,800,100038,100,99963,100,100087,100,99962,100,100092,200,99956,100,100104,100,99949,100,100114,100,99947,100,100115,100,99927,100,100133,100,99916,100,,,99898,100
2019-06-28 09:30:00.000000060,99981,100,99973,800,100031,100,99963,100,100038,100,99962,100,100087,100,99956,100,100092,200,99949,100,100104,100,99947,100,100114,100,99927,100,100115,100,99916,100,100133,100,99898,100,,,99851,100
2019-06-28 09:30:00.000000061,99981,100,99978,100,100031,100,99973,800,100038,100,99963,100,100087,200,99962,100,100092,200,99956,100,100104,100,99949,100,100114,100,99947,100,100115,100,99927,100,100133,100,99916,100,,,99914,100
2019-06-28 09:30:00.000000062,99981,100,99978,200,100031,100,99973,800,100038,100,99963,100,100087,200,99962,100,100092,200,99956,100,100104,100,99949,100,100114,100,99947,100,100115,100,99927,100,100133,100,99916,100,,,99914,100
2019-06-28 09:30:00.000000063,100031,100,99978,200,100038,100,99973,800,100087,200,99963,100,100092,200,99962,100,100104,100,99956,100,100114,100,99949,100,100115,100,99947,100,100133,100,99927,100,,,99916,100,,,99914,100
2019-06-28 09:30:00.000000065,100031,100,99978,200,100038,100,99973,800,100087,200,99963,100,100092,200,99962,100,100094,100,99956,100,100104,100,99949,100,100114,100,99947,100,100115,100,99927,100,100133,100,99916,100,,,99914,100
2019-06-28 09:30:00.000000069,100031,100,99978,200,100038,200,99973,800,100087,200,99963,100,100092,200,99962,100,100094,100,99956,100,100104,100,99949,100,100114,100,99947,100,100115,100,99927,100,100133,100,99916,100,,,99914,100
2019-06-28 09:30:00.000000071,99981,100,99978,200,100031,100,99973,800,100038,200,99963,100,100087,200,99962,100,100092,200,99956,100,100094,100,99949,100,100104,100,99947,100,100114,100,99927,100,100115,100,99924,100,100133,100,99916,100
2019-06-28 09:30:00.000000075,99981,100,99978,200,100031,100,99973,800,100038,200,99963,100,100087,200,99962,100,100092,200,99956,100,100094,100,99949,100,100104,100,99947,100,100114,100,99927,100,100115,100,99924,100,100133,100,99916,100
2019-06-28 09:30:00.000000076,99981,100,99978,200,100031,100,99973,800,100038,200,99970,100,100087,200,99963,100,100092,200,99962,100,100094,100,99956,100,100104,100,99949,100,100114,100,99947,100,100115,100,99927,100,100133,100,99924,100
2019-06-28 09:30:00.000000080,99981,100,99978,100,100031,100,99973,800,100038,200,99970,100,100087,200,99963,100,100092,200,99962,100,100094,100,99956,100,100104,100,99949,100,100114,100,99947,100,100115,100,99927,100,100133,100,99924,100
2019-06-28 09:30:00.000000082,99981,100,99978,100,100031,100,99973,800,100038,200,99970,100,100087,200,99963,100,100092,200,99962,100,100094,100,99956,100,100104,100,99949,100,100114,100,99947,100,100115,100,99927,100,100133,100,99924,100
2019-06-28 09:30:00.000000086,99981,100,99978,100,100031,100,99973,800,100038,200,99970,100,100079,100,99963,100,100087,200,99962,100,100092,200,99960,100,100094,100,99956,100,100104,100,99949,100,100114,100,99947,100,100115,100,99927,100
2019-06-28 09:30:00.000000088,99981,100,99978,100,100031,100,99973,800,100038,200,99970,100,100079,100,99963,100,100087,200,99962,100,100092,200,99960,100,100094,100,99956,100,100104,100,99949,100,100114,100,99947,100,100115,100,99927,100
2019-06-28 09:30:00.000000090,99981,100,99978,100,100005,100,99973,800,100031,100,99970,100,100038,200,99963,100,100079,100,99962,100,100087,200,99960,100,100092,200,99956,100,100094,100,99949,100,100104,100,99947,100,100114,100,99927,100
2019-06-28 09:30:00.000000091,99981,100,99979,100,100005,100,99978,100,100031,100,99973,800,100038,200,99970,100,100079,100,99963,100,100087,200,99962,100,100092,200,99960,100,100094,100,99956,100,100104,100,99949,100,100114,100,99947,100
2019-06-28 09:30:00.000000094,99980,100,99979,100,99981,100,99978,100,100005,100,99973,800,100031,100,99970,100,100038,200,99963,100,100079,100,99962,100,100087,200,99960,100,100092,200,99956,100,100094,100,99949,100,100104,100,99947,100
2019-06-28 09:30:00.000000095,99981,100,99979,100,100005,100,99978,100,100031,100,99973,800,100038,200,99970,100,100067,100,99963,100,100079,100,99962,100,100087,200,99960,100,100092,200,99956,100,100094,100,99949,100,100104,100,99947,100
2019-06-28 09:30:00.000000098,99981,100,99980,100,100005,100,99979,100,100031,100,99978,100,100038,200,99973,800,100067,100,99970,100,100079,100,99963,100,100087,200,99962,100,100092,200,99960,100,100094,100,99956,100,100104,100,99949,100
2019-06-28 09:30:07.915767767,99981,100,99980,100,100005,100,99979,100,100031,100,99978,100,100038,200,99973,800,100067,100,99970,100,100076,100,99963,100,100079,100,99962,100,100087,200,99960,100,100092,200,99956,100,100094,100,99949,100
2019-06-28 09:30:10.000000000,99981,222,99980,222,100005,222,99979,222,100031,222,99978,222,100038,322,99973,922,100067,100,99970,100,100076,100,99963,100,100079,100,99962,100,100087,200,99960,100,100092,200,99956,100,100094,100,99949,100
2019-06-28 09:30:20.000000000,99981,588,99980,588,100005,100,99979,100,100031,100,99978,100,100038,200,99973,800,100067,100,99970,100,100076,100,99963,100,100079,100,99962,100,100087,200,99960,100,100092,200,99956,100,100094,100,99949,100
2019-06-28 09:30:30.000000000,99981,266,99980,266,100005,261,99979,261,100031,261,99978,261,100038,200,99973,800,100067,100,99970,100,100076,100,99963,100,100079,100,99962,100,100087,200,99960,100,100092,200,99956,100,100094,100,99949,100
2019-06-28 09:30:34.010954468,99981,266,99980,166,100005,261,99979,161,100031,261,99978,261,100038,200,99973,800,100067,100,99970,100,100076,100,99963,100,100079,100,99962,100,100087,200,99960,100,100092,200,99956,100,100094,100,99949,100
2019-06-28 09:30:40.000000000,99981,266,99978,266,100005,261,99973,961,100031,261,99970,261,100038,200,99963,100,100067,100,99962,100,100076,100,99960,100,100079,100,99956,100,100087,200,99949,100,100092,200,99947,100,100094,100,99927,100
2019-06-28 09:30:48.902032306,99981,266,99978,266,100005,261,99973,961,100031,261,99970,261,100038,200,99963,100,100067,100,99962,100,100076,100,99960,100,100079,100,99956,100,100087,200,99949,100,100092,200,99947,100,100094,100,99927,100
2019-06-28 09:30:50.000000000,99981,266,99978,266,100005,261,99973,961,100031,261,99970,261,100038,200,99963,100,100067,100,99962,100,100076,100,99960,100,100079,100,99956,100,100087,200,99949,100,100092,200,99947,100,100094,100,99927,100
2019-06-28 09:31:00.000000000,99981,266,99978,266,100005,261,99973,961,100031,261,99970,261,100038,200,99963,100,100067,100,99962,100,100076,100,99960,100,100079,100,99956,100,100087,200,99949,100,100092,200,99947,100,100094,100,99927,100
2019-06-28 09:31:04.326857314,99981,266,99978,166,100005,261,99973,961,100031,261,99970,261,100038,200,99963,100,100067,100,99962,100,100076,100,99960,100,100079,100,99956,100,100087,200,99949,100,100092,200,99947,100,100094,100,99927,100
2019-06-28 09:31:10.000000000,99981,198,99973,898,100005,198,99970,198,100031,198,99963,198,100038,298,99962,198,100067,198,99960,198,100076,100,99956,100,100079,100,99949,100,100087,200,99947,100,100092,200,99927,100,100094,100,99924,100
2019-06-28 09:31:10.940011936,99981,198,99973,898,100005,198,99970,198,100031,198,99963,198,100038,198,99962,198,100067,198,99960,198,100076,100,99956,100,100079,100,99949,100,100087,200,99947,100,100092,200,99927,100,100094,100,99924,100
2019-06-28 09:31:20.000000000,99981,198,99973,898,100005,198,99970,198,100031,198,99963,198,100038,198,99962,198,100067,198,99960,198,100076,100,99956,100,100079,100,99949,100,100087,200,99947,100,100092,200,99927,100,100094,100,99924,100
2019-06-28 09:31:30.000000000,99981,198,99973,898,100005,198,99970,198,100031,198,99963,198,100038,198,99962,198,100067,198,99960,198,100076,100,99956,100,100079,100,99949,100,100087,200,99947,100,100092,200,99927,100,100094,100,99924,100
2019-06-28 09:31:38.243839836,99981,198,99973,898,100005,198,99970,198,100031,198,99963,198,100038,198,99962,198,100067,198,99960,198,100076,100,99956,100,100079,100,99949,100,100087,200,99947,100,100092,200,99927,100,100094,100,99924,100
2019-06-28 09:31:40.000000000,99981,222,99973,922,100005,222,99970,222,100031,222,99963,222,100038,222,99962,222,100067,100,99960,100,100076,100,99956,100,100079,100,99949,100,100087,200,99947,100,100092,200,99927,100,100094,100,99924,100
2019-06-28 09:31:50.000000000,99981,344,99973,1044,100005,344,99970,344,100031,100,99963,100,100038,100,99962,100,100067,100,99960,100,100076,100,99956,100,100079,100,99949,100,100087,200,99947,100,100092,200,99927,100,100094,100,99924,100
2019-06-28 09:32:00.000000000,99981,266,99973,966,100005,261,99970,261,100031,261,99963,261,100038,100,99962,100,100067,100,99960,100,100076,100,99956,100,100079,100,99949,100,100087,200,99947,100,100092,200,99927,100,100094,100,99924,100
2019-06-28 09:32:10.000000000,99981,588,99973,1288,100005,100,99970,100,100031,100,99963,100,100038,100,99962,100,100067,100,99960,100,100076,100,99956,100,100079,100,99949,100,100087,200,99947,100,100092,200,99927,100,100094,100,99924,100
2019-06-28 09:32:11.789927063,99981,588,99973,1288,100005,100,99970,100,100031,100,99963,100,100038,100,99962,100,100067,100,99960,100,100076,100,99956,100,100079,100,99949,100,100087,200,99947,100,100092,200,99927,100,100093,100,99924,100
2019-06-28 09:32:20.000000000,99981,344,99973,1044,100005,344,99970,344,100031,100,99963,100,100038,100,99962,100,100067,100,99960,100,100076,100,99956,100,100079,100,99949,100,100087,200,99947,100,100092,200,99927,100,100093,100,99924,100
2019-06-28 09:32:30.000000000,99981,222,99973,922,100005,222,99970,222,100031,222,99963,222,100038,222,99962,222,100067,100,99960,100,100076,100,99956,100,100079,100,99949,100,100087,200,99947,100,100092,200,99927,100,100093,100,99924,100
2019-06-28 09:32:40.000000000,99981,266,99973,966,100005,261,99970,261,100031,261,99963,261,100038,100,99962,100,100067,100,99960,100,100076,100,99956,100,100079,100,99949,100,100087,200,99947,100,100092,200,99927,100,100093,100,99924,100
2019-06-28 09:32:50.000000000,99981,344,99973,1044,100005,344,99970,344,100031,100,99963,100,100038,100,99962,100,100067,100,99960,100,100076,100,99956,100,100079,100,99949,100,100087,200,99947,100,100092,200,99927,100,100093,100,99924,100
2019-06-28 09:33:00.000000000,99981,198,99973,898,100005,198,99970,198,100031,198,99963,198,100038,198,99962,198,100067,198,99960,198,100076,100,99956,100,100079,100,99949,100,100087,200,99947,100,100092,200,99927,100,100093,100,99924,100
2019-06-28 09:33:10.000000000,99981,222,99973,922,100005,222,99970,222,100031,222,99963,222,100038,222,99962,222,100067,100,99960,100,100076,100,99956,100,100079,100,99949,100,100087,200,99947,100,100092,200,99927,100,100093,100,99924,100
2019-06-28 09:33:20.000000000,99981,266,99973,966,100005,261,99970,261,100031,261,99963,261,100038,100,99962,100,100067,100,99960,100,100076,100,99956,100,100079,100,99949,100,100087,200,99947,100,100092,200,99927,100,100093,100,99924,100
2019-06-28 09:33:22.638258654,99981,166,99973,966,100005,261,99970,261,100031,261,99963,261,100038,100,99962,100,100067,100,99960,100,100076,100,99956,100,100079,100,99949,100,100087,200,99947,100,100092,200,99927,100,100093,100,99924,100
2019-06-28 09:33:30.000000000,100005,198,99973,898,100031,198,99970,198,100038,198,99963,198,100067,198,99962,198,100076,198,99960,198,100079,100,99956,100,100087,200,99949,100,100092,200,99947,100,100093,100,99927,100,100094,100,99924,100
2019-06-28 09:33:39.188292811,100005,198,99973,898,100027,100,99970,198,100031,198,99963,198,100038,198,99962,198,100067,198,99960,198,100076,198,99956,100,100079,100,99949,100,100087,200,99947,100,100092,200,99927,100,100093,100,99924,100
2019-06-28 09:33:40.000000000,100005,266,99973,966,100027,261,99970,261,100031,261,99963,261,100038,100,99962,100,100067,100,99960,100,100076,100,99956,100,100079,100,99949,100,100087,200,99947,100,100092,200,99927,100,100093,100,99924,100
2019-06-28 09:33:48.372888804,100005,266,99979,100,100027,261,99973,866,100031,261,99970,261,100038,100,99963,261,100067,100,99962,100,100076,100,99960,100,100079,100,99956,100,100087,200,99949,100,100092,200,99947,100,100093,100,99927,100
2019-06-28 09:33:50.000000000,100005,344,99979,344,100027,344,99973,944,100031,100,99970,100,100038,100,99963,100,100067,100,99962,100,100076,100,99960,100,100079,100,99956,100,100087,200,99949,100,100092,200,99947,100,100093,100,99927,100
2019-06-28 09:34:00.000000000,100005,344,99979,344,100027,344,99973,944,100031,100,99970,100,100038,100,99963,100,100067,100,99962,100,100076,100,99960,100,100079,100,99956,100,100087,200,99949,100,100092,200,99947,100,100093,100,99927,100
2019-06-28 09:34:10.000000000,100005,344,99979,344,100027,344,99973,944,100031,100,99970,100,100038,100,99963,100,100067,100,99962,100,100076,100,99960,100,100079,100,99956,100,100087,200,99949,100,100092,200,99947,100,100093,100,99927,100
2019-06-28 09:34:10.798166739,100005,244,99979,244,100027,344,99973,944,100031,100,99970,100,100038,100,99963,100,100067,100,99962,100,100076,100,99960,100,100079,100,99956,100,100087,200,99949,100,100092,200,99947,100,100093,100,99927,100
2019-06-28 09:34:14.087796216,99980,100,99979,244,100005,244,99973,944,100027,344,99970,100,100031,100,99963,100,100038,100,99962,100,100067,100,99960,100,100076,100,99956,100,100079,100,99949,100,100087,200,99947,100,100092,200,99927,100
2019-06-28 09:34:16.369758105,99980,100,99979,144,100005,244,99973,944,100027,344,99970,100,100031,100,99963,100,100038,100,99962,100,100067,100,99960,100,100076,100,99956,100,100079,100,99949,100,100087,200,99947,100,100092,200,99927,100
2019-06-28 09:34:20.000000000,99980,222,99973,822,100027,222,99970,222,100031,222,99963,222,100038,222,99962,222,100067,100,99960,100,100076,100,99956,100,100079,100,99949,100,100087,200,99947,100,100092,200,99927,100,100093,100,99924,100
2019-06-28 09:34:30.000000000,99980,344,99973,944,100027,344,99970,344,100031,100,99963,100,100038,100,99962,100,100067,100,99960,100,100076,100,99956,100,100079,100,99949,100,100087,200,99947,100,100092,200,99927,100,100093,100,99924,100
2019-06-28 09:34:40.000000000,99980,266,99973,866,100027,261,99970,261,100031,261,99963,261,100038,100,99962,100,100067,100,99960,100,100076,100,99956,100,100079,100,99949,100,100087,200,99947,100,100092,200,99927,100,100093,100,99924,100
2019-06-28 09:34:43.664937375,99980,266,99973,766,100027,261,99970,261,100031,261,99963,261,100038,100,99962,100,100067,100,99960,100,100076,100,99956,100,100079,100,99949,100,100087,200,99947,100,100092,200,99927,100,100093,100,99918,100
2019-06-28 09:34:50.000000000,99980,344,99973,844,100027,344,99970,344,100031,100,99963,100,100038,100,99962,100,100067,100,99960,100,100076,100,99956,100,100079,100,99949,100,100087,200,99947,100,100092,200,99927,100,100093,100,99918,100
2019-06-28 09:35:00.000000000,99980,344,99973,844,100027,344,99970,344,100031,100,99963,100,100038,100,99962,100,100067,100,99960,100,100076,100,99956,100,100079,100,99949,100,100087,200,99947,100,100092,200,99927,100,100093,100,99918,100
2019-06-28 09:35:10.000000000,99980,266,99973,766,100027,261,99970,261,100031,261,99963,261,100038,100,99962,100,100067,100,99960,100,100076,100,99956,100,100079,100,99949,100,100087,200,99947,100,100092,200,99927,100,100093,100,99918,100
2019-06-28 09:35:16.220130989,99980,266,99973,766,100027,261,99970,261,100031,261,99963,261,100038,100,99962,100,100067,100,99960,100,100076,100,99956,100,100079,100,99949,100,100087,200,99947,100,100092,200,99927,100,100093,100,99918,100
2019-06-28 09:35:20.000000000,99980,222,99973,722,100027,222,99970,222,100031,222,99963,222,100038,222,99962,222,100067,100,99960,100,100076,100,99956,100,100079,100,99949,100,100087,200,99947,100,100092,200,99927,100,100093,100,99918,100
2019-06-28 09:35:24.021430287,99980,222,99973,622,100027,222,99970,222,100031,222,99963,222,100038,222,99962,222,100067,100,99960,100,100076,100,99956,100,100079,100,99949,100,100087,200,99947,100,100092,200,99927,100,100093,100,99918,100
2019-06-28 09:35:30.000000000,99980,222,99973,622,100027,222,99970,222,100031,222,99963,222,100038,222,99962,222,100067,100,99960,100,100076,100,99956,100,100079,100,99949,100,100087,200,99947,100,100092,200,99927,100,100093,100,99918,100
2019-06-28 09:35:32.723539203,99980,222,99973,522,100027,222,99970,222,100031,222,99963,222,100038,222,99962,222,100067,100,99960,100,100076,100,99956,100,100079,100,99949,100,100087,100,99947,100,100092,200,99927,100,100093,100,99918,100
2019-06-28 09:35:40.000000000,99980,222,99973,522,100027,222,99970,222,100031,222,99963,222,100038,222,99962,222,100067,100,99960,100,100076,100,99956,100,100079,100,99949,100,100087,100,99947,100,100092,200,99927,100,100093,100,99918,100
2019-06-28 09:35:47.485248843,99980,222,99973,522,100027,222,99970,222,100031,222,99963,222,100038,222,99962,222,100067,100,99960,100,100076,100,99956,100,100079,100,99949,100,100087,100,99947,100,100092,200,99927,100,100093,100,99918,100
2019-06-28 09:35:47.664231004,99980,222,99973,422,100027,222,99970,222,100031,222,99963,222,100038,222,99962,222,100067,100,99960,100,100076,100,99956,100,100079,100,99949,100,100087,100,99947,100,100092,200,99927,100,100093,100,99918,100
2019-06-28 09:35:50.000000000,99980,588,99973,788,100027,100,99970,100,100031,100,99963,100,100038,100,99962,100,100067,100,99960,100,100076,100,99956,100,100079,100,99949,100,100087,100,99947,100,100092,200,99927,100,100093,100,99918,100
2019-06-28 09:36:00.000000000,99980,266,99973,466,100027,261,99970,261,100031,261,99963,261,100038,100,99962,100,100067,100,99960,100,100076,100,99956,100,100079,100,99949,100,100087,100,99947,100,100092,200,99927,100,100093,100,99918,100
2019-06-28 09:36:07.557699045,99980,266,99973,466,100027,261,99970,261,100031,261,99963,261,100038,100,99962,100,100067,100,99960,100,100076,100,99956,100,100079,100,99949,100,100087,100,99947,100,100092,200,99927,100,100093,100,99918,100
2019-06-28 09:36:10.000000000,99980,266,99973,466,100027,261,99970,261,100031,261,99963,261,100038,100,99962,100,100067,100,99960,100,100076,100,99956,100,100079,100,99949,100,100087,100,99947,100,100092,200,99927,100,100093,100,99918,100
2019-06-28 09:36:18.449543096,99980,266,99973,366,100027,261,99970,261,100031,261,99963,261,100038,100,99962,100,100067,100,99960,100,100076,100,99956,100,100079,100,99949,100,100087,100,99947,100,100092,200,99927,100,100093,100,99918,100
2019-06-28 09:36:20.000000000,99980,222,99973,322,100027,222,99970,222,100031,222,99963,222,100038,222,99962,222,100067,100,99960,100,100076,100,99956,100,100079,100,99949,100,100087,100,99947,100,100092,200,99927,100,100093,100,99918,100
2019-06-28 09:36:27.250947938,99980,222,99973,222,100027,222,99970,222,100031,222,99963,222,100038,222,99962,222,100067,100,99960,100,100076,100,99956,100,100079,100,99949,100,100087,100,99947,100,100092,200,99927,100,100093,100,99918,100
2019-06-28 09:36:30.000000000,99980,344,99973,344,100027,344,99970,344,100031,100,99963,100,100038,100,99962,100,100067,100,99960,100,100076,100,99956,100,100079,100,99949,100,100087,100,99947,100,100092,200,99927,100,100093,100,99918,100
2019-06-28 09:36:40.000000000,99980,588,99973,588,100027,100,99970,100,100031,100,99963,100,100038,100,99962,100,100067,100,99960,100,100076,100,99956,100,100079,100,99949,100,100087,100,99947,100,100092,200,99927,100,100093,100,99918,100
2019-06-28 09:36:41.187663185,99980,588,99973,588,100027,100,99970,100,100031,100,99963,100,100038,100,99962,100,100067,100,99960,100,100076,100,99956,100,100079,100,99949,100,100087,100,99947,100,100092,200,99927,100,100093,100,99918,100
2019-06-28 09:36:49.528534262,99980,588,99973,588,100027,100,99970,100,100031,100,99963,100,100038,100,99962,100,100067,100,99960,100,100076,100,99956,100,100079,100,99947,100,100087,100,99927,100,100092,200,99918,100,100093,100,99916,100
2019-06-28 09:36:50.000000000,99980,344,99973,344,100027,344,99970,344,100031,100,99963,100,100038,100,99962,100,100067,100,99960,100,100076,100,99956,100,100079,100,99947,100,100087,100,99927,100,100092,200,99918,100,100093,100,99916,100
2019-06-28 09:36:50.664659472,99980,344,99973,344,100027,344,99970,344,100038,100,99963,100,100067,100,99962,100,100076,100,99960,100,100079,100,99956,100,100087,100,99947,100,100092,200,99927,100,100093,100,99918,100,100094,100,99916,100
2019-06-28 09:37:00.000000000,99980,588,99973,588,100027,100,99970,100,100038,100,99963,100,100067,100,99962,100,100076,100,99960,100,100079,100,99956,100,100087,100,99947,100,100092,200,99927,100,100093,100,99918,100,100094,100,99916,100
2019-06-28 09:37:01.469994326,99980,588,99973,488,100027,100,99970,100,100038,100,99963,100,100067,100,99962,100,100076,100,99960,100,100079,100,99956,100,100087,100,99947,100,100092,200,99927,100,100093,100,99918,100,100094,100,99916,100
2019-06-28 09:37:10.000000000,99980,222,99970,222,100027,222,99963,222,100038,222,99962,222,100067,222,99960,222,100076,100,99956,100,100079,100,99947,100,100087,100,99927,100,100092,200,99918,100,100093,100,99916,100,100094,100,99914,100
2019-06-28 09:37:20.000000000,99980,222,99970,222,100027,222,99963,222,100038,222,99962,222,100067,222,99960,222,100076,100,99956,100,100079,100,99947,100,100087,100,99927,100,100092,200,99918,100,100093,100,99916,100,100094,100,99914,100
2019-06-28 09:37:30.000000000,99980,588,99970,588,100027,100,99963,100,100038,100,99962,100,100067,100,99960,100,100076,100,99956,100,100079,100,99947,100,100087,100,99927,100,100092,200,99918,100,100093,100,99916,100,100094,100,99914,100
2019-06-28 09:37:39.242865227,99980,588,99970,588,100027,200,99963,100,100038,100,99962,100,100067,100,99960,100,100076,100,99956,100,100079,100,99947,100,100087,100,99927,100,100092,200,99918,100,100093,100,99916,100,100094,100,99914,100
2019-06-28 09:37:39.275206185,99980,588,99970,588,100027,200,99963,100,100038,100,99962,100,100067,100,99960,100,100076,100,99956,100,100079,100,99947,100,100087,100,99927,100,100092,200,99918,100,100093,100,99916,100,100094,100,99914,100
2019-06-28 09:37:40.000000000,99980,266,99970,266,100027,361,99963,261,100038,261,99962,261,100067,100,99960,100,100076,100,99956,100,100079,100,99947,100,100087,100,99927,100,100092,200,99918,100,100093,100,99916,100,100094,100,99914,100
2019-06-28 09:37:50.000000000,99980,198,99970,198,100027,298,99963,198,100038,198,99962,198,100067,198,99960,198,100076,198,99956,198,100079,100,99947,100,100087,100,99927,100,100092,200,99918,100,100093,100,99916,100,100094,100,99914,100
2019-06-28 09:37:56.513715117,99980,198,99974,100,100027,298,99970,198,100038,198,99963,198,100067,198,99962,198,100076,198,99960,198,100079,100,99956,198,100087,100,99947,100,100092,200,99927,100,100093,100,99918,100,100094,100,99916,100
2019-06-28 09:37:57.036881077,99980,198,99974,100,100022,100,99970,198,100027,298,99963,198,100038,198,99962,198,100067,198,99960,198,100076,198,99956,198,100079,100,99947,100,100087,100,99927,100,100092,200,99918,100,100093,100,99916,100
2019-06-28 09:38:00.000000000,99980,344,99974,344,100022,344,99970,344,100027,200,99963,100,100038,100,99962,100,100067,100,99960,100,100076,100,99956,100,100079,100,99947,100,100087,100,99927,100,100092,200,99918,100,100093,100,99916,100
2019-06-28 09:38:07.557722649,99980,344,99974,344,100022,344,99970,344,100027,200,99963,100,100036,100,99962,100,100038,100,99960,100,100067,100,99956,100,100076,100,99947,100,100079,100,99927,100,100087,100,99918,100,100092,200,99916,100
2019-06-28 09:38:10.000000000,99980,198,99974,198,100022,198,99970,198,100027,298,99963,198,100036,198,99962,198,100038,198,99960,198,100067,100,99956,100,100076,100,99947,100,100079,100,99927,100,100087,100,99918,100,100092,200,99916,100
2019-06-28 09:38:15.027902364,99980,98,99974,198,100022,198,99970,198,100027,298,99963,198,100036,198,99962,198,100038,198,99960,198,100067,100,99956,100,100076,100,99947,100,100079,100,99927,100,100087,100,99918,100,100092,200,99916,100
2019-06-28 09:38:20.000000000,100022,266,99974,266,100027,361,99970,261,100036,261,99963,261,100038,100,99962,100,100067,100,99960,100,100076,100,99956,100,100079,100,99947,100,100087,100,99927,100,100092,200,99918,100,100093,100,99916,100
2019-06-28 09:38:30.000000000,100022,344,99974,344,100027,444,99970,344,100036,100,99963,100,100038,100,99962,100,100067,100,99960,100,100076,100,99956,100,100079,100,99947,100,100087,100,99927,100,100092,200,99918,100,100093,100,99916,100
2019-06-28 09:38:40.000000000,100022,198,99974,198,100027,298,99970,198,100036,198,99963,198,100038,198,99962,198,100067,198,99960,198,100076,100,99956,100,100079,100,99947,100,100087,100,99927,100,100092,200,99918,100,100093,100,99916,100
2019-06-28 09:38:50.000000000,100022,222,99974,222,100027,322,99970,222,100036,222,99963,222,100038,222,99962,222,100067,100,99960,100,100076,100,99956,100,100079,100,99947,100,100087,100,99927,100,100092,200,99918,100,100093,100,99916,100
2019-06-28 09:38:57.764345622,100022,122,99974,222,100027,222,99970,222,100036,222,99963,222,100038,222,99962,222,100067,100,99960,100,100076,100,99956,100,100079,100,99947,100,100087,100,99927,100,100092,200,99918,100,100093,100,99916,100
2019-06-28 09:39:00.000000000,100027,266,99974,266,100036,261,99970,261,100038,261,99963,261,100067,100,99962,100,100076,100,99960,100,100079,100,99956,100,100087,100,99947,100,100092,200,99927,100,100093,100,99918,100,100114,100,99916,100
2019-06-28 09:39:00.317567782,100027,266,99974,266,100036,261,99970,261,100038,261,99963,261,100067,100,99962,100,100076,100,99960,100,100079,100,99956,100,100087,100,99947,100,100092,200,99927,100,100093,100,99918,100,100114,100,99916,100
2019-06-28 09:39:03.401100469,100027,266,99996,100,100036,261,99974,266,100038,261,99970,261,100067,100,99963,261,100076,100,99960,100,100079,100,99956,100,100087,100,99947,100,100092,200,99927,100,100093,100,99918,100,100114,100,99916,100
2019-06-28 09:39:06.762132680,100027,266,99996,100,100036,261,99974,266,100038,261,99970,261,100067,100,99963,261,100076,100,99960,100,100079,100,99956,100,100081,100,99947,100,100087,100,99927,100,100092,200,99916,100,100093,100,99914,100
2019-06-28 09:39:07.096512229,100027,266,99996,100,100036,261,99974,266,100038,261,99970,261,100067,100,99963,261,100076,100,99960,100,100079,100,99956,100,100081,100,99947,100,100087,100,99927,100,100092,200,99916,100,100093,100,99914,100
2019-06-28 09:39:10.000000000,100027,588,99996,588,100036,100,99974,100,100038,100,99970,100,100067,100,99963,100,100076,100,99960,100,100079,100,99956,100,100081,100,99947,100,100087,100,99927,100,100092,200,99916,100,100093,100,99914,100
2019-06-28 09:39:12.777340816,100027,588,99996,588,100036,100,99974,100,100038,100,99970,100,100067,100,99963,100,100076,100,99960,100,100079,100,99956,100,100081,100,99947,100,100087,100,99927,100,100092,200,99916,100,100093,100,99914,100
2019-06-28 09:39:20.000000000,100027,344,99996,344,100036,344,99974,344,100038,100,99970,100,100067,100,99963,100,100076,100,99960,100,100079,100,99956,100,100081,100,99947,100,100087,100,99927,100,100092,200,99916,100,100093,100,99914,100
2019-06-28 09:39:23.173064153,100027,344,99996,344,100036,344,99974,344,100038,100,99970,100,100067,100,99963,100,100076,100,99960,100,100079,100,99956,100,100081,100,99952,100,100087,100,99947,100,100092,200,99927,100,100093,100,99916,100
2019-06-28 09:39:28.215980320,100027,344,99996,344,100036,344,99980,100,100038,100,99974,344,100067,100,99970,100,100076,100,99963,100,100079,100,99960,100,100081,100,99956,100,100087,100,99952,100,100092,200,99947,100,100093,100,99927,100
2019-06-28 09:39:30.000000000,100027,198,99996,198,100036,198,99980,198,100038,198,99974,198,100067,198,99970,198,100076,198,99963,198,100079,100,99960,100,100081,100,99956,100,100087,100,99952,100,100092,200,99947,100,100093,100,99927,100
2019-06-28 09:39:40.000000000,100027,266,99996,266,100036,261,99980,261,100038,261,99974,261,100067,100,99970,100,100076,100,99963,100,100079,100,99960,100,100081,100,99956,100,100087,100,99952,100,100092,200,99947,100,100093,100,99927,100
2019-06-28 09:39:50.000000000,100027,266,99996,266,100036,261,99980,261,100038,261,99974,261,100067,100,99970,100,100076,100,99963,100,100079,100,99960,100,100081,100,99956,100,100087,100,99952,100,100092,200,99947,100,100093,100,99927,100
2019-06-28 09:39:51.360601151,100027,266,99996,166,100036,261,99980,261,100038,261,99974,261,100067,100,99970,100,100076,100,99963,100,100079,100,99960,100,100081,100,99956,100,100087,100,99952,100,100092,100,99947,100,100093,100,99927,100
2019-06-28 09:40:00.000000000,100027,588,99980,588,100036,100,99974,100,100038,100,99970,100,100067,100,99963,100,100076,100,99960,100,100079,100,99956,100,100081,100,99952,100,100087,100,99947,100,100092,100,99927,100,100093,100,99916,100
2019-06-28 09:40:10.000000000,100027,266,99980,266,100036,261,99974,261,100038,261,99970,261,100067,100,99963,100,100076,100,99960,100,100079,100,99956,100,100081,100,99952,100,100087,100,99947,100,100092,100,99927,100,100093,100,99916,100
2019-06-28 09:40:14.553145622,100027,266,99980,266,100036,261,99974,261,100038,261,99970,261,100067,100,99963,100,100076,100,99960,100,100079,100,99956,100,100081,100,99952,100,100087,100,99947,100,100092,100,99940,100,100093,100,99927,100
2019-06-28 09:40:20.000000000,100027,266,99980,266,100036,261,99974,261,100038,261,99970,261,100067,100,99963,100,100076,100,99960,100,100079,100,99956,100,100081,100,99952,100,100087,100,99947,100,100092,100,99940,100,100093,100,99927,100
2019-06-28 09:40:26.132187508,100027,266,99980,266,100036,261,99974,261,100038,261,99970,261,100067,100,99963,100,100076,100,99960,100,100079,100,99956,100,100081,100,99947,100,100087,100,99940,100,100092,100,99927,100,100093,100,99916,100
2019-06-28 09:40:30.000000000,100027,222,99980,222,100036,222,99974,222,100038,222,99970,222,100067,222,99963,222,100076,100,99960,100,100079,100,99956,100,100081,100,99947,100,100087,100,99940,100,100092,100,99927,100,100093,100,99916,100
2019-06-28 09:40:40.000000000,100027,222,99980,222,100036,222,99974,222,100038,222,99970,222,100067,222,99963,222,100076,100,99960,100,100079,100,99956,100,100081,100,99947,100,100087,100,99940,100,100092,100,99927,100,100093,100,99916,100
2019-06-28 09:40:42.598310313,100027,222,99980,222,100036,222,99974,222,100038,222,99970,322,100067,222,99963,222,100076,100,99960,100,100079,100,99947,100,100081,100,99940,100,100087,100,99927,100,100092,100,99916,100,100093,100,99914,100
2019-06-28 09:40:50.000000000,100027,222,99980,222,100036,222,99974,222,100038,222,99970,322,100067,222,99963,222,100076,100,99960,100,100079,100,99947,100,100081,100,99940,100,100087,100,99927,100,100092,100,99916,100,100093,100,99914,100
2019-06-28 09:40:59.310579619,100027,222,99980,222,100036,222,99974,222,100038,222,99970,322,100067,222,99963,222,100076,100,99960,100,100079,100,99947,100,100081,100,99940,100,100087,100,99927,100,100092,100,99916,100,100093,100,99914,100
2019-06-28 09:41:00.000000000,100027,198,99980,198,100036,198,99974,198,100038,198,99970,298,100067,198,99963,198,100076,198,99960,198,100079,100,99947,100,100081,100,99940,100,100087,100,99927,100,100092,100,99916,100,100093,100,99914,100
2019-06-28 09:41:10.000000000,100027,198,99980,198,100036,198,99974,198,100038,198,99970,298,100067,198,99963,198,100076,198,99960,198,100079,100,99947,100,100081,100,99940,100,100087,100,99927,100,100092,100,99916,100,100093,100,99914,100
2019-06-28 09:41:20.000000000,100027,344,99980,344,100036,344,99974,344,100038,100,99970,200,100067,100,99963,100,100076,100,99960,100,100079,100,99947,100,100081,100,99940,100,100087,100,99927,100,100092,100,99916,100,100093,100,99914,100
2019-06-28 09:41:25.682679918,100027,344,99997,100,100036,344,99980,344,100038,100,99974,344,100067,100,99970,200,100076,100,99963,100,100079,100,99960,100,100081,100,99947,100,100087,100,99940,100,100092,100,99927,100,100093,100,99916,100
2019-06-28 09:41:30.000000000,100027,266,99997,266,100036,261,99980,261,100038,261,99974,261,100067,100,99970,200,100076,100,99963,100,100079,100,99960,100,100081,100,99947,100,100087,100,99940,100,100092,100,99927,100,100093,100,99916,100
2019-06-28 09:41:40.000000000,100027,344,99997,344,100036,344,99980,344,100038,100,99974,100,100067,100,99970,200,100076,100,99963,100,100079,100,99960,100,100081,100,99947,100,100087,100,99940,100,100092,100,99927,100,100093,100,99916,100
2019-06-28 09:41:40.213830959,100027,244,99997,344,100036,344,99980,344,100038,100,99974,100,100067,100,99970,200,100076,100,99963,100,100079,100,99960,100,100081,100,99947,100,100087,100,99940,100,100092,100,99927,100,100093,100,99916,100
2019-06-28 09:41:46.361096518,100027,144,99997,344,100036,344,99980,344,100038,100,99974,100,100067,100,99970,200,100076,100,99963,100,100079,100,99960,100,100081,100,99947,100,100087,100,99927,100,100092,100,99916,100,100093,100,99914,100
2019-06-28 09:41:50.000000000,100036,222,99997,222,100038,222,99980,222,100067,222,99974,222,100076,222,99970,322,100079,100,99963,100,100081,100,99960,100,100087,100,99947,100,100092,100,99927,100,100093,100,99916,100,100100,100,99914,100
2019-06-28 09:41:52.232835338,100036,222,99997,222,100038,222,99980,222,100067,222,99974,222,100076,222,99970,322,100079,100,99963,100,100081,100,99960,100,100087,100,99947,100,100092,100,99927,100,100093,100,99916,100,100100,100,99914,100
2019-06-28 09:42:00.000000000,100036,266,99997,266,100038,261,99980,261,100067,261,99974,261,100076,100,99970,200,100079,100,99963,100,100081,100,99960,100,100087,100,99947,100,100092,100,99927,100,100093,100,99916,100,100100,100,99914,100
2019-06-28 09:42:00.319682159,100036,166,99997,266,100038,261,99980,261,100067,261,99974,261,100076,100,99970,200,100079,100,99963,100,100081,100,99960,100,100087,100,99947,100,100092,100,99927,100,100093,100,99916,100,100100,100,99914,100
2019-06-28 09:42:03.004171043,100036,166,99997,266,100038,261,99980,261,100067,261,99974,261,100076,100,99970,200,100079,100,99963,100,100081,100,99960,100,100087,100,99947,100,100092,100,99927,100,100093,100,99916,100,100100,100,99914,100
2019-06-28 09:42:10.000000000,100038,222,99997,222,100067,222,99980,222,100076,222,99974,222,100079,222,99970,322,100081,100,99963,100,100087,100,99960,100,100092,100,99947,100,100093,100,99927,100,100100,100,99916,100,100114,100,99914,100
2019-06-28 09:42:14.298048025,100038,122,99997,222,100067,222,99980,222,100076,222,99974,222,100079,222,99970,322,100081,100,99963,100,100087,100,99960,100,100092,100,99947,100,100093,100,99927,100,100100,100,99916,100,100114,100,99914,100
2019-06-28 09:42:20.000000000,100067,198,99997,198,100076,198,99980,198,100079,198,99974,198,100081,198,99970,298,100087,198,99963,198,100092,100,99960,100,100093,100,99947,100,100100,100,99927,100,100114,100,99916,100,100154,100,99914,100
2019-06-28 09:42:30.000000000,100067,588,99997,588,100076,100,99980,100,100079,100,99974,100,100081,100,99970,200,100087,100,99963,100,100092,100,99960,100,100093,100,99947,100,100100,100,99927,100,100114,100,99916,100,100154,100,99914,100
2019-06-28 09:42:40.000000000,100067,198,99997,198,100076,198,99980,198,100079,198,99974,198,100081,198,99970,298,100087,198,99963,198,100092,100,99960,100,100093,100,99947,100,100100,100,99927,100,100114,100,99916,100,100154,100,99914,100
2019-06-28 09:42:50.000000000,100067,266,99997,266,100076,261,99980,261,100079,261,99974,261,100081,100,99970,200,100087,100,99963,100,100092,100,99960,100,100093,100,99947,100,100100,100,99927,100,100114,100,99916,100,100154,100,99914,100
2019-06-28 09:42:52.869918445,100067,266,100036,100,100076,261,99997,266,100079,261,99980,261,100081,100,99974,261,100087,100,99970,200,100092,100,99963,100,100093,100,99960,100,100100,100,99947,100,100114,100,99927,100,100154,100,99916,100
2019-06-28 09:43:00.000000000,100067,588,100036,588,100076,100,99997,100,100079,100,99980,100,100081,100,99974,100,100087,100,99970,200,100092,100,99963,100,100093,100,99960,100,100100,100,99947,100,100114,100,99927,100,100154,100,99916,100
2019-06-28 09:43:10.000000000,100067,198,100036,198,100076,198,99997,198,100079,198,99980,198,100081,198,99974,198,100087,198,99970,298,100092,100,99963,100,100093,100,99960,100,100100,100,99947,100,100114,100,99927,100,100154,100,99916,100
2019-06-28 09:43:20.000000000,100067,266,100036,266,100076,261,99997,261,100079,261,99980,261,100081,100,99974,100,100087,100,99970,200,100092,100,99963,100,100093,100,99960,100,100100,100,99947,100,100114,100,99927,100,100154,100,99916,100
2019-06-28 09:43:30.000000000,100067,344,100036,344,100076,344,99997,344,100079,100,99980,100,100081,100,99974,100,100087,100,99970,200,100092,100,99963,100,100093,100,99960,100,100100,100,99947,100,100114,100,99927,100,100154,100,99916,100
2019-06-28 09:43:40.000000000,100067,344,100036,344,100076,344,99997,344,100079,100,99980,100,100081,100,99974,100,100087,100,99970,200,100092,100,99963,100,100093,100,99960,100,100100,100,99947,100,100114,100,99927,100,100154,100,99916,100
2019-06-28 09:43:50.000000000,100067,588,100036,588,100076,100,99997,100,100079,100,99980,100,100081,100,99974,100,100087,100,99970,200,100092,100,99963,100,100093,100,99960,100,100100,100,99947,100,100114,100,99927,100,100154,100,99916,100
2019-06-28 09:44:00.000000000,100067,588,100036,588,100076,100,99997,100,100079,100,99980,100,100081,100,99974,100,100087,100,99970,200,100092,100,99963,100,100093,100,99960,100,100100,100,99947,100,100114,100,99927,100,100154,100,99916,100
2019-06-28 09:44:10.000000000,100067,266,100036,266,100076,261,99997,261,100079,261,99980,261,100081,100,99974,100,100087,100,99970,200,100092,100,99963,100,100093,100,99960,100,100100,100,99947,100,100114,100,99927,100,100154,100,99916,100
2019-06-28 09:44:20.000000000,100067,222,100036,222,100076,222,99997,222,100079,222,99980,222,100081,222,99974,222,100087,100,99970,200,100092,100,99963,100,100093,100,99960,100,100100,100,99947,100,100114,100,99927,100,100154,100,99916,100
2019-06-28 09:44:22.215749233,100067,222,100036,222,100076,222,99997,222,100079,222,99980,222,100081,222,99974,222,100087,100,99970,200,100092,100,99963,100,100093,100,99960,100,100100,100,99947,100,100114,100,99927,100,100154,100,99916,100
2019-06-28 09:44:30.000000000,100067,222,100036,222,100076,222,99997,222,100079,222,99980,222,100081,222,99974,222,100087,100,99970,200,100092,100,99963,100,100093,100,99960,100,100100,100,99947,100,100114,100,99927,100,100154,100,99916,100
2019-06-28 09:44:40.000000000,100067,198,100036,198,100076,198,99997,198,100079,198,99980,198,100081,198,99974,198,100087,198,99970,298,100092,100,99963,100,100093,100,99960,100,100100,100,99947,100,100114,100,99927,100,100154,100,99916,100
2019-06-28 09:44:50.000000000,100067,222,100036,222,100076,222,99997,222,100079,222,99980,222,100081,222,99974,222,100087,100,99970,200,100092,100,99963,100,100093,100,99960,100,100100,100,99947,100,100114,100,99927,100,100154,100,99916,100
2019-06-28 09:44:53.462189216,100067,222,100036,222,100076,222,99997,222,100079,222,99980,222,100081,222,99974,222,100087,100,99970,200,100092,100,99963,100,100100,100,99960,100,100114,100,99947,100,100154,100,99927,100,100168,100,99916,100
2019-06-28 09:44:55.560006410,100067,222,100036,222,100076,222,99997,222,100079,222,99980,222,100081,222,99974,222,100087,100,99970,200,100092,100,99963,100,100100,100,99960,100,100114,100,99947,100,100154,100,99927,100,100168,100,99916,100
2019-06-28 09:45:00.000000000,100067,198,100036,198,100076,198,99997,198,100079,198,99980,198,100081,198,99974,198,100087,198,99970,298,100092,100,99963,100,100100,100,99960,100,100114,100,99947,100,100154,100,99927,100,100168,100,99916,100
2019-06-28 09:45:05.271925238,100067,198,100036,198,100076,198,99997,198,100079,198,99980,198,100081,198,99974,198,100087,198,99970,298,100092,100,99963,100,100100,100,99960,100,100114,100,99927,100,100154,100,99916,100,100168,100,99914,100
2019-06-28 09:45:10.000000000,100067,588,100036,588,100076,100,99997,100,100079,100,99980,100,100081,100,99974,100,100087,100,99970,200,100092,100,99963,100,100100,100,99960,100,100114,100,99927,100,100154,100,99916,100,100168,100,99914,100
2019-06-28 09:45:20.000000000,100067,344,100036,344,100076,344,99997,344,100079,100,99980,100,100081,100,99974,100,100087,100,99970,200,100092,100,99963,100,100100,100,99960,100,100114,100,99927,100,100154,100,99916,100,100168,100,99914,100
2019-06-28 09:45:27.081219428,100067,344,100036,244,100076,344,99997,344,100079,100,99980,100,100081,100,99974,100,100087,100,99970,200,100092,100,99963,100,100100,100,99960,100,100114,100,99927,100,100154,100,99916,100,100168,100,99914,100
2019-06-28 09:45:30.000000000,100067,222,99997,222,100076,222,99980,222,100079,222,99974,222,100081,222,99970,322,100087,100,99963,100,100092,100,99960,100,100100,100,99927,100,100114,100,99916,100,100154,100,99914,100,100168,100,99902,100
2019-06-28 09:45:39.346216892,100067,222,99997,222,100076,222,99980,222,100079,222,99974,222,100081,222,99970,322,100087,100,99963,100,100092,100,99960,100,100100,100,99927,100,100114,100,99916,100,100154,100,99914,100,100168,100,99902,100
2019-06-28 09:45:40.000000000,100067,222,99997,222,100076,222,99980,222,100079,222,99974,222,100081,222,99970,322,100087,100,99963,100,100092,100,99960,100,100100,100,99927,100,100114,100,99916,100,100154,100,99914,100,100168,100,99902,100
2019-06-28 09:45:50.000000000,100067,198,99997,198,100076,198,99980,198,100079,198,99974,198,100081,198,99970,298,100087,198,99963,198,100092,100,99960,100,100100,100,99927,100,100114,100,99916,100,100154,100,99914,100,100168,100,99902,100
2019-06-28 09:46:00.000000000,100067,198,99997,198,100076,198,99980,198,100079,198,99974,198,100081,198,99970,298,100087,198,99963,198,100092,100,99960,100,100100,100,99927,100,100114,100,99916,100,100154,100,99914,100,100168,100,99902,100
2019-06-28 09:46:10.000000000,100067,222,99997,222,100076,222,99980,222,100079,222,99974,222,100081,222,99970,322,100087,100,99963,100,100092,100,99960,100,100100,100,99927,100,100114,100,99916,100,100154,100,99914,100,100168,100,99902,100
2019-06-28 09:46:20.000000000,100067,588,99997,588,100076,100,99980,100,100079,100,99974,100,100081,100,99970,200,100087,100,99963,100,100092,100,99960,100,100100,100,99927,100,100114,100,99916,100,100154,100,99914,100,100168,100,99902,100
2019-06-28 09:46:21.177917234,100037,100,99997,588,100067,588,99980,100,100076,100,99974,100,100079,100,99970,200,100081,100,99963,100,100087,100,99960,100,100092,100,99927,100,100100,100,99916,100,100114,100,99914,100,100154,100,99902,100
2019-06-28 09:46:30.000000000,100037,344,99997,344,100067,344,99980,344,100076,100,99974,100,100079,100,99970,200,100081,100,99963,100,100087,100,99960,100,100092,100,99927,100,100100,100,99916,100,100114,100,99914,100,100154,100,99902,100
2019-06-28 09:46:40.000000000,100037,344,99997,344,100067,344,99980,344,100076,100,99974,100,100079,100,99970,200,100081,100,99963,100,100087,100,99960,100,100092,100,99927,100,100100,100,99916,100,100114,100,99914,100,100154,100,99902,100
2019-06-28 09:46:50.000000000,100037,222,99997,222,100067,222,99980,222,100076,222,99974,222,100079,222,99970,322,100081,100,99963,100,100087,100,99960,100,100092,100,99927,100,100100,100,99916,100,100114,100,99914,100,100154,100,99902,100
2019-06-28 09:46:56.474910222,100037,222,99997,222,100067,222,99980,222,100076,222,99974,222,100079,222,99970,322,100081,100,99963,100,100087,100,99960,100,100092,100,99927,100,100100,100,99914,100,100114,100,99902,100,100154,100,99894,100
2019-06-28 09:47:00.000000000,100037,344,99997,344,100067,344,99980,344,100076,100,99974,100,100079,100,99970,200,100081,100,99963,100,100087,100,99960,100,100092,100,99927,100,100100,100,99914,100,100114,100,99902,100,100154,100,99894,100
2019-06-28 09:47:06.146865039,100037,344,99997,244,100067,344,99980,344,100076,100,99974,100,100079,100,99970,200,100081,100,99963,100,100087,100,99960,100,100092,100,99927,100,100100,100,99914,100,100114,100,99902,100,100154,100,99894,100
2019-06-28 09:47:09.769930241,100037,344,99997,244,100067,344,99980,344,100076,100,99974,100,100079,100,99970,200,100087,100,99963,100,100092,100,99960,100,100100,100,99927,100,100114,100,99914,100,100154,100,99902,100,100168,100,99894,100
2019-06-28 09:47:10.000000000,100037,198,99980,198,100067,198,99974,198,100076,198,99970,298,100079,198,99963,198,100087,198,99960,198,100092,100,99927,100,100100,100,99914,100,100114,100,99902,100,100154,100,99894,100,100168,100,99876,100
2019-06-28 09:47:14.257829117,100037,198,99980,198,100067,198,99974,198,100076,198,99970,298,100079,198,99963,198,100087,198,99960,198,100092,100,99927,100,100100,100,99914,100,100114,100,99902,100,100154,100,99894,100,100168,100,99876,100
2019-06-28 09:47:15.833987621,100037,198,99980,198,100067,198,99974,198,100076,198,99970,298,100079,98,99963,198,100087,198,99960,198,100092,100,99927,100,100100,100,99914,100,100114,100,99902,100,100154,100,99894,100,100168,100,99876,100
2019-06-28 09:47:20.000000000,100037,222,99980,222,100067,222,99974,222,100076,222,99970,322,100087,222,99963,222,100092,100,99960,100,100100,100,99927,100,100114,100,99914,100,100154,100,99902,100,100168,100,99894,100,100251,100,99876,100
2019-06-28 09:47:26.486233657,100036,100,99980,222,100037,122,99974,222,100067,222,99970,322,100076,222,99963,222,100087,222,99960,100,100092,100,99927,100,100100,100,99914,100,100114,100,99902,100,100154,100,99894,100,100168,100,99876,100
2019-06-28 09:47:30.000000000,100036,588,99980,588,100067,100,99974,100,100076,100,99970,200,100087,100,99963,100,100092,100,99960,100,100100,100,99927,100,100114,100,99914,100,100154,100,99902,100,100168,100,99894,100,100251,100,99876,100
2019-06-28 09:47:40.000000000,100036,344,99980,344,100067,344,99974,344,100076,100,99970,200,100087,100,99963,100,100092,100,99960,100,100100,100,99927,100,100114,100,99914,100,100154,100,99902,100,100168,100,99894,100,100251,100,99876,100
2019-06-28 09:47:50.000000000,100036,344,99980,344,100067,344,99974,344,100076,100,99970,200,100087,100,99963,100,100092,100,99960,100,100100,100,99927,100,100114,100,99914,100,100154,100,99902,100,100168,100,99894,100,100251,100,99876,100
2019-06-28 09:48:00.000000000,100036,344,99980,344,100067,344,99974,344,100076,100,99970,200,100087,100,99963,100,100092,100,99960,100,100100,100,99927,100,100114,100,99914,100,100154,100,99902,100,100168,100,99894,100,100251,100,99876,100
2019-06-28 09:48:04.208134445,100036,344,99980,344,100067,344,99974,344,100076,100,99970,200,100087,100,99963,100,100092,100,99960,100,100114,100,99927,100,100154,100,99914,100,100168,100,99902,100,100251,100,99894,100,100263,100,99876,100
2019-06-28 09:48:10.000000000,100036,588,99980,588,100067,100,99974,100,100076,100,99970,200,100087,100,99963,100,100092,100,99960,100,100114,100,99927,100,100154,100,99914,100,100168,100,99902,100,100251,100,99894,100,100263,100,99876,100
2019-06-28 09:48:20.000000000,100036,344,99980,344,100067,344,99974,344,100076,100,99970,200,100087,100,99963,100,100092,100,99960,100,100114,100,99927,100,100154,100,99914,100,100168,100,99902,100,100251,100,99894,100,100263,100,99876,100
2019-06-28 09:48:30.000000000,100036,222,99980,222,100067,222,99974,222,100076,222,99970,322,100087,222,99963,222,100092,100,99960,100,100114,100,99927,100,100154,100,99914,100,100168,100,99902,100,100251,100,99894,100,100263,100,99876,100
2019-06-28 09:48:40.000000000,100036,588,99980,588,100067,100,99974,100,100076,100,99970,200,100087,100,99963,100,100092,100,99960,100,100114,100,99927,100,100154,100,99914,100,100168,100,99902,100,100251,100,99894,100,100263,100,99876,100
2019-06-28 09:48:43.364839550,100036,588,99980,488,100067,100,99974,100,100076,100,99970,200,100087,100,99963,100,100092,100,99960,100,100114,100,99927,100,100154,100,99914,100,100168,100,99902,100,100251,100,99894,100,100263,100,99876,100
2019-06-28 09:48:50.000000000,100036,344,99974,344,100067,344,99970,444,100076,100,99963,100,100087,100,99960,100,100092,100,99927,100,100114,100,99914,100,100154,100,99902,100,100168,100,99894,100,100251,100,99876,100,100263,100,99787,100
2019-06-28 09:49:00.000000000,100036,266,99974,266,100067,261,99970,361,100076,261,99963,261,100087,100,99960,100,100092,100,99927,100,100114,100,99914,100,100154,100,99902,100,100168,100,99894,100,100251,100,99876,100,100263,100,99787,100
2019-06-28 09:49:01.690509359,99997,100,99974,166,100036,266,99970,361,100067,261,99963,261,100076,261,99960,100,100087,100,99927,100,100092,100,99914,100,100114,100,99902,100,100154,100,99894,100,100168,100,99876,100,100251,100,99787,100
2019-06-28 09:49:10.000000000,99997,222,99970,322,100036,222,99963,222,100067,222,99960,222,100076,222,99927,222,100087,100,99914,100,100092,100,99902,100,100114,100,99894,100,100154,100,99876,100,100168,100,99787,100,100251,100,99643,100
2019-06-28 09:49:20.000000000,99997,222,99970,322,100036,222,99963,222,100067,222,99960,222,100076,222,99927,222,100087,100,99914,100,100092,100,99902,100,100114,100,99894,100,100154,100,99876,100,100168,100,99787,100,100251,100,99643,100
2019-06-28 09:49:24.434177464,99997,222,99970,222,100036,222,99963,122,100067,222,99960,222,100076,222,99927,222,100087,100,99914,100,100092,100,99902,100,100114,100,99894,100,100154,100,99876,100,100168,100,99787,100,100251,100,99643,100
2019-06-28 09:49:30.000000000,99997,588,99970,588,100036,100,99960,100,100067,100,99927,100,100076,100,99914,100,100087,100,99902,100,100092,100,99894,100,100114,100,99876,100,100154,100,99787,100,100168,100,99643,100,100251,100,99545,100
2019-06-28 09:49:39.854011393,99997,588,99970,588,100036,100,99960,100,100067,100,99927,100,100076,100,99914,100,100087,100,99902,100,100092,100,99894,100,100114,100,99876,100,100154,100,99787,100,100168,100,99643,100,100251,100,99545,100
2019-06-28 09:49:40.000000000,99997,588,99970,588,100036,100,99960,100,100067,100,99927,100,100076,100,99914,100,100087,100,99902,100,100092,100,99894,100,100114,100,99876,100,100154,100,99787,100,100168,100,99643,100,100251,100,99545,100
2019-06-28 09:49:50.000000000,99997,588,99970,588,100036,100,99960,100,100067,100,99927,100,100076,100,99914,100,100087,100,99902,100,100092,100,99894,100,100114,100,99876,100,100154,100,99787,100,100168,100,99643,100,100251,100,99545,100
2019-06-28 09:50:00.000000000,99997,588,99970,588,100036,100,99960,100,100067,100,99927,100,100076,100,99914,100,100087,100,99902,100,100092,100,99894,100,100114,100,99876,100,100154,100,99787,100,100168,100,99643,100,100251,100,99545,100
2019-06-28 09:50:07.368741655,99980,100,99970,588,99997,588,99960,100,100036,100,99927,100,100067,100,99914,100,100076,100,99902,100,100087,100,99894,100,100092,100,99876,100,100114,100,99787,100,100154,100,99643,100,100168,100,99545,100
2019-06-28 09:50:10.000000000,99980,266,99970,266,99997,261,99960,261,100036,261,99927,261,100067,100,99914,100,100076,100,99902,100,100087,100,99894,100,100092,100,99876,100,100114,100,99787,100,100154,100,99643,100,100168,100,99545,100
2019-06-28 09:50:20.000000000,99980,222,99970,222,99997,222,99960,222,100036,222,99927,222,100067,222,99914,222,100076,100,99902,100,100087,100,99894,100,100092,100,99876,100,100114,100,99787,100,100154,100,99643,100,100168,100,99545,100
2019-06-28 09:50:30.000000000,99980,266,99970,266,99997,261,99960,261,100036,261,99927,261,100067,100,99914,100,100076,100,99902,100,100087,100,99894,100,100092,100,99876,100,100114,100,99787,100,100154,100,99643,100,100168,100,99545,100
2019-06-28 09:50:32.815357485,99980,266,99970,166,99997,261,99960,261,100036,261,99927,261,100067,100,99914,100,100076,100,99902,100,100087,100,99894,100,100092,100,99876,100,100114,100,99787,100,100154,100,99643,100,100168,100,99545,100
2019-06-28 09:50:35.060419835,99980,266,99970,166,99997,261,99960,261,100036,261,99927,261,100067,100,99914,100,100076,100,99902,100,100087,100,99894,100,100092,100,99876,100,100114,100,99787,100,100154,100,99643,100,100168,100,99545,100
2019-06-28 09:50:37.885622745,99980,266,99970,66,99997,261,99960,261,100036,261,99927,261,100067,100,99914,100,100076,100,99902,100,100087,100,99894,100,100092,100,99876,100,100114,100,99787,100,100154,100,99643,100,100168,100,99545,100
2019-06-28 09:50:40.000000000,99980,198,99960,198,99997,198,99927,198,100036,198,99914,198,100067,198,99902,198,100076,198,99894,198,100087,100,99876,100,100092,100,99787,100,100114,100,99643,100,100154,100,99545,100,100168,100,99413,100
2019-06-28 09:50:50.000000000,99980,222,99960,222,99997,222,99927,222,100036,222,99914,222,100067,222,99902,222,100076,100,99894,100,100087,100,99876,100,100092,100,99787,100,100114,100,99643,100,100154,100,99545,100,100168,100,99413,100
2019-06-28 09:50:51.631595820,99980,122,99960,222,99997,222,99927,222,100036,222,99914,222,100067,222,99902,222,100076,100,99894,100,100087,100,99876,100,100092,100,99787,100,100114,100,99643,100,100154,100,99545,100,100168,100,99413,100
2019-06-28 09:50:59.233527650,99980,122,99960,122,99997,222,99927,222,100036,222,99914,222,100067,222,99902,222,100076,100,99894,100,100087,100,99876,100,100092,100,99787,100,100114,100,99643,100,100154,100,99545,100,100168,100,99413,100
2019-06-28 09:51:00.000000000,99997,588,99927,588,100036,100,99914,100,100067,100,99902,100,100076,100,99894,100,100087,100,99876,100,100092,100,99787,100,100114,100,99643,100,100154,100,99545,100,100168,100,99413,100,100263,100,99341,100
2019-06-28 09:51:10.000000000,99997,588,99927,588,100036,100,99914,100,100067,100,99902,100,100076,100,99894,100,100087,100,99876,100,100092,100,99787,100,100114,100,99643,100,100154,100,99545,100,100168,100,99413,100,100263,100,99341,100
2019-06-28 09:51:12.671763780,99997,588,99927,488,100036,100,99914,100,100067,100,99902,100,100076,100,99894,100,100087,100,99876,100,100114,100,99787,100,100154,100,99643,100,100168,100,99545,100,100263,100,99413,100,100489,100,99341,100
2019-06-28 09:51:13.395643009,99997,588,99927,488,100036,100,99914,100,100067,100,99902,100,100076,100,99894,100,100087,100,99876,100,100114,100,99787,100,100154,100,99643,100,100168,100,99545,100,100263,100,99413,100,100489,100,99341,100
2019-06-28 09:51:20.000000000,99997,198,99914,198,100036,198,99902,198,100067,198,99894,198,100076,198,99876,198,100087,198,99787,198,100114,100,99643,100,100154,100,99545,100,100168,100,99413,100,100263,100,99341,100,100489,100,99333,100
2019-06-28 09:51:30.000000000,99997,344,99914,344,100036,344,99902,344,100067,100,99894,100,100076,100,99876,100,100087,100,99787,100,100114,100,99643,100,100154,100,99545,100,100168,100,99413,100,100263,100,99341,100,100489,100,99333,100
2019-06-28 09:51:40.000000000,99997,266,99914,266,100036,261,99902,261,100067,261,99894,261,100076,100,99876,100,100087,100,99787,100,100114,100,99643,100,100154,100,99545,100,100168,100,99413,100,100263,100,99341,100,100489,100,99333,100
2019-06-28 09:51:48.843396091,99997,266,99914,266,100036,261,99902,261,100067,261,99894,261,100076,100,99876,100,100087,100,99787,100,100114,100,99643,100,100154,100,99545,100,100168,100,99413,100,100263,100,99341,100,100489,100,99333,100
2019-06-28 09:51:50.000000000,99997,222,99914,222,100036,222,99902,222,100067,222,99894,222,100076,222,99876,222,100087,100,99787,100,100114,100,99643,100,100154,100,99545,100,100168,100,99413,100,100263,100,99341,100,100489,100,99333,100
2019-06-28 09:52:00.000000000,99997,222,99914,222,100036,222,99902,222,100067,222,99894,222,100076,222,99876,222,100087,100,99787,100,100114,100,99643,100,100154,100,99545,100,100168,100,99413,100,100263,100,99341,100,100489,100,99333,100
2019-06-28 09:52:10.000000000,99997,198,99914,198,100036,198,99902,198,100067,198,99894,198,100076,198,99876,198,100087,198,99787,198,100114,100,99643,100,100154,100,99545,100,100168,100,99413,100,100263,100,99341,100,100489,100,99333,100
2019-06-28 09:52:20.000000000,99997,344,99914,344,100036,344,99902,344,100067,100,99894,100,100076,100,99876,100,100087,100,99787,100,100114,100,99643,100,100154,100,99545,100,100168,100,99413,100,100263,100,99341,100,100489,100,99333,100
2019-06-28 09:52:30.000000000,99997,222,99914,222,100036,222,99902,222,100067,222,99894,222,100076,222,99876,222,100087,100,99787,100,100114,100,99643,100,100154,100,99545,100,100168,100,99413,100,100263,100,99341,100,100489,100,99333,100
2019-06-28 09:52:40.000000000,99997,198,99914,198,100036,198,99902,198,100067,198,99894,198,100076,198,99876,198,100087,198,99787,198,100114,100,99643,100,100154,100,99545,100,100168,100,99413,100,100263,100,99341,100,100489,100,99333,100
2019-06-28 09:52:42.464050893,99997,198,99914,198,100036,98,99902,198,100067,198,99894,198,100076,198,99876,198,100087,198,99787,198,100114,100,99643,100,100154,100,99545,100,100168,100,99413,100,100263,100,99341,100,100489,100,99333,100
2019-06-28 09:52:50.000000000,99997,588,99914,588,100067,100,99902,100,100076,100,99894,100,100087,100,99876,100,100114,100,99787,100,100154,100,99643,100,100168,100,99545,100,100263,100,99413,100,100489,100,99341,100,,,99333,100
2019-06-28 09:52:56.994223854,99997,588,99914,488,100067,100,99902,100,100076,100,99894,100,100087,100,99876,100,100114,100,99787,100,100154,100,99643,100,100168,100,99545,100,100263,100,99413,100,100489,100,99341,100,,,99333,100
2019-06-28 09:52:58.683458812,99997,588,99914,488,100067,100,99902,100,100076,100,99894,100,100087,100,99876,100,100114,100,99787,100,100154,100,99643,100,100168,100,99545,100,100489,100,99413,100,,,99341,100,,,99333,100
2019-06-28 09:53:00.000000000,99997,266,99902,266,100067,261,99894,261,100076,261,99876,261,100087,100,99787,100,100114,100,99643,100,100154,100,99545,100,100168,100,99413,100,100489,100,99341,100,,,99333,100,,,99206,100
2019-06-28 09:53:10.000000000,99997,588,99902,588,100067,100,99894,100,100076,100,99876,100,100087,100,99787,100,100114,100,99643,100,100154,100,99545,100,100168,100,99413,100,100489,100,99341,100,,,99333,100,,,99206,100
2019-06-28 09:53:20.000000000,99997,198,99902,198,100067,198,99894,198,100076,198,99876,198,100087,198,99787,198,100114,198,99643,198,100154,100,99545,100,100168,100,99413,100,100489,100,99341,100,,,99333,100,,,99206,100
2019-06-28 09:53:30.000000000,99997,222,99902,222,100067,222,99894,222,100076,222,99876,222,100087,222,99787,222,100114,100,99643,100,100154,100,99545,100,100168,100,99413,100,100489,100,99341,100,,,99333,100,,,99206,100
2019-06-28 09:53:39.331847484,99997,222,99902,122,100067,222,99894,222,100076,222,99876,222,100087,122,99787,222,100114,100,99643,100,100154,100,99545,100,100168,100,99413,100,100489,100,99341,100,,,99333,100,,,99206,100
2019-06-28 09:53:40.000000000,99997,344,99894,344,100067,344,99876,344,100076,100,99787,100,100114,100,99643,100,100154,100,99545,100,100168,100,99413,100,100489,100,99341,100,,,99333,100,,,99206,100,,,99151,100
2019-06-28 09:53:50.000000000,99997,588,99894,588,100067,100,99876,100,100076,100,99787,100,100114,100,99643,100,100154,100,99545,100,100168,100,99413,100,100489,100,99341,100,,,99333,100,,,99206,100,,,99151,100
2019-06-28 09:53:53.464640508,99997,588,99894,588,100067,100,99876,100,100076,100,99787,100,100114,100,99643,100,100154,100,99545,100,100168,100,99413,100,100489,100,99341,100,,,99333,100,,,99206,100,,,99151,100
2019-06-28 09:54:00.000000000,99997,588,99894,588,100067,100,99876,100,100076,100,99787,100,100114,100,99643,100,100154,100,99545,100,100168,100,99413,100,100489,100,99341,100,,,99333,100,,,99206,100,,,99151,100
2019-06-28 09:54:03.007100499,99914,100,99894,588,99997,588,99876,100,100067,100,99787,100,100076,100,99643,100,100114,100,99545,100,100154,100,99413,100,100168,100,99341,100,100489,100,99333,100,,,99206,100,,,99151,100
2019-06-28 09:54:03.882814682,99914,100,99894,488,99997,588,99876,100,100067,100,99787,100,100076,100,99545,100,100114,100,99413,100,100154,100,99341,100,100168,100,99333,100,100489,100,99206,100,,,99151,100,,,98926,100
2019-06-28 09:54:10.000000000,99914,198,99876,198,99997,198,99787,198,100067,198,99545,198,100076,198,99413,198,100114,198,99341,198,100154,100,99333,100,100168,100,99206,100,100489,100,99151,100,,,98926,100,,,98918,100
2019-06-28 09:54:20.000000000,99914,266,99876,266,99997,261,99787,261,100067,261,99545,261,100076,100,99413,100,100114,100,99341,100,100154,100,99333,100,100168,100,99206,100,100489,100,99151,100,,,98926,100,,,98918,100
2019-06-28 09:54:27.927358904,99902,100,99876,266,99914,266,99787,261,99997,261,99545,261,100067,261,99413,100,100076,100,99341,100,100114,100,99333,100,100154,100,99206,100,100168,100,99151,100,100489,100,98926,100,,,98918,100
2019-06-28 09:54:30.000000000,99902,222,99876,222,99914,222,99787,222,99997,222,99545,222,100067,222,99413,222,100076,100,99341,100,100114,100,99333,100,100154,100,99206,100,100168,100,99151,100,100489,100,98926,100,,,98918,100
2019-06-28 09:54:40.000000000,99902,222,99876,222,99914,222,99787,222,99997,222,99545,222,100067,222,99413,222,100076,100,99341,100,100114,100,99333,100,100154,100,99206,100,100168,100,99151,100,100489,100,98926,100,,,98918,100
2019-06-28 09:54:50.000000000,99902,588,99876,588,99914,100,99787,100,99997,100,99545,100,100067,100,99413,100,100076,100,99341,100,100114,100,99333,100,100154,100,99206,100,100168,100,99151,100,100489,100,98926,100,,,98918,100
2019-06-28 09:54:53.845169832,99902,588,99876,588,99914,100,99787,100,99997,100,99545,100,100067,100,99413,100,100076,100,99341,100,100114,100,99333,100,100154,100,99206,100,100168,100,99151,100,100489,100,98926,100,,,98918,100
2019-06-28 09:55:00.000000000,99902,266,99876,266,99914,261,99787,261,99997,261,99545,261,100067,100,99413,100,100076,100,99341,100,100114,100,99333,100,100154,100,99206,100,100168,100,99151,100,100489,100,98926,100,,,98918,100
2019-06-28 09:55:10.000000000,99902,588,99876,588,99914,100,99787,100,99997,100,99545,100,100067,100,99413,100,100076,100,99341,100,100114,100,99333,100,100154,100,99206,100,100168,100,99151,100,100489,100,98926,100,,,98918,100
2019-06-28 09:55:20.000000000,99902,344,99876,344,99914,344,99787,344,99997,100,99545,100,100067,100,99413,100,100076,100,99341,100,100114,100,99333,100,100154,100,99206,100,100168,100,99151,100,100489,100,98926,100,,,98918,100
2019-06-28 09:55:30.000000000,99902,344,99876,344,99914,344,99787,344,99997,100,99545,100,100067,100,99413,100,100076,100,99341,100,100114,100,99333,100,100154,100,99206,100,100168,100,99151,100,100489,100,98926,100,,,98918,100
2019-06-28 09:55:39.412759425,99902,344,99876,244,99914,344,99787,344,99997,100,99545,100,100067,100,99413,100,100076,100,99341,100,100114,100,99333,100,100154,100,99206,100,100168,100,99151,100,100489,100,98926,100,,,98918,100
2019-06-28 09:55:40.000000000,99902,222,99787,222,99914,222,99545,222,99997,222,99413,222,100067,222,99341,222,100076,100,99333,100,100114,100,99206,100,100154,100,99151,100,100168,100,98926,100,100489,100,98918,100,,,98893,100
2019-06-28 09:55:50.000000000,99902,198,99787,198,99914,198,99545,198,99997,198,99413,198,100067,198,99341,198,100076,198,99333,198,100114,100,99206,100,100154,100,99151,100,100168,100,98926,100,100489,100,98918,100,,,98893,100
2019-06-28 09:56:00.000000000,99902,266,99787,266,99914,261,99545,261,99997,261,99413,261,100067,100,99341,100,100076,100,99333,100,100114,100,99206,100,100154,100,99151,100,100168,100,98926,100,100489,100,98918,100,,,98893,100
2019-06-28 09:56:06.988459592,99902,266,99787,166,99914,261,99545,261,99997,261,99413,261,100067,100,99341,100,100076,100,99333,100,100114,100,99206,100,100154,100,99151,100,100168,100,98926,100,100489,100,98918,100,,,98893,100
2019-06-28 09:56:10.000000000,99902,588,99545,588,99914,100,99413,100,99997,100,99341,100,100067,100,99333,100,100076,100,99206,100,100114,100,99151,100,100154,100,98926,100,100168,100,98918,100,100489,100,98893,100,,,98882,100
2019-06-28 09:56:19.938197701,99902,588,99545,488,99914,100,99413,100,99997,100,99341,100,100067,100,99333,100,100076,100,99206,100,100114,100,99151,100,100154,100,98926,100,100168,100,98918,100,100489,100,98893,100,,,98882,100
2019-06-28 09:56:20.000000000,99902,198,99413,198,99914,198,99341,198,99997,198,99333,198,100067,198,99206,198,100076,198,99151,198,100114,100,98926,100,100154,100,98918,100,100168,100,98893,100,100489,100,98882,100,,,98868,100
2019-06-28 09:56:28.599932424,99787,100,99413,198,99902,198,99341,198,99914,198,99333,198,99997,198,99206,198,100067,198,99151,198,100076,198,98926,100,100114,100,98918,100,100154,100,98893,100,100168,100,98882,100,100489,100,98868,100
2019-06-28 09:56:30.000000000,99787,222,99413,222,99902,222,99341,222,99914,222,99333,222,99997,222,99206,222,100067,100,99151,100,100076,100,98926,100,100114,100,98918,100,100154,100,98893,100,100168,100,98882,100,100489,100,98868,100
2019-06-28 09:56:38.433825008,99787,222,99413,222,99902,222,99341,222,99914,222,99333,222,99997,222,99206,222,100067,100,99177,100,100076,100,99151,100,100114,100,98926,100,100154,100,98918,100,100168,100,98893,100,100489,100,98882,100
2019-06-28 09:56:40.000000000,99787,266,99413,266,99902,261,99341,261,99914,261,99333,261,99997,100,99206,100,100067,100,99177,100,100076,100,99151,100,100114,100,98926,100,100154,100,98918,100,100168,100,98893,100,100489,100,98882,100
2019-06-28 09:56:46.662809462,99787,266,99413,266,99902,261,99341,261,99914,261,99333,261,99997,100,99206,100,100067,100,99177,100,100076,100,99151,100,100114,100,99143,100,100154,100,98926,100,100168,100,98918,100,100489,100,98893,100
2019-06-28 09:56:50.000000000,99787,198,99413,198,99902,198,99341,198,99914,198,99333,198,99997,198,99206,198,100067,198,99177,198,100076,100,99151,100,100114,100,99143,100,100154,100,98926,100,100168,100,98918,100,100489,100,98893,100
2019-06-28 09:57:00.000000000,99787,588,99413,588,99902,100,99341,100,99914,100,99333,100,99997,100,99206,100,100067,100,99177,100,100076,100,99151,100,100114,100,99143,100,100154,100,98926,100,100168,100,98918,100,100489,100,98893,100
2019-06-28 09:57:01.416276046,99436,100,99413,588,99787,588,99341,100,99902,100,99333,100,99914,100,99206,100,99997,100,99177,100,100067,100,99151,100,100076,100,99143,100,100114,100,98926,100,100154,100,98918,100,100168,100,98893,100
2019-06-28 09:57:10.000000000,99436,588,99413,588,99787,100,99341,100,99902,100,99333,100,99914,100,99206,100,99997,100,99177,100,100067,100,99151,100,100076,100,99143,100,100114,100,98926,100,100154,100,98918,100,100168,100,98893,100
2019-06-28 09:57:12.780389952,99436,488,99413,588,99787,100,99341,100,99902,100,99333,100,99914,100,99206,100,99997,100,99177,100,100067,100,99151,100,100076,100,99143,100,100114,100,98926,100,100154,100,98918,100,100168,100,98893,100
2019-06-28 09:57:17.689393091,99436,488,99413,588,99787,100,99341,100,99902,100,99333,100,99914,100,99302,100,99997,100,99206,100,100067,100,99177,100,100076,100,99151,100,100114,100,99143,100,100154,100,98926,100,100168,100,98918,100
2019-06-28 09:57:20.000000000,99787,344,99413,344,99902,344,99341,344,99914,100,99333,100,99997,100,99302,100,100067,100,99206,100,100076,100,99177,100,100114,100,99151,100,100154,100,99143,100,100168,100,98926,100,100489,100,98918,100
2019-06-28 09:57:25.296110756,99787,344,99417,100,99902,344,99413,344,99914,100,99341,344,99997,100,99333,100,100067,100,99302,100,100076,100,99206,100,100114,100,99177,100,100154,100,99151,100,100168,100,99143,100,100489,100,98926,100
2019-06-28 09:57:30.000000000,99787,222,99417,222,99902,222,99413,222,99914,222,99341,222,99997,222,99333,222,100067,100,99302,100,100076,100,99206,100,100114,100,99177,100,100154,100,99151,100,100168,100,99143,100,100489,100,98926,100
2019-06-28 09:57:32.270079238,99778,100,99417,222,99787,222,99413,222,99902,222,99341,222,99914,222,99333,222,99997,222,99302,100,100067,100,99206,100,100076,100,99177,100,100114,100,99151,100,100168,100,99143,100,100489,100,98926,100
2019-06-28 09:57:40.000000000,99778,266,99417,266,99787,261,99413,261,99902,261,99341,261,99914,100,99333,100,99997,100,99302,100,100067,100,99206,100,100076,100,99177,100,100114,100,99151,100,100168,100,99143,100,100489,100,98926,100
2019-06-28 09:57:50.000000000,99778,198,99417,198,99787,198,99413,198,99902,198,99341,198,99914,198,99333,198,99997,198,99302,198,100067,100,99206,100,100076,100,99177,100,100114,100,99151,100,100168,100,99143,100,100489,100,98926,100
2019-06-28 09:58:00.000000000,99778,588,99417,588,99787,100,99413,100,99902,100,99341,100,99914,100,99333,100,99997,100,99302,100,100067,100,99206,100,100076,100,99177,100,100114,100,99151,100,100168,100,99143,100,100489,100,98926,100
2019-06-28 09:58:10.000000000,99778,344,99417,344,99787,344,99413,344,99902,100,99341,100,99914,100,99333,100,99997,100,99302,100,100067,100,99206,100,100076,100,99177,100,100114,100,99151,100,100168,100,99143,100,100489,100,98926,100
2019-06-28 09:58:20.000000000,99778,344,99417,344,99787,344,99413,344,99902,100,99341,100,99914,100,99333,100,99997,100,99302,100,100067,100,99206,100,100076,100,99177,100,100114,100,99151,100,100168,100,99143,100,100489,100,98926,100
2019-06-28 09:58:30.000000000,99778,222,99417,222,99787,222,99413,222,99902,222,99341,222,99914,222,99333,222,99997,100,99302,100,100067,100,99206,100,100076,100,99177,100,100114,100,99151,100,100168,100,99143,100,100489,100,98926,100
2019-06-28 09:58:39.737725724,99778,222,99417,222,99787,222,99413,222,99902,222,99341,222,99914,222,99333,222,99997,100,99302,100,100067,100,99206,100,100076,100,99177,100,100114,100,99151,100,100168,100,99143,100,100489,100,98926,100
2019-06-28 09:58:40.000000000,99778,344,99417,344,99787,344,99413,344,99902,100,99341,100,99914,100,99333,100,99997,100,99302,100,100067,100,99206,100,100076,100,99177,100,100114,100,99151,100,100168,100,99143,100,100489,100,98926,100
2019-06-28 09:58:42.409384103,99778,344,99417,344,99787,344,99413,344,99902,100,99341,100,99914,100,99333,100,99997,100,99302,100,100067,100,99206,100,100076,100,99177,100,100114,100,99151,100,100168,100,99143,100,100489,100,98926,100
2019-06-28 09:58:47.643029902,99435,100,99417,344,99778,344,99413,344,99787,344,99341,100,99902,100,99333,100,99997,100,99302,100,100067,100,99206,100,100076,100,99177,100,100114,100,99151,100,100168,100,99143,100,100489,100,98926,100
2019-06-28 09:58:50.000000000,99435,198,99417,198,99778,198,99413,198,99787,198,99341,198,99902,198,99333,198,99997,198,99302,198,100067,100,99206,100,100076,100,99177,100,100114,100,99151,100,100168,100,99143,100,100489,100,98926,100
2019-06-28 09:58:51.070064629,99435,198,99417,198,99778,198,99413,198,99787,198,99341,198,99902,198,99333,198,99997,198,99302,198,100067,100,99206,100,100076,100,99177,100,100114,100,99151,100,100168,100,99143,100,100489,100,98926,100
2019-06-28 09:59:00.000000000,99435,222,99417,222,99778,222,99413,222,99787,222,99341,222,99902,222,99333,222,99997,100,99302,100,100067,100,99206,100,100076,100,99177,100,100114,100,99151,100,100168,100,99143,100,100489,100,98926,100
2019-06-28 09:59:03.318648293,99435,322,99417,222,99778,222,99413,222,99787,222,99341,222,99902,222,99333,222,99997,100,99302,100,100067,100,99206,100,100076,100,99177,100,100114,100,99151,100,100168,100,99143,100,100489,100,98926,100
2019-06-28 09:59:10.000000000,99435,322,99417,222,99778,222,99413,222,99787,222,99341,222,99902,222,99333,222,99997,100,99302,100,100067,100,99206,100,100076,100,99177,100,100114,100,99151,100,100168,100,99143,100,100489,100,98926,100
2019-06-28 09:59:17.586540539,99435,322,99417,122,99778,222,99413,222,99787,222,99341,222,99902,222,99333,222,99997,100,99302,100,100067,100,99206,100,100076,100,99177,100,100114,100,99151,100,100168,100,99143,100,100489,100,98926,100
2019-06-28 09:59:20.000000000,99435,688,99413,588,99778,100,99341,100,99787,100,99333,100,99902,100,99302,100,99997,100,99206,100,100067,100,99177,100,100076,100,99151,100,100114,100,99143,100,100168,100,98926,100,100489,100,98918,100
2019-06-28 09:59:30.000000000,99435,444,99413,344,99778,344,99341,344,99787,100,99333,100,99902,100,99302,100,99997,100,99206,100,100067,100,99177,100,100076,100,99151,100,100114,100,99143,100,100168,100,98926,100,100489,100,98918,100
2019-06-28 09:59:40.000000000,99435,688,99413,588,99778,100,99341,100,99787,100,99333,100,99902,100,99302,100,99997,100,99206,100,100067,100,99177,100,100076,100,99151,100,100114,100,99143,100,100168,100,98926,100,100489,100,98918,100
2019-06-28 09:59:50.000000000,99435,298,99413,198,99778,198,99341,198,99787,198,99333,198,99902,198,99302,198,99997,198,99206,198,100067,100,99177,100,100076,100,99151,100,100114,100,99143,100,100168,100,98926,100,100489,100,98918,100
2019-06-28 10:00:00.000000000,99435,298,99413,198,99778,198,99341,198,99787,198,99333,198,99902,198,99302,198,99997,198,99206,198,100067,100,99177,100,100076,100,99151,100,100114,100,99143,100,100168,100,98926,100,100489,100,98918,100
2019-06-28 10:00:10.000000000,99435,444,99413,344,99778,344,99341,344,99787,100,99333,100,99902,100,99302,100,99997,100,99206,100,100067,100,99177,100,100076,100,99151,100,100114,100,99143,100,100168,100,98926,100,100489,100,98918,100
2019-06-28 10:00:12.655810121,99435,444,99413,144,99778,344,99341,344,99787,100,99333,100,99902,100,99302,100,99997,100,99206,100,100067,100,99177,100,100076,100,99151,100,100114,100,99143,100,100168,100,98926,100,100489,100,98918,100
2019-06-28 10:00:16.591094682,99435,444,99413,44,99778,344,99341,344,99787,100,99333,100,99902,100,99302,100,99997,100,99206,100,100067,100,99177,100,100076,100,99151,100,100114,100,99143,100,100168,100,98926,100,100489,100,98918,100
2019-06-28 10:00:20.000000000,99435,298,99341,198,99778,198,99333,198,99787,198,99302,198,99902,198,99206,198,99997,198,99177,198,100067,100,99151,100,100076,100,99143,100,100114,100,98926,100,100168,100,98918,100,100489,100,98893,100
2019-06-28 10:00:24.869390998,99435,298,99341,198,99778,198,99333,198,99787,198,99302,198,99902,198,99206,198,99997,198,99177,198,100067,100,99151,100,100076,100,99092,100,100114,100,98926,100,100168,100,98918,100,100489,100,98893,100
2019-06-28 10:00:28.409813969,99435,298,99341,198,99778,198,99333,198,99787,198,99302,198,99902,198,99258,100,99997,198,99206,198,100067,100,99177,198,100076,100,99151,100,100114,100,99092,100,100168,100,98926,100,100489,100,98918,100
2019-06-28 10:00:30.000000000,99435,298,99341,198,99778,198,99333,198,99787,198,99302,198,99902,198,99258,198,99997,198,99206,198,100067,100,99177,100,100076,100,99151,100,100114,100,99092,100,100168,100,98926,100,100489,100,98918,100
2019-06-28 10:00:40.000000000,99435,322,99341,222,99778,222,99333,222,99787,222,99302,222,99902,222,99258,222,99997,100,99206,100,100067,100,99177,100,100076,100,99151,100,100114,100,99092,100,100168,100,98926,100,100489,100,98918,100
2019-06-28 10:00:45.491508035,99431,100,99341,222,99435,322,99333,222,99778,222,99302,222,99787,222,99258,222,99902,222,99206,100,99997,100,99177,100,100067,100,99092,100,100076,100,98926,100,100114,100,98918,100,100168,100,98893,100
2019-06-28 10:00:50.000000000,99431,344,99341,344,99435,444,99333,344,99778,100,99302,100,99787,100,99258,100,99902,100,99206,100,99997,100,99177,100,100067,100,99092,100,100076,100,98926,100,100114,100,98918,100,100168,100,98893,100
2019-06-28 10:01:00.000000000,99431,344,99341,344,99435,444,99333,344,99778,100,99302,100,99787,100,99258,100,99902,100,99206,100,99997,100,99177,100,100067,100,99092,100,100076,100,98926,100,100114,100,98918,100,100168,100,98893,100
2019-06-28 10:01:10.000000000,99431,344,99341,344,99435,444,99333,344,99778,100,99302,100,99787,100,99258,100,99902,100,99206,100,99997,100,99177,100,100067,100,99092,100,100076,100,98926,100,100114,100,98918,100,100168,100,98893,100
2019-06-28 10:01:20.000000000,99431,344,99341,344,99435,444,99333,344,99778,100,99302,100,99787,100,99258,100,99902,100,99206,100,99997,100,99177,100,100067,100,99092,100,100076,100,98926,100,100114,100,98918,100,100168,100,98893,100
2019-06-28 10:01:20.272339288,99431,344,99414,100,99435,444,99341,344,99778,100,99333,344,99787,100,99302,100,99902,100,99258,100,99997,100,99206,100,100067,100,99177,100,100076,100,99092,100,100114,100,98926,100,100168,100,98918,100
2019-06-28 10:01:30.000000000,99431,266,99414,266,99435,361,99341,261,99778,261,99333,261,99787,100,99302,100,99902,100,99258,100,99997,100,99206,100,100067,100,99177,100,100076,100,99092,100,100114,100,98926,100,100168,100,98918,100
2019-06-28 10:01:32.081633076,99431,266,99414,366,99435,361,99341,261,99778,261,99333,261,99787,100,99302,100,99902,100,99258,100,99997,100,99206,100,100067,100,99177,100,100076,100,99092,100,100114,100,98926,100,100168,100,98918,100
2019-06-28 10:01:40.000000000,99431,588,99414,688,99435,200,99341,100,99778,100,99333,100,99787,100,99302,100,99902,100,99258,100,99997,100,99206,100,100067,100,99177,100,100076,100,99092,100,100114,100,98926,100,100168,100,98918,100
2019-06-28 10:01:41.966937362,99431,588,99414,688,99435,200,99341,100,99778,100,99333,100,99787,100,99302,100,99902,100,99258,100,99979,100,99206,100,99997,100,99092,100,100067,100,98926,100,100076,100,98918,100,100114,100,98893,100
2019-06-28 10:01:50.000000000,99431,344,99414,444,99435,444,99341,344,99778,100,99333,100,99787,100,99302,100,99902,100,99258,100,99979,100,99206,100,99997,100,99092,100,100067,100,98926,100,100076,100,98918,100,100114,100,98893,100
2019-06-28 10:01:50.928268505,99431,344,99414,444,99435,444,99341,344,99724,100,99333,100,99778,100,99302,100,99787,100,99258,100,99902,100,99206,100,99979,100,99092,100,99997,100,98926,100,100067,100,98918,100,100076,100,98893,100
2019-06-28 10:01:55.275778874,99431,244,99414,444,99435,444,99341,344,99724,100,99333,100,99778,100,99302,100,99787,100,99258,100,99902,100,99206,100,99979,100,99092,100,99997,100,98926,100,100067,100,98918,100,100076,100,98893,100
2019-06-28 10:01:56.481392373,99431,244,99414,444,99435,444,99343,100,99724,100,99341,344,99778,100,99333,100,99787,100,99302,100,99902,100,99258,100,99979,100,99206,100,99997,100,99092,100,100067,100,98926,100,100076,100,98918,100
2019-06-28 10:02:00.000000000,99435,298,99414,298,99724,198,99343,198,99778,198,99341,198,99787,198,99333,198,99902,198,99302,198,99979,100,99258,100,99997,100,99206,100,100067,100,99092,100,100076,100,98926,100,100114,100,98918,100
2019-06-28 10:02:05.890485997,99435,298,99414,298,99686,100,99343,198,99724,198,99341,198,99778,198,99333,198,99787,198,99302,198,99902,198,99258,100,99979,100,99092,100,99997,100,98926,100,100067,100,98918,100,100076,100,98893,100
2019-06-28 10:02:09.571665869,99435,298,99414,298,99686,100,99343,98,99724,198,99341,198,99725,100,99333,198,99778,198,99302,198,99787,198,99258,100,99902,198,99092,100,99979,100,98926,100,99997,100,98918,100,100067,100,98893,100
2019-06-28 10:02:10.000000000,99435,366,99414,366,99686,261,99341,261,99724,261,99333,261,99725,100,99302,100,99778,100,99258,100,99787,100,99092,100,99902,100,98926,100,99979,100,98918,100,99997,100,98893,100,100067,100,98864,100
2019-06-28 10:02:11.135488578,99435,366,99415,100,99686,261,99414,366,99724,261,99341,261,99725,100,99333,261,99778,100,99302,100,99787,100,99258,100,99902,100,99092,100,99979,100,98926,100,99997,100,98918,100,100067,100,98893,100
2019-06-28 10:02:16.867430166,99435,366,99415,100,99686,261,99414,366,99724,261,99341,261,99725,100,99333,261,99778,100,99302,100,99787,100,99258,100,99902,100,99092,100,99979,100,98926,100,99997,100,98918,100,100067,100,98893,100
2019-06-28 10:02:20.000000000,99435,322,99415,222,99686,222,99414,322,99724,222,99341,222,99725,222,99333,222,99778,100,99302,100,99787,100,99258,100,99902,100,99092,100,99979,100,98926,100,99997,100,98918,100,100067,100,98893,100
2019-06-28 10:02:22.287724490,99435,322,99415,222,99686,122,99414,322,99724,222,99341,222,99725,222,99333,222,99778,100,99302,100,99787,100,99258,100,99788,100,99092,100,99902,100,98926,100,99979,100,98918,100,99997,100,98893,100
2019-06-28 10:02:28.224307122,99435,222,99415,222,99686,122,99414,322,99724,222,99341,222,99725,222,99333,222,99778,100,99302,100,99787,100,99258,100,99788,100,99092,100,99902,100,98926,100,99979,100,98918,100,99997,100,98893,100
2019-06-28 10:02:29.123295618,99435,222,99431,100,99686,122,99415,222,99724,222,99414,322,99725,222,99341,222,99778,100,99333,222,99787,100,99302,100,99788,100,99258,100,99902,100,99092,100,99979,100,98926,100,100067,100,98918,100
2019-06-28 10:02:30.000000000,99435,222,99431,222,99724,222,99415,222,99725,222,99414,322,99778,222,99341,222,99787,100,99333,100,99788,100,99302,100,99902,100,99258,100,99979,100,99092,100,100067,100,98926,100,100076,100,98918,100
2019-06-28 10:02:40.000000000,99435,222,99431,222,99724,222,99415,222,99725,222,99414,322,99778,222,99341,222,99787,100,99333,100,99788,100,99302,100,99902,100,99258,100,99979,100,99092,100,100067,100,98926,100,100076,100,98918,100
2019-06-28 10:02:50.000000000,99435,222,99431,222,99724,222,99415,222,99725,222,99414,322,99778,222,99341,222,99787,100,99333,100,99788,100,99302,100,99902,100,99258,100,99979,100,99092,100,100067,100,98926,100,100076,100,98918,100
2019-06-28 10:03:00.000000000,99435,266,99431,266,99724,261,99415,261,99725,261,99414,361,99778,100,99341,100,99787,100,99333,100,99788,100,99302,100,99902,100,99258,100,99979,100,99092,100,100067,100,98926,100,100076,100,98918,100
2019-06-28 10:03:10.000000000,99435,266,99431,266,99724,261,99415,261,99725,261,99414,361,99778,100,99341,100,99787,100,99333,100,99788,100,99302,100,99902,100,99258,100,99979,100,99092,100,100067,100,98926,100,100076,100,98918,100
2019-06-28 10:03:12.100545694,99435,166,99431,266,99724,261,99415,261,99725,261,99414,361,99778,100,99341,100,99787,100,99333,100,99788,100,99302,100,99902,100,99258,100,99979,100,99092,100,100067,100,98926,100,100076,100,98918,100
2019-06-28 10:03:20.000000000,99724,222,99431,222,99725,222,99415,222,99778,222,99414,322,99787,222,99341,222,99788,100,99333,100,99902,100,99302,100,99979,100,99258,100,100067,100,99092,100,100076,100,98926,100,100114,100,98918,100
2019-06-28 10:03:30.000000000,99724,198,99431,198,99725,198,99415,198,99778,198,99414,298,99787,198,99341,198,99788,198,99333,198,99902,100,99302,100,99979,100,99258,100,100067,100,99092,100,100076,100,98926,100,100114,100,98918,100
2019-06-28 10:03:30.184707864,99724,198,99511,100,99725,198,99431,198,99778,198,99415,198,99787,198,99414,298,99788,198,99341,198,99902,100,99333,198,99979,100,99302,100,100067,100,99258,100,100076,100,99092,100,100114,100,98926,100
2019-06-28 10:03:35.193812779,99724,198,99511,100,99725,198,99435,100,99778,198,99431,198,99787,198,99415,198,99788,198,99414,298,99902,100,99341,198,99979,100,99333,198,100067,100,99302,100,100076,100,99258,100,100114,100,99092,100
2019-06-28 10:03:40.000000000,99724,266,99511,266,99725,261,99435,261,99778,261,99431,261,99787,100,99415,100,99788,100,99414,200,99902,100,99341,100,99979,100,99333,100,100067,100,99302,100,100076,100,99258,100,100114,100,99092,100
2019-06-28 10:03:50.000000000,99724,266,99511,266,99725,261,99435,261,99778,261,99431,261,99787,100,99415,100,99788,100,99414,200,99902,100,99341,100,99979,100,99333,100,100067,100,99302,100,100076,100,99258,100,100114,100,99092,100
2019-06-28 10:03:58.932583670,99724,266,99511,266,99725,261,99435,261,99778,261,99431,261,99787,100,99415,100,99788,100,99414,200,99849,100,99341,100,99902,100,99333,100,99979,100,99302,100,100067,100,99258,100,100076,100,99092,100
2019-06-28 10:04:00.000000000,99724,198,99511,198,99725,198,99435,198,99778,198,99431,198,99787,198,99415,198,99788,198,99414,298,99849,100,99341,100,99902,100,99333,100,99979,100,99302,100,100067,100,99258,100,100076,100,99092,100
2019-06-28 10:04:06.410404855,99694,100,99511,198,99724,198,99435,198,99725,198,99431,198,99778,198,99415,198,99787,198,99414,298,99788,198,99341,100,99849,100,99333,100,99902,100,99302,100,99979,100,99258,100,100067,100,99092,100
2019-06-28 10:04:06.720532646,99571,100,99511,198,99694,100,99435,198,99724,198,99431,198,99725,198,99415,198,99778,198,99414,298,99787,198,99341,100,99788,98,99333,100,99849,100,99302,100,99902,100,99258,100,99979,100,99092,100
2019-06-28 10:04:10.000000000,99571,266,99511,266,99694,261,99435,261,99724,261,99431,261,99725,100,99415,100,99778,100,99414,200,99787,100,99341,100,99849,100,99333,100,99902,100,99302,100,99979,100,99258,100,100067,100,99092,100
2019-06-28 10:04:16.460023518,99571,266,99511,266,99694,261,99435,361,99724,261,99431,261,99725,100,99415,100,99778,100,99414,200,99849,100,99341,100,99902,100,99333,100,99979,100,99302,100,100067,100,99258,100,100076,100,99092,100
2019-06-28 10:04:19.044738763,99571,266,99539,100,99694,261,99511,266,99724,261,99435,361,99725,100,99431,261,99778,100,99415,100,99849,100,99414,200,99902,100,99341,100,99979,100,99333,100,100067,100,99302,100,100076,100,99258,100
2019-06-28 10:04:20.000000000,99571,222,99539,222,99694,222,99511,222,99724,222,99435,322,99725,222,99431,222,99778,100,99415,100,99849,100,99414,200,99902,100,99341,100,99979,100,99333,100,100067,100,99302,100,100076,100,99258,100
2019-06-28 10:04:30.000000000,99571,344,99539,344,99694,344,99511,344,99724,100,99435,200,99725,100,99431,100,99778,100,99415,100,99849,100,99414,200,99902,100,99341,100,99979,100,99333,100,100067,100,99302,100,100076,100,99258,100
2019-06-28 10:04:38.577293717,99571,344,99539,344,99694,344,99511,344,99724,100,99435,200,99725,100,99431,100,99778,100,99415,100,99846,100,99414,200,99849,100,99341,100,99902,100,99333,100,99979,100,99302,100,100067,100,99092,100
2019-06-28 10:04:40.000000000,99571,266,99539,266,99694,261,99511,261,99724,261,99435,361,99725,100,99431,100,99778,100,99415,100,99846,100,99414,200,99849,100,99341,100,99902,100,99333,100,99979,100,99302,100,100067,100,99092,100
2019-06-28 10:04:50.000000000,99571,344,99539,344,99694,344,99511,344,99724,100,99435,200,99725,100,99431,100,99778,100,99415,100,99846,100,99414,200,99849,100,99341,100,99902,100,99333,100,99979,100,99302,100,100067,100,99092,100
2019-06-28 10:05:00.000000000,99571,266,99539,266,99694,261,99511,261,99724,261,99435,361,99725,100,99431,100,99778,100,99415,100,99846,100,99414,200,99849,100,99341,100,99902,100,99333,100,99979,100,99302,100,100067,100,99092,100
2019-06-28 10:05:10.000000000,99571,588,99539,588,99694,100,99511,100,99724,100,99435,200,99725,100,99431,100,99778,100,99415,100,99846,100,99414,200,99849,100,99341,100,99902,100,99333,100,99979,100,99302,100,100067,100,99092,100
2019-06-28 10:05:20.000000000,99571,222,99539,222,99694,222,99511,222,99724,222,99435,322,99725,222,99431,222,99778,100,99415,100,99846,100,99414,200,99849,100,99341,100,99902,100,99333,100,99979,100,99302,100,100067,100,99092,100
2019-06-28 10:05:20.642547910,99571,222,99539,222,99694,222,99511,222,99724,222,99435,422,99725,222,99431,222,99778,100,99415,100,99846,100,99414,200,99849,100,99341,100,99902,100,99333,100,99979,100,99302,100,100067,100,99092,100
2019-06-28 10:05:21.782584773,99571,222,99539,122,99694,222,99511,222,99724,222,99435,422,99725,222,99431,222,99778,100,99415,100,99846,100,99414,200,99849,100,99341,100,99902,100,99333,100,99979,100,99302,100,100067,100,99092,100
2019-06-28 10:05:28.112891506,99571,222,99539,22,99694,222,99511,222,99724,222,99435,422,99725,222,99431,222,99778,100,99415,100,99846,100,99414,200,99849,100,99341,100,99902,100,99333,100,99979,100,99302,100,100076,100,99092,100
2019-06-28 10:05:30.000000000,99571,266,99511,266,99694,261,99435,461,99724,261,99431,261,99725,100,99415,100,99778,100,99414,200,99846,100,99341,100,99849,100,99333,100,99902,100,99302,100,99979,100,99092,100,100076,100,98926,100
2019-06-28 10:05:40.000000000,99571,198,99511,198,99694,198,99435,398,99724,198,99431,198,99725,198,99415,198,99778,198,99414,298,99846,100,99341,100,99849,100,99333,100,99902,100,99302,100,99979,100,99092,100,100076,100,98926,100
2019-06-28 10:05:50.000000000,99571,344,99511,344,99694,344,99435,544,99724,100,99431,100,99725,100,99415,100,99778,100,99414,200,99846,100,99341,100,99849,100,99333,100,99902,100,99302,100,99979,100,99092,100,100076,100,98926,100
2019-06-28 10:06:00.000000000,99571,344,99511,344,99694,344,99435,544,99724,100,99431,100,99725,100,99415,100,99778,100,99414,200,99846,100,99341,100,99849,100,99333,100,99902,100,99302,100,99979,100,99092,100,100076,100,98926,100
2019-06-28 10:06:02.836844116,99568,100,99511,344,99571,344,99435,544,99694,344,99431,100,99724,100,99415,100,99725,100,99414,200,99778,100,99333,100,99846,100,99302,100,99849,100,99092,100,99902,100,98926,100,99979,100,98918,100
2019-06-28 10:06:10.000000000,99568,266,99511,266,99571,261,99435,461,99694,261,99431,261,99724,100,99415,100,99725,100,99414,200,99778,100,99333,100,99846,100,99302,100,99849,100,99092,100,99902,100,98926,100,99979,100,98918,100
2019-06-28 10:06:17.390900400,99568,266,99511,266,99571,261,99435,461,99694,261,99431,261,99724,100,99415,100,99725,100,99414,200,99778,100,99333,100,99846,100,99302,100,99849,100,99092,100,99902,100,98926,100,99979,100,98918,100
2019-06-28 10:06:18.843711142,99568,266,99511,266,99571,261,99435,461,99583,100,99431,261,99694,261,99415,100,99724,100,99414,200,99725,100,99333,100,99778,100,99302,100,99846,100,99092,100,99849,100,98926,100,99902,100,98918,100
2019-06-28 10:06:20.000000000,99568,222,99511,222,99571,222,99435,422,99583,222,99431,222,99694,222,99415,222,99724,100,99414,200,99725,100,99333,100,99778,100,99302,100,99846,100,99092,100,99849,100,98926,100,99902,100,98918,100
2019-06-28 10:06:30.000000000,99568,266,99511,266,99571,261,99435,461,99583,261,99431,261,99694,100,99415,100,99724,100,99414,200,99725,100,99333,100,99778,100,99302,100,99846,100,99092,100,99849,100,98926,100,99902,100,98918,100
2019-06-28 10:06:39.202908008,99530,100,99511,266,99568,266,99435,461,99571,261,99431,261,99583,261,99415,100,99694,100,99414,200,99724,100,99333,100,99725,100,99302,100,99778,100,99092,100,99846,100,98926,100,99849,100,98893,100
2019-06-28 10:06:40.000000000,99530,266,99511,266,99568,261,99435,461,99571,261,99431,261,99583,100,99415,100,99694,100,99414,200,99724,100,99333,100,99725,100,99302,100,99778,100,99092,100,99846,100,98926,100,99849,100,98893,100
2019-06-28 10:06:50.000000000,99530,198,99511,198,99568,198,99435,398,99571,198,99431,198,99583,198,99415,198,99694,198,99414,298,99724,100,99333,100,99725,100,99302,100,99778,100,99092,100,99846,100,98926,100,99849,100,98893,100
2019-06-28 10:07:00.000000000,99530,344,99511,344,99568,344,99435,544,99571,100,99431,100,99583,100,99415,100,99694,100,99414,200,99724,100,99333,100,99725,100,99302,100,99778,100,99092,100,99846,100,98926,100,99849,100,98893,100
2019-06-28 10:07:10.000000000,99530,344,99511,344,99568,344,99435,544,99571,100,99431,100,99583,100,99415,100,99694,100,99414,200,99724,100,99333,100,99725,100,99302,100,99778,100,99092,100,99846,100,98926,100,99849,100,98893,100
2019-06-28 10:07:20.000000000,99530,344,99511,344,99568,344,99435,544,99571,100,99431,100,99583,100,99415,100,99694,100,99414,200,99724,100,99333,100,99725,100,99302,100,99778,100,99092,100,99846,100,98926,100,99849,100,98893,100
2019-06-28 10:07:30.000000000,99530,266,99511,266,99568,261,99435,461,99571,261,99431,261,99583,100,99415,100,99694,100,99414,200,99724,100,99333,100,99725,100,99302,100,99778,100,99092,100,99846,100,98926,100,99849,100,98893,100
2019-06-28 10:07:40.000000000,99530,344,99511,344,99568,344,99435,544,99571,100,99431,100,99583,100,99415,100,99694,100,99414,200,99724,100,99333,100,99725,100,99302,100,99778,100,99092,100,99846,100,98926,100,99849,100,98893,100
2019-06-28 10:07:42.570480959,99530,344,99511,344,99568,344,99435,544,99571,100,99431,100,99583,100,99415,100,99694,100,99414,200,99724,100,99333,100,99725,100,99302,100,99778,100,99092,100,99846,100,98926,100,99849,100,98893,100
2019-06-28 10:07:50.000000000,99530,266,99511,266,99568,261,99435,461,99571,261,99431,261,99583,100,99415,100,99694,100,99414,200,99724,100,99333,100,99725,100,99302,100,99778,100,99092,100,99846,100,98926,100,99849,100,98893,100
2019-06-28 10:07:55.837457712,99530,266,99511,266,99539,100,99435,461,99568,261,99431,261,99571,261,99415,100,99583,100,99414,200,99694,100,99333,100,99724,100,99302,100,99725,100,99092,100,99778,100,98926,100,99846,100,98893,100
2019-06-28 10:08:00.000000000,99530,198,99511,198,99539,198,99435,398,99568,198,99431,198,99571,198,99415,198,99583,198,99414,298,99694,100,99333,100,99724,100,99302,100,99725,100,99092,100,99778,100,98926,100,99846,100,98893,100
2019-06-28 10:08:05.113828203,99530,198,99511,198,99539,198,99435,398,99568,198,99431,198,99571,198,99415,198,99583,198,99414,298,99694,100,99333,100,99724,100,99302,100,99725,100,99092,100,99778,100,98926,100,99846,100,98893,100
2019-06-28 10:08:07.471610462,99530,198,99511,98,99539,198,99435,398,99568,198,99431,198,99571,198,99415,198,99583,198,99414,298,99694,100,99333,100,99724,100,99302,100,99725,100,99092,100,99778,100,98926,100,99846,100,98893,100
2019-06-28 10:08:10.000000000,99530,344,99435,544,99539,344,99431,344,99568,100,99415,100,99571,100,99414,200,99583,100,99333,100,99694,100,99302,100,99724,100,99092,100,99725,100,98926,100,99778,100,98893,100,99846,100,98822,100
2019-06-28 10:08:20.000000000,99530,588,99435,788,99539,100,99431,100,99568,100,99415,100,99571,100,99414,200,99583,100,99333,100,99694,100,99302,100,99724,100,99092,100,99725,100,98926,100,99778,100,98893,100,99846,100,98822,100
2019-06-28 10:08:30.000000000,99530,588,99435,788,99539,100,99431,100,99568,100,99415,100,99571,100,99414,200,99583,100,99333,100,99694,100,99302,100,99724,100,99092,100,99725,100,98926,100,99778,100,98893,100,99846,100,98822,100
2019-06-28 10:08:40.000000000,99530,588,99435,788,99539,100,99431,100,99568,100,99415,100,99571,100,99414,200,99583,100,99333,100,99694,100,99302,100,99724,100,99092,100,99725,100,98926,100,99778,100,98893,100,99846,100,98822,100
2019-06-28 10:08:50.000000000,99530,198,99435,398,99539,198,99431,198,99568,198,99415,198,99571,198,99414,298,99583,198,99333,198,99694,100,99302,100,99724,100,99092,100,99725,100,98926,100,99778,100,98893,100,99846,100,98822,100
2019-06-28 10:09:00.000000000,99530,344,99435,544,99539,344,99431,344,99568,100,99415,100,99571,100,99414,200,99583,100,99333,100,99694,100,99302,100,99724,100,99092,100,99725,100,98926,100,99778,100,98893,100,99846,100,98822,100
2019-06-28 10:09:10.000000000,99530,588,99435,788,99539,100,99431,100,99568,100,99415,100,99571,100,99414,200,99583,100,99333,100,99694,100,99302,100,99724,100,99092,100,99725,100,98926,100,99778,100,98893,100,99846,100,98822,100
2019-06-28 10:09:20.000000000,99530,266,99435,466,99539,261,99431,261,99568,261,99415,261,99571,100,99414,200,99583,100,99333,100,99694,100,99302,100,99724,100,99092,100,99725,100,98926,100,99778,100,98893,100,99846,100,98822,100
2019-06-28 10:09:30.000000000,99530,198,99435,398,99539,198,99431,198,99568,198,99415,198,99571,198,99414,298,99583,198,99333,198,99694,100,99302,100,99724,100,99092,100,99725,100,98926,100,99778,100,98893,100,99846,100,98822,100
2019-06-28 10:09:37.761097217,99529,100,99435,398,99530,198,99431,198,99539,198,99415,198,99568,198,99414,298,99571,198,99333,198,99583,198,99302,100,99694,100,99092,100,99724,100,98926,100,99725,100,98893,100,99778,100,98822,100
2019-06-28 10:09:40.000000000,99529,344,99435,544,99530,344,99431,344,99539,100,99415,100,99568,100,99414,200,99571,100,99333,100,99583,100,99302,100,99694,100,99092,100,99724,100,98926,100,99725,100,98893,100,99778,100,98822,100
2019-06-28 10:09:50.000000000,99529,266,99435,466,99530,261,99431,261,99539,261,99415,261,99568,100,99414,200,99571,100,99333,100,99583,100,99302,100,99694,100,99092,100,99724,100,98926,100,99725,100,98893,100,99778,100,98822,100
