,ask_price_1,ask_size_1,bid_price_1,bid_size_1,ask_price_2,ask_size_2,bid_price_2,bid_size_2,ask_price_3,ask_size_3,bid_price_3,bid_size_3,ask_price_4,ask_size_4,bid_price_4,bid_size_4,ask_price_5,ask_size_5,bid_price_5,bid_size_5,ask_price_6,ask_size_6,bid_price_6,bid_size_6,ask_price_7,ask_size_7,bid_price_7,bid_size_7,ask_price_8,ask_size_8,bid_price_8,bid_size_8,ask_price_9,ask_size_9,bid_price_9,bid_size_9,ask_price_10,ask_size_10,bid_price_10,bid_size_10
2019-06-28 09:30:00.000000000,,,99848,100,,,,,,,,,,,,,,,,,,,,,,,,,,,,,,,,,,,,
2019-06-28 09:30:00.000000003,100077,100,100067,100,,,99848,100,,,,,,,,,,,,,,,,,,,,,,,,,,,,,,,,
2019-06-28 09:30:00.000000005,100077,100,100067,100,,,99940,100,,,99848,100,,,,,,,,,,,,,,,,,,,,,,,,,,,,
2019-06-28 09:30:00.000000008,100077,100,100067,100,,,99940,100,,,99848,100,,,99814,100,,,,,,,,,,,,,,,,,,,,,,,,
2019-06-28 09:30:00.000000009,100077,100,100067,100,,,99940,100,,,99882,100,,,99848,100,,,99814,100,,,,,,,,,,,,,,,,,,,,
2019-06-28 09:30:00.000000010,100077,100,100067,100,,,99943,100,,,99940,100,,,99882,100,,,99848,100,,,99814,100,,,,,,,,,,,,,,,,
2019-06-28 09:30:00.000000013,100077,100,99943,100,100133,100,99940,100,,,99882,100,,,99848,100,,,99814,100,,,,,,,,,,,,,,,,,,,,
2019-06-28 09:30:00.000000014,100039,100,99943,100,100077,100,99940,100,100133,100,99882,100,,,99858,100,,,99848,100,,,99814,100,,,,,,,,,,,,,,,,
2019-06-28 09:30:00.000000015,100039,100,99952,100,100077,100,99943,100,100133,100,99940,100,,,99921,100,,,99882,100,,,99858,100,,,99848,100,,,99827,100,,,99814,100,,,,
2019-06-28 09:30:00.000000018,100039,100,99952,100,100044,100,99943,100,100077,100,99940,100,100133,100,99921,100,,,99882,100,,,99858,100,,,99848,100,,,99827,100,,,99814,100,,,,
2019-06-28 09:30:00.000000021,100039,100,99993,100,100044,100,99952,100,100077,100,99943,100,100133,100,99940,100,,,99921,100,,,99882,100,,,99858,100,,,99848,100,,,99827,100,,,99814,100
2019-06-28 09:30:00.000000022,100039,100,100030,100,100044,100,99993,100,100077,100,99952,100,100133,100,99943,100,,,99940,100,,,99921,100,,,99882,100,,,99858,100,,,99848,100,,,99827,100
2019-06-28 09:30:00.000000024,100039,100,100030,100,100044,100,99993,100,100077,100,99963,100,100133,100,99952,100,,,99943,100,,,99940,100,,,99921,100,,,99882,100,,,99879,100,,,99858,100
2019-06-28 09:30:00.000000025,100039,100,99993,100,100044,100,99963,100,100077,100,99952,100,100133,100,99943,100,,,99940,100,,,99921,100,,,99882,100,,,99879,100,,,99858,100,,,99848,100
2019-06-28 09:30:00.000000026,100039,100,100014,100,100044,100,99993,100,100077,100,99963,100,100133,100,99952,100,,,99943,100,,,99940,100,,,99921,100,,,99882,100,,,99879,100,,,99858,100
2019-06-28 09:30:00.000000029,100039,100,100014,100,100044,100,99993,100,100077,100,99963,100,100133,100,99952,100,,,99943,100,,,99940,100,,,99921,100,,,99882,100,,,99879,100,,,99864,100
2019-06-28 09:30:00.000000033,100039,100,100014,100,100044,100,99993,100,100067,100,99963,100,100077,100,99952,100,100087,100,99943,100,100133,100,99940,100,,,99921,100,,,99882,100,,,99879,100,,,99864,100
2019-06-28 09:30:00.000000039,100039,100,100014,100,100044,100,100010,100,100067,100,99993,100,100077,100,99963,100,100087,100,99952,100,100133,100,99943,100,,,99940,100,,,99921,100,,,99882,100,,,99879,100
2019-06-28 09:30:00.000000040,100039,100,100014,100,100044,100,100010,100,100067,100,99993,100,100077,100,99963,100,100087,100,99953,100,100088,100,99952,100,100133,100,99943,100,,,99940,100,,,99921,100,,,99882,100
2019-06-28 09:30:00.000000042,100039,100,100014,100,100044,200,100010,100,100067,100,99993,100,100077,100,99963,100,100087,100,99953,100,100088,100,99952,100,100133,100,99943,100,,,99940,100,,,99921,100,,,99882,100
2019-06-28 09:30:00.000000044,100044,200,100014,100,100067,100,100010,100,100077,100,99993,100,100087,100,99968,100,100088,100,99963,100,100133,100,99953,100,,,99952,100,,,99943,100,,,99940,100,,,99921,100
2019-06-28 09:30:00.000000046,100044,200,100014,100,100067,100,100010,100,100077,100,99993,100,100087,100,99968,100,100088,100,99963,100,100119,100,99953,100,100133,100,99952,100,100140,100,99950,100,,,99943,100,,,99940,100
2019-06-28 09:30:00.000000048,100044,200,100014,100,100067,100,100010,100,100077,100,99993,100,100087,100,99968,100,100088,100,99963,100,100098,100,99953,100,100119,100,99952,100,100133,100,99950,100,100140,100,99943,100,,,99940,100
2019-06-28 09:30:00.000000050,100039,100,100030,100,100044,200,100014,100,100067,100,100010,100,100077,100,99993,100,100087,100,99985,100,100088,100,99968,100,100098,100,99963,100,100119,100,99953,100,100133,100,99952,100,100140,100,99950,100
2019-06-28 09:30:00.000000051,100039,100,100030,100,100044,200,100014,100,100067,100,100010,100,100077,100,99993,100,100087,100,99985,100,100088,100,99968,100,100098,100,99963,100,100119,100,99953,100,100129,100,99952,100,100133,100,99950,100
2019-06-28 09:30:00.000000052,100039,100,100030,100,100044,200,100014,100,100067,100,100010,100,100077,100,99993,100,100087,100,99985,100,100088,100,99968,100,100098,100,99963,100,100119,100,99953,100,100129,100,99952,100,100133,100,99950,100
2019-06-28 09:30:00.000000057,100039,100,100030,200,100044,200,100014,100,100067,100,100010,100,100077,100,99993,100,100087,100,99985,100,100088,100,99968,100,100098,100,99963,100,100119,100,99953,100,100129,100,99952,100,100133,100,99950,100
2019-06-28 09:30:00.000000063,100039,100,100030,200,100044,200,100014,100,100067,100,100010,100,100077,100,99993,100,100087,100,99985,100,100088,100,99968,100,100098,100,99963,100,100119,100,99953,100,100129,100,99952,100,100133,100,99950,100
2019-06-28 09:30:00.000000065,100039,100,100030,200,100044,200,100014,100,100067,100,100010,100,100077,100,99993,100,100087,100,99985,100,100088,100,99968,100,100098,100,99963,100,100119,100,99953,100,100129,100,99952,100,100133,100,99950,100
2019-06-28 09:30:00.000000070,100039,100,100030,200,100044,200,100014,100,100067,100,100010,100,100077,100,99993,100,100087,100,99985,100,100088,100,99968,100,100098,100,99963,100,100119,100,99953,100,100129,100,99952,100,100133,100,99950,100
2019-06-28 09:30:00.000000072,100039,100,100030,200,100044,200,100014,100,100067,100,100010,100,100077,100,99993,100,100087,100,99985,100,100088,100,99968,100,100098,100,99963,100,100119,100,99953,100,100129,100,99952,100,100133,100,99950,100
2019-06-28 09:30:00.000000075,100038,100,100030,100,100039,100,100014,100,100044,200,100010,100,100067,100,99993,100,100077,100,99985,100,100087,100,99968,100,100088,100,99963,100,100098,100,99953,100,100119,100,99952,100,100129,100,99950,100
2019-06-28 09:30:00.000000076,100038,100,100030,100,100039,100,100014,100,100044,200,100010,100,100067,100,99993,100,100077,100,99985,100,100087,100,99968,100,100088,100,99963,100,100098,100,99953,100,100119,100,99952,100,100129,100,99950,100
2019-06-28 09:30:00.000000078,100038,100,100030,100,100039,100,100014,100,100044,200,100010,100,100067,100,99993,100,100077,100,99985,100,100087,100,99968,100,100088,100,99963,100,100098,100,99953,100,100119,100,99952,100,100129,100,99950,100
2019-06-28 09:30:00.000000080,100038,100,100030,200,100039,100,100014,100,100044,200,100010,100,100067,100,99993,100,100077,100,99985,100,100087,100,99968,100,100088,100,99963,100,100098,100,99953,100,100119,100,99952,100,100129,100,99950,100
2019-06-28 09:30:00.000000081,100038,100,100030,200,100039,100,100015,100,100044,200,100014,100,100067,100,100010,100,100077,100,99993,100,100087,100,99985,100,100088,100,99968,100,100098,100,99963,100,100119,100,99953,100,100129,100,99952,100
2019-06-28 09:30:00.000000083,100038,100,100030,100,100039,100,100015,100,100044,200,100014,100,100067,100,100010,100,100077,100,99993,100,100087,100,99985,100,100088,100,99968,100,100098,100,99963,100,100119,100,99953,100,100129,100,99952,100
2019-06-28 09:30:00.000000084,100038,100,100030,100,100039,100,100015,100,100044,200,100014,100,100067,100,100010,100,100077,100,99993,100,100087,100,99985,100,100088,100,99968,100,100098,100,99963,100,100119,100,99953,100,100129,100,99952,100
2019-06-28 09:30:00.000000085,100038,100,100030,100,100039,100,100015,100,100042,100,100014,100,100044,200,100010,100,100067,100,99993,100,100077,100,99985,100,100087,100,99968,100,100088,100,99963,100,100098,100,99953,100,100119,100,99952,100
2019-06-28 09:30:00.000000088,100038,100,100030,100,100039,100,100015,100,100042,100,100014,100,100044,200,100010,100,100067,100,99993,100,100077,100,99985,100,100087,100,99968,100,100088,100,99963,100,100098,100,99953,100,100119,100,99952,100
2019-06-28 09:30:00.000000090,100038,100,100030,100,100039,100,100015,100,100042,200,100014,100,100044,200,100010,100,100067,100,99993,100,100077,100,99985,100,100087,100,99968,100,100088,100,99963,100,100098,100,99953,100,100119,100,99952,100
2019-06-28 09:30:00.000000096,100038,100,100015,100,100039,100,100014,100,100042,200,100010,100,100044,200,99993,100,100067,100,99985,100,100077,100,99968,100,100087,100,99963,100,100088,100,99953,100,100098,100,99952,100,100119,100,99950,100
2019-06-28 09:30:00.000000098,100030,100,100015,100,100038,100,100014,100,100039,100,100010,100,100042,200,99993,100,100044,200,99985,100,100067,100,99968,100,100077,100,99963,100,100087,100,99953,100,100088,100,99952,100,100098,100,99950,100
2019-06-28 09:30:00.000000099,100030,100,100015,100,100038,100,100014,100,100039,100,100010,100,100042,200,99993,100,100044,300,99985,100,100067,100,99968,100,100077,100,99963,100,100087,100,99962,100,100088,100,99953,100,100098,100,99952,100
2019-06-28 09:30:09.507793579,100030,100,100015,100,100038,100,100014,100,100039,100,100010,100,100042,200,99993,100,100044,300,99985,100,100067,100,99968,100,100077,100,99963,100,100087,100,99962,100,100088,100,99953,100,100098,100,99952,100
2019-06-28 09:30:10.000000000,100030,261,100015,261,100038,256,100014,256,100039,256,100010,256,100042,200,99993,100,100044,300,99985,100,100067,100,99968,100,100077,100,99963,100,100087,100,99962,100,100088,100,99953,100,100098,100,99952,100
2019-06-28 09:30:20.000000000,100030,574,100015,574,100038,100,100014,100,100039,100,100010,100,100042,200,99993,100,100044,300,99985,100,100067,100,99968,100,100077,100,99963,100,100087,100,99962,100,100088,100,99953,100,100098,100,99952,100
2019-06-28 09:30:30.000000000,100030,195,100015,195,100038,195,100014,195,100039,195,100010,195,100042,295,99993,195,100044,395,99985,195,100067,100,99968,100,100077,100,99963,100,100087,100,99962,100,100088,100,99953,100,100098,100,99952,100
2019-06-28 09:30:38.848403683,100030,95,100015,195,100038,195,100014,195,100039,195,100010,195,100042,295,99993,195,100044,395,99985,195,100067,100,99968,100,100077,100,99963,100,100087,100,99962,100,100088,100,99953,100,100098,100,99952,100
2019-06-28 09:30:40.000000000,100038,261,100015,261,100039,256,100014,256,100042,356,100010,256,100044,300,99993,100,100067,100,99985,100,100077,100,99968,100,100087,100,99963,100,100088,100,99962,100,100098,100,99953,100,100119,100,99952,100
2019-06-28 09:30:46.135148307,100038,261,100015,261,100039,256,100014,256,100042,356,100010,256,100044,300,99993,100,100067,100,99985,100,100077,100,99968,100,100087,100,99963,100,100088,100,99962,100,100098,100,99953,100,100119,100,99952,100
2019-06-28 09:30:50.000000000,100038,337,100015,337,100039,337,100014,337,100042,200,100010,100,100044,300,99993,100,100067,100,99985,100,100077,100,99968,100,100087,100,99963,100,100088,100,99962,100,100098,100,99953,100,100119,100,99952,100
2019-06-28 09:30:54.769320099,100038,337,100015,337,100039,337,100014,337,100042,200,100010,100,100044,300,99993,100,100067,100,99985,100,100077,100,99968,100,100087,100,99963,100,100088,100,99962,100,100098,100,99953,100,100119,100,99952,100
2019-06-28 09:30:56.572232915,100038,337,100015,337,100039,337,100014,337,100042,200,100010,100,100044,300,99993,100,100067,100,99985,100,100077,100,99968,100,100087,100,99963,100,100088,100,99962,100,100098,100,99953,100,100119,100,99952,100
2019-06-28 09:31:00.000000000,100038,337,100015,337,100039,337,100014,337,100042,200,100010,100,100044,300,99993,100,100067,100,99985,100,100077,100,99968,100,100087,100,99963,100,100088,100,99962,100,100098,100,99953,100,100119,100,99952,100
2019-06-28 09:31:10.000000000,100038,574,100015,574,100039,100,100014,100,100042,200,100010,100,100044,300,99993,100,100067,100,99985,100,100077,100,99968,100,100087,100,99963,100,100088,100,99962,100,100098,100,99953,100,100119,100,99952,100
2019-06-28 09:31:13.945076336,100038,474,100015,574,100039,100,100014,100,100042,200,100010,100,100044,300,99993,100,100067,100,99985,100,100077,100,99968,100,100087,100,99963,100,100088,100,99962,100,100098,100,99953,100,100119,100,99952,100
2019-06-28 09:31:20.000000000,100039,337,100015,337,100042,437,100014,337,100044,300,100010,100,100067,100,99993,100,100077,100,99985,100,100087,100,99968,100,100088,100,99963,100,100098,100,99962,100,100119,100,99953,100,100133,100,99952,100
2019-06-28 09:31:21.574941282,100039,237,100015,337,100042,437,100014,337,100044,300,100010,100,100067,100,99993,100,100077,100,99985,100,100087,100,99968,100,100088,100,99963,100,100098,100,99962,100,100119,100,99953,100,100133,100,99952,100
2019-06-28 09:31:27.082546581,100039,237,100015,337,100042,437,100014,337,100044,300,100010,100,100067,100,99993,100,100077,100,99985,100,100087,100,99968,100,100088,100,99963,100,100098,100,99962,100,100119,100,99953,100,100133,100,99952,100
2019-06-28 09:31:30.000000000,100042,361,100015,261,100044,456,100014,256,100067,256,100010,256,100077,100,99993,100,100087,100,99985,100,100088,100,99968,100,100098,100,99963,100,100119,100,99962,100,100133,100,99953,100,100136,100,99952,100
2019-06-28 09:31:40.000000000,100042,361,100015,261,100044,456,100014,256,100067,256,100010,256,100077,100,99993,100,100087,100,99985,100,100088,100,99968,100,100098,100,99963,100,100119,100,99962,100,100133,100,99953,100,100136,100,99952,100
2019-06-28 09:31:50.000000000,100042,674,100015,574,100044,300,100014,100,100067,100,100010,100,100077,100,99993,100,100087,100,99985,100,100088,100,99968,100,100098,100,99963,100,100119,100,99962,100,100133,100,99953,100,100136,100,99952,100
2019-06-28 09:31:53.220921336,100042,674,100015,574,100044,300,100014,100,100067,100,100010,100,100077,100,99993,100,100087,100,99985,100,100088,100,99968,100,100098,100,99963,100,100119,200,99953,100,100133,100,99952,100,100136,100,99950,100
2019-06-28 09:32:00.000000000,100042,674,100015,574,100044,300,100014,100,100067,100,100010,100,100077,100,99993,100,100087,100,99985,100,100088,100,99968,100,100098,100,99963,100,100119,200,99953,100,100133,100,99952,100,100136,100,99950,100
2019-06-28 09:32:06.650762887,100042,674,100015,474,100044,300,100014,100,100067,100,100010,100,100077,100,99993,100,100087,100,99985,100,100088,100,99968,100,100098,100,99963,100,100119,200,99953,100,100133,100,99952,100,100136,100,99948,100
2019-06-28 09:32:10.000000000,100042,361,100014,261,100044,456,100010,256,100067,256,99993,256,100077,100,99985,100,100087,100,99968,100,100088,100,99963,100,100098,100,99953,100,100119,200,99952,100,100133,100,99948,100,100136,100,99943,100
2019-06-28 09:32:20.000000000,100042,437,100014,337,100044,537,100010,337,100067,100,99993,100,100077,100,99985,100,100087,100,99968,100,100088,100,99963,100,100098,100,99953,100,100119,200,99952,100,100133,100,99948,100,100136,100,99943,100
2019-06-28 09:32:30.000000000,100042,437,100014,337,100044,537,100010,337,100067,100,99993,100,100077,100,99985,100,100087,100,99968,100,100088,100,99963,100,100098,100,99953,100,100119,200,99952,100,100133,100,99948,100,100136,100,99943,100
2019-06-28 09:32:40.000000000,100042,437,100014,337,100044,537,100010,337,100067,100,99993,100,100077,100,99985,100,100087,100,99968,100,100088,100,99963,100,100098,100,99953,100,100119,200,99952,100,100133,100,99948,100,100136,100,99943,100
2019-06-28 09:32:50.000000000,100042,318,100014,218,100044,418,100010,218,100067,218,99993,218,100077,218,99985,218,100087,100,99968,100,100088,100,99963,100,100098,100,99953,100,100119,200,99952,100,100133,100,99948,100,100136,100,99943,100
2019-06-28 09:33:00.000000000,100042,437,100014,337,100044,537,100010,337,100067,100,99993,100,100077,100,99985,100,100087,100,99968,100,100088,100,99963,100,100098,100,99953,100,100119,200,99952,100,100133,100,99948,100,100136,100,99943,100
2019-06-28 09:33:00.694785131,100042,437,100014,237,100044,537,100010,337,100067,100,99993,100,100077,100,99985,100,100087,100,99968,100,100088,100,99953,100,100098,100,99952,100,100119,200,99948,100,100133,100,99943,100,100136,100,99940,100
2019-06-28 09:33:10.000000000,100042,437,100010,337,100044,537,99993,337,100067,100,99985,100,100077,100,99968,100,100087,100,99953,100,100088,100,99952,100,100098,100,99948,100,100119,200,99943,100,100133,100,99940,100,100136,100,99928,100
2019-06-28 09:33:19.669069121,100015,100,100010,337,100042,437,99993,337,100044,537,99985,100,100067,100,99968,100,100077,100,99953,100,100087,100,99952,100,100088,100,99948,100,100098,100,99943,100,100119,200,99940,100,100133,100,99928,100
2019-06-28 09:33:20.000000000,100015,337,100010,337,100042,437,99993,337,100044,300,99985,100,100067,100,99968,100,100077,100,99953,100,100087,100,99952,100,100088,100,99948,100,100098,100,99943,100,100119,200,99940,100,100133,100,99928,100
2019-06-28 09:33:30.000000000,100015,337,100010,337,100042,437,99993,337,100044,300,99985,100,100067,100,99968,100,100077,100,99953,100,100087,100,99952,100,100088,100,99948,100,100098,100,99943,100,100119,200,99940,100,100133,100,99928,100
2019-06-28 09:33:37.558681216,100015,337,100010,337,100042,437,99993,337,100044,300,99985,100,100067,100,99968,100,100077,100,99953,100,100087,100,99952,100,100088,100,99948,100,100098,100,99943,100,100119,200,99940,100,100133,100,99928,100
2019-06-28 09:33:40.000000000,100015,195,100010,195,100042,295,99993,195,100044,395,99985,195,100067,195,99968,195,100077,195,99953,195,100087,100,99952,100,100088,100,99948,100,100098,100,99943,100,100119,200,99940,100,100133,100,99928,100
2019-06-28 09:33:46.741916464,100015,195,100010,195,100042,295,99993,195,100044,395,99985,195,100067,195,99968,195,100077,195,99953,195,100088,100,99952,100,100098,100,99948,100,100119,200,99943,100,100133,100,99940,100,100136,100,99928,100
2019-06-28 09:33:50.000000000,100015,337,100010,337,100042,437,99993,337,100044,300,99985,100,100067,100,99968,100,100077,100,99953,100,100088,100,99952,100,100098,100,99948,100,100119,200,99943,100,100133,100,99940,100,100136,100,99928,100
2019-06-28 09:34:00.000000000,100015,574,100010,574,100042,200,99993,100,100044,300,99985,100,100067,100,99968,100,100077,100,99953,100,100088,100,99952,100,100098,100,99948,100,100119,200,99943,100,100133,100,99940,100,100136,100,99928,100
2019-06-28 09:34:10.000000000,100015,261,100010,261,100042,356,99993,256,100044,456,99985,256,100067,100,99968,100,100077,100,99953,100,100088,100,99952,100,100098,100,99948,100,100119,200,99943,100,100133,100,99940,100,100136,100,99928,100
2019-06-28 09:34:10.401946096,100015,261,100010,261,100042,356,99993,256,100044,456,99985,256,100067,100,99968,100,100077,100,99953,100,100088,100,99952,100,100098,100,99948,100,100119,200,99943,100,100133,100,99940,100,100136,100,99928,100
2019-06-28 09:34:20.000000000,100015,574,100010,574,100042,200,99993,100,100044,300,99985,100,100067,100,99968,100,100077,100,99953,100,100088,100,99952,100,100098,100,99948,100,100119,200,99943,100,100133,100,99940,100,100136,100,99928,100
2019-06-28 09:34:30.000000000,100015,195,100010,195,100042,295,99993,195,100044,395,99985,195,100067,195,99968,195,100077,195,99953,195,100088,100,99952,100,100098,100,99948,100,100119,200,99943,100,100133,100,99940,100,100136,100,99928,100
2019-06-28 09:34:30.131611846,100015,195,100010,195,100042,295,99993,195,100044,395,99985,195,100050,100,99968,195,100067,195,99953,195,100077,195,99952,100,100088,100,99948,100,100098,100,99943,100,100119,200,99940,100,100133,100,99928,100
2019-06-28 09:34:34.349567687,100015,195,100010,195,100042,295,99993,195,100044,395,99985,195,100050,100,99968,195,100067,195,99953,195,100077,195,99952,100,100088,100,99948,100,100098,100,99946,100,100119,200,99943,100,100133,100,99940,100
2019-06-28 09:34:40.000000000,100015,574,100010,574,100042,200,99993,100,100044,300,99985,100,100050,100,99968,100,100067,100,99953,100,100077,100,99952,100,100088,100,99948,100,100098,100,99946,100,100119,200,99943,100,100133,100,99940,100
2019-06-28 09:34:50.000000000,100015,337,100010,337,100042,437,99993,337,100044,300,99985,100,100050,100,99968,100,100067,100,99953,100,100077,100,99952,100,100088,100,99948,100,100098,100,99946,100,100119,200,99943,100,100133,100,99940,100
2019-06-28 09:34:54.757303013,100015,337,100010,237,100042,437,99993,337,100044,300,99985,100,100050,100,99968,100,100067,100,99953,100,100077,100,99952,100,100088,100,99948,100,100098,100,99946,100,100119,200,99943,100,100133,100,99940,100
2019-06-28 09:34:55.401851732,100015,337,100010,237,100042,437,99993,337,100044,300,99985,100,100050,100,99968,100,100067,100,99953,100,100077,100,99952,100,100088,100,99948,100,100098,100,99946,100,100119,200,99940,100,100133,100,99928,100
2019-06-28 09:35:00.000000000,100015,337,99993,337,100042,437,99985,337,100044,300,99968,100,100050,100,99953,100,100067,100,99952,100,100077,100,99948,100,100088,100,99946,100,100098,100,99940,100,100119,200,99928,100,100133,100,99921,100
2019-06-28 09:35:10.000000000,100015,337,99993,337,100042,437,99985,337,100044,300,99968,100,100050,100,99953,100,100067,100,99952,100,100077,100,99948,100,100088,100,99946,100,100098,100,99940,100,100119,200,99928,100,100133,100,99921,100
2019-06-28 09:35:20.000000000,100015,574,99993,574,100042,200,99985,100,100044,300,99968,100,100050,100,99953,100,100067,100,99952,100,100077,100,99948,100,100088,100,99946,100,100098,100,99940,100,100119,200,99928,100,100133,100,99921,100
2019-06-28 09:35:30.000000000,100015,218,99993,218,100042,318,99985,218,100044,418,99968,218,100050,218,99953,218,100067,100,99952,100,100077,100,99948,100,100088,100,99946,100,100098,100,99940,100,100119,200,99928,100,100133,100,99921,100
2019-06-28 09:35:34.049264073,100015,218,99993,218,100042,318,99985,218,100044,418,99968,218,100050,218,99953,218,100067,100,99952,100,100077,100,99948,100,100088,100,99946,100,100098,100,99940,100,100119,200,99921,100,100133,100,99903,100
2019-06-28 09:35:40.000000000,100015,218,99993,218,100042,318,99985,218,100044,418,99968,218,100050,218,99953,218,100067,100,99952,100,100077,100,99948,100,100088,100,99946,100,100098,100,99940,100,100119,200,99921,100,100133,100,99903,100
2019-06-28 09:35:41.789605327,100015,118,99993,218,100042,318,99985,218,100044,418,99968,218,100050,218,99953,218,100067,100,99948,100,100077,100,99946,100,100088,100,99940,100,100098,100,99921,100,100119,200,99903,100,100133,100,99892,100
2019-06-28 09:35:50.000000000,100042,295,99993,195,100044,395,99985,195,100050,195,99968,195,100067,195,99953,195,100077,195,99948,195,100088,100,99946,100,100098,100,99940,100,100119,200,99921,100,100133,100,99903,100,100136,100,99892,100
2019-06-28 09:36:00.000000000,100042,295,99993,195,100044,395,99985,195,100050,195,99968,195,100067,195,99953,195,100077,195,99948,195,100088,100,99946,100,100098,100,99940,100,100119,200,99921,100,100133,100,99903,100,100136,100,99892,100
2019-06-28 09:36:10.000000000,100042,295,99993,195,100044,395,99985,195,100050,195,99968,195,100067,195,99953,195,100077,195,99948,195,100088,100,99946,100,100098,100,99940,100,100119,200,99921,100,100133,100,99903,100,100136,100,99892,100
2019-06-28 09:36:10.600761574,100042,295,100011,100,100044,395,99993,195,100050,195,99985,195,100067,195,99968,195,100077,195,99953,195,100088,100,99948,195,100098,100,99946,100,100119,200,99940,100,100133,100,99921,100,100136,100,99903,100
2019-06-28 09:36:11.384056489,100042,295,100011,200,100044,395,99993,195,100050,195,99985,195,100067,195,99968,195,100077,195,99953,195,100088,100,99948,195,100098,100,99946,100,100119,200,99940,100,100133,100,99921,100,100136,100,99903,100
2019-06-28 09:36:12.723750660,100042,295,100011,200,100044,395,99993,195,100050,195,99985,195,100067,195,99968,195,100077,195,99953,195,100088,100,99948,195,100098,100,99946,100,100119,200,99940,100,100133,100,99921,100,100136,100,99892,100
2019-06-28 09:36:20.000000000,100042,674,100011,674,100044,300,99993,100,100050,100,99985,100,100067,100,99968,100,100077,100,99953,100,100088,100,99948,100,100098,100,99946,100,100119,200,99940,100,100133,100,99921,100,100136,100,99892,100
2019-06-28 09:36:30.000000000,100042,437,100011,437,100044,537,99993,337,100050,100,99985,100,100067,100,99968,100,100077,100,99953,100,100088,100,99948,100,100098,100,99946,100,100119,200,99940,100,100133,100,99921,100,100136,100,99892,100
2019-06-28 09:36:31.273887821,100042,437,100011,437,100044,537,99993,337,100050,100,99985,100,100067,100,99968,100,100077,100,99953,100,100088,100,99948,100,100098,100,99946,100,100119,200,99940,100,100133,100,99921,100,100136,100,99892,100
2019-06-28 09:36:37.180735283,100042,237,100011,437,100044,537,99993,337,100050,100,99985,100,100067,100,99968,100,100077,100,99953,100,100088,100,99948,100,100098,100,99946,100,100119,200,99940,100,100133,100,99921,100,100136,100,99892,100
2019-06-28 09:36:37.986795090,100042,237,100015,100,100044,537,100011,437,100050,100,99993,337,100067,100,99985,100,100077,100,99968,100,100088,100,99953,100,100098,100,99948,100,100119,200,99946,100,100133,100,99940,100,100136,100,99921,100
2019-06-28 09:36:40.000000000,100044,774,100015,574,100050,100,100011,200,100067,100,99993,100,100077,100,99985,100,100088,100,99968,100,100098,100,99953,100,100119,200,99948,100,100133,100,99946,100,100136,100,99940,100,100143,100,99921,100
2019-06-28 09:36:48.581101652,100044,774,100015,674,100050,100,100011,100,100067,100,99993,100,100077,100,99985,100,100088,100,99968,100,100098,100,99953,100,100119,200,99948,100,100133,100,99946,100,100136,100,99940,100,100143,100,99921,100
2019-06-28 09:36:50.000000000,100044,395,100015,295,100050,195,100011,195,100067,195,99993,195,100077,195,99985,195,100088,195,99968,195,100098,100,99953,100,100119,200,99948,100,100133,100,99946,100,100136,100,99940,100,100143,100,99921,100
2019-06-28 09:36:51.432304969,100044,395,100015,195,100050,195,100011,195,100067,195,99993,195,100077,195,99985,195,100088,195,99968,195,100098,100,99953,100,100119,200,99948,100,100133,100,99946,100,100136,100,99940,100,100143,100,99921,100
2019-06-28 09:36:57.162769016,100044,395,100015,195,100050,195,100011,195,100067,195,99993,195,100077,195,99985,195,100088,195,99968,95,100098,100,99953,100,100119,200,99948,100,100133,100,99946,100,100136,100,99940,100,100143,100,99921,100
2019-06-28 09:37:00.000000000,100044,418,100015,218,100050,218,100011,218,100067,218,99993,218,100077,218,99985,218,100088,100,99953,100,100098,100,99948,100,100119,200,99946,100,100133,100,99940,100,100136,100,99921,100,100143,100,99892,100
2019-06-28 09:37:10.000000000,100044,395,100015,195,100050,195,100011,195,100067,195,99993,195,100077,195,99985,195,100088,195,99953,195,100098,100,99948,100,100119,200,99946,100,100133,100,99940,100,100136,100,99921,100,100143,100,99892,100
2019-06-28 09:37:20.000000000,100044,418,100015,218,100050,218,100011,218,100067,218,99993,218,100077,218,99985,218,100088,100,99953,100,100098,100,99948,100,100119,200,99946,100,100133,100,99940,100,100136,100,99921,100,100143,100,99892,100
2019-06-28 09:37:24.329156104,100044,418,100015,318,100050,218,100011,218,100067,218,99993,218,100077,218,99985,218,100088,100,99953,100,100098,100,99948,100,100119,200,99946,100,100133,100,99940,100,100136,100,99921,100,100143,100,99892,100
2019-06-28 09:37:28.541881723,100044,318,100015,318,100050,218,100011,218,100067,218,99993,218,100077,218,99985,218,100088,100,99953,100,100098,100,99948,100,100119,200,99946,100,100133,100,99940,100,100136,100,99921,100,100143,100,99892,100
2019-06-28 09:37:30.000000000,100044,437,100015,437,100050,337,100011,337,100067,100,99993,100,100077,100,99985,100,100088,100,99953,100,100098,100,99948,100,100119,200,99946,100,100133,100,99940,100,100136,100,99921,100,100143,100,99892,100
2019-06-28 09:37:40.000000000,100044,674,100015,674,100050,100,100011,100,100067,100,99993,100,100077,100,99985,100,100088,100,99953,100,100098,100,99948,100,100119,200,99946,100,100133,100,99940,100,100136,100,99921,100,100143,100,99892,100
2019-06-28 09:37:49.017120850,100044,674,100042,100,100050,100,100015,674,100067,100,100011,100,100077,100,99993,100,100088,100,99985,100,100098,100,99953,100,100119,200,99948,100,100133,100,99946,100,100136,100,99940,100,100143,100,99921,100
2019-06-28 09:37:50.000000000,100044,318,100042,218,100050,218,100015,318,100067,218,100011,218,100077,218,99993,218,100088,100,99985,100,100098,100,99953,100,100119,200,99948,100,100133,100,99946,100,100136,100,99940,100,100143,100,99921,100
2019-06-28 09:38:00.000000000,100044,674,100042,574,100050,100,100015,200,100067,100,100011,100,100077,100,99993,100,100088,100,99985,100,100098,100,99953,100,100119,200,99948,100,100133,100,99946,100,100136,100,99940,100,100143,100,99921,100
2019-06-28 09:38:02.013771065,100044,674,100042,574,100050,100,100015,200,100067,100,100011,100,100077,100,99993,100,100088,100,99985,100,100098,100,99953,100,100119,200,99948,100,100133,100,99946,100,100136,100,99940,100,100143,100,99921,100
2019-06-28 09:38:10.000000000,100044,674,100042,574,100050,100,100015,200,100067,100,100011,100,100077,100,99993,100,100088,100,99985,100,100098,100,99953,100,100119,200,99948,100,100133,100,99946,100,100136,100,99940,100,100143,100,99921,100
2019-06-28 09:38:20.000000000,100044,361,100042,261,100050,256,100015,356,100067,256,100011,256,100077,100,99993,100,100088,100,99985,100,100098,100,99953,100,100119,200,99948,100,100133,100,99946,100,100136,100,99940,100,100143,100,99921,100
2019-06-28 09:38:30.000000000,100044,318,100042,218,100050,218,100015,318,100067,218,100011,218,100077,218,99993,218,100088,100,99985,100,100098,100,99953,100,100119,200,99948,100,100133,100,99946,100,100136,100,99940,100,100143,100,99921,100
2019-06-28 09:38:40.000000000,100044,674,100042,574,100050,100,100015,200,100067,100,100011,100,100077,100,99993,100,100088,100,99985,100,100098,100,99953,100,100119,200,99948,100,100133,100,99946,100,100136,100,99940,100,100143,100,99921,100
2019-06-28 09:38:50.000000000,100044,295,100042,195,100050,195,100015,295,100067,195,100011,195,100077,195,99993,195,100088,195,99985,195,100098,100,99953,100,100119,200,99948,100,100133,100,99946,100,100136,100,99940,100,100143,100,99921,100
2019-06-28 09:39:00.000000000,100044,295,100042,195,100050,195,100015,295,100067,195,100011,195,100077,195,99993,195,100088,195,99985,195,100098,100,99953,100,100119,200,99948,100,100133,100,99946,100,100136,100,99940,100,100143,100,99921,100
2019-06-28 09:39:10.000000000,100044,318,100042,218,100050,218,100015,318,100067,218,100011,218,100077,218,99993,218,100088,100,99985,100,100098,100,99953,100,100119,200,99948,100,100133,100,99946,100,100136,100,99940,100,100143,100,99921,100
2019-06-28 09:39:20.000000000,100044,318,100042,218,100050,218,100015,318,100067,218,100011,218,100077,218,99993,218,100088,100,99985,100,100098,100,99953,100,100119,200,99948,100,100133,100,99946,100,100136,100,99940,100,100143,100,99921,100
2019-06-28 09:39:30.000000000,100044,318,100042,218,100050,218,100015,318,100067,218,100011,218,100077,218,99993,218,100088,100,99985,100,100098,100,99953,100,100119,200,99948,100,100133,100,99946,100,100136,100,99940,100,100143,100,99921,100
2019-06-28 09:39:40.000000000,100044,674,100042,574,100050,100,100015,200,100067,100,100011,100,100077,100,99993,100,100088,100,99985,100,100098,100,99953,100,100119,200,99948,100,100133,100,99946,100,100136,100,99940,100,100143,100,99921,100
2019-06-28 09:39:45.470854422,100044,674,100042,574,100050,100,100015,200,100067,100,100011,100,100077,100,99993,100,100088,100,99985,100,100098,100,99953,100,100119,200,99948,100,100133,100,99946,100,100136,100,99940,100,100143,100,99921,100
2019-06-28 09:39:50.000000000,100044,318,100042,218,100050,218,100015,318,100067,218,100011,218,100077,218,99993,218,100088,100,99985,100,100098,100,99953,100,100119,200,99948,100,100133,100,99946,100,100136,100,99940,100,100143,100,99921,100
2019-06-28 09:40:00.000000000,100044,295,100042,195,100050,195,100015,295,100067,195,100011,195,100077,195,99993,195,100088,195,99985,195,100098,100,99953,100,100119,200,99948,100,100133,100,99946,100,100136,100,99940,100,100143,100,99921,100
2019-06-28 09:40:10.000000000,100044,674,100042,574,100050,100,100015,200,100067,100,100011,100,100077,100,99993,100,100088,100,99985,100,100098,100,99953,100,100119,200,99948,100,100133,100,99946,100,100136,100,99940,100,100143,100,99921,100
2019-06-28 09:40:20.000000000,100044,674,100042,574,100050,100,100015,200,100067,100,100011,100,100077,100,99993,100,100088,100,99985,100,100098,100,99953,100,100119,200,99948,100,100133,100,99946,100,100136,100,99940,100,100143,100,99921,100
2019-06-28 09:40:21.995236006,100044,674,100042,574,100050,100,100015,200,100067,100,100011,100,100077,100,99993,100,100088,100,99985,100,100098,100,99953,100,100119,200,99948,100,100133,100,99946,100,100136,100,99940,100,100143,100,99921,100
2019-06-28 09:40:30.000000000,100044,318,100042,218,100050,218,100015,318,100067,218,100011,218,100077,218,99993,218,100088,100,99985,100,100098,100,99953,100,100119,200,99948,100,100133,100,99946,100,100136,100,99940,100,100143,100,99921,100
2019-06-28 09:40:40.000000000,100044,318,100042,218,100050,218,100015,318,100067,218,100011,218,100077,218,99993,218,100088,100,99985,100,100098,100,99953,100,100119,200,99948,100,100133,100,99946,100,100136,100,99940,100,100143,100,99921,100
2019-06-28 09:40:47.523035798,100044,218,100042,218,100050,218,100015,318,100067,218,100011,218,100077,218,99993,218,100088,100,99985,100,100098,100,99953,100,100119,200,99948,100,100133,100,99946,100,100136,100,99940,100,100143,100,99921,100
2019-06-28 09:40:50.000000000,100044,218,100042,218,100050,218,100015,318,100067,218,100011,218,100077,218,99993,218,100088,100,99985,100,100098,100,99953,100,100119,200,99948,100,100133,100,99946,100,100136,100,99940,100,100143,100,99921,100
2019-06-28 09:41:00.000000000,100044,337,100042,337,100050,337,100015,437,100067,100,100011,100,100077,100,99993,100,100088,100,99985,100,100098,100,99953,100,100119,200,99948,100,100133,100,99946,100,100136,100,99940,100,100143,100,99921,100
2019-06-28 09:41:10.000000000,100044,337,100042,337,100050,337,100015,437,100067,100,100011,100,100077,100,99993,100,100088,100,99985,100,100098,100,99953,100,100119,200,99948,100,100133,100,99946,100,100136,100,99940,100,100143,100,99921,100
2019-06-28 09:41:20.000000000,100044,261,100042,261,100050,256,100015,356,100067,256,100011,256,100077,100,99993,100,100088,100,99985,100,100098,100,99953,100,100119,200,99948,100,100133,100,99946,100,100136,100,99940,100,100143,100,99921,100
2019-06-28 09:41:30.000000000,100044,195,100042,195,100050,195,100015,295,100067,195,100011,195,100077,195,99993,195,100088,195,99985,195,100098,100,99953,100,100119,200,99948,100,100133,100,99946,100,100136,100,99940,100,100143,100,99921,100
2019-06-28 09:41:40.000000000,100044,218,100042,218,100050,218,100015,318,100067,218,100011,218,100077,218,99993,218,100088,100,99985,100,100098,100,99953,100,100119,200,99948,100,100133,100,99946,100,100136,100,99940,100,100143,100,99921,100
2019-06-28 09:41:50.000000000,100044,195,100042,195,100050,195,100015,295,100067,195,100011,195,100077,195,99993,195,100088,195,99985,195,100098,100,99953,100,100119,200,99948,100,100133,100,99946,100,100136,100,99940,100,100143,100,99921,100
2019-06-28 09:41:50.592471913,100044,95,100042,195,100050,195,100015,295,100067,195,100011,195,100077,195,99993,195,100088,195,99985,195,100098,100,99953,100,100119,200,99948,100,100133,100,99946,100,100136,100,99940,100,100143,100,99921,100
2019-06-28 09:42:00.000000000,100050,337,100042,337,100067,337,100015,437,100077,100,100011,100,100088,100,99993,100,100098,100,99985,100,100119,200,99953,100,100133,100,99948,100,100136,100,99946,100,100143,100,99940,100,100144,100,99921,100
2019-06-28 09:42:10.000000000,100050,261,100042,261,100067,256,100015,356,100077,256,100011,256,100088,100,99993,100,100098,100,99985,100,100119,200,99953,100,100133,100,99948,100,100136,100,99946,100,100143,100,99940,100,100144,100,99921,100
2019-06-28 09:42:19.776469482,100050,261,100042,261,100067,256,100015,356,100077,256,100011,256,100088,100,99993,100,100098,100,99985,100,100119,200,99953,100,100133,100,99948,100,100136,100,99946,100,100143,100,99940,100,100144,100,99921,100
2019-06-28 09:42:20.000000000,100050,337,100042,337,100067,337,100015,437,100077,100,100011,100,100088,100,99993,100,100098,100,99985,100,100119,200,99953,100,100133,100,99948,100,100136,100,99946,100,100143,100,99940,100,100144,100,99921,100
2019-06-28 09:42:21.597942147,100050,337,100042,337,100067,337,100015,437,100077,100,99993,100,100088,100,99985,100,100098,100,99953,100,100119,200,99948,100,100133,100,99946,100,100136,100,99940,100,100143,100,99921,100,100144,100,99892,100
2019-06-28 09:42:30.000000000,100050,261,100042,261,100067,256,100015,356,100077,256,99993,256,100088,100,99985,100,100098,100,99953,100,100119,200,99948,100,100133,100,99946,100,100136,100,99940,100,100143,100,99921,100,100144,100,99892,100
2019-06-28 09:42:33.615837903,100050,261,100042,261,100067,256,100015,356,100077,256,99993,256,100088,100,99985,100,100098,100,99953,100,100119,200,99948,100,100133,100,99946,100,100136,100,99940,100,100143,100,99921,100,100144,100,99892,100
2019-06-28 09:42:40.000000000,100050,195,100042,195,100067,195,100015,295,100077,195,99993,195,100088,195,99985,195,100098,195,99953,195,100119,200,99948,100,100133,100,99946,100,100136,100,99940,100,100143,100,99921,100,100144,100,99892,100
2019-06-28 09:42:50.000000000,100050,195,100042,195,100067,195,100015,295,100077,195,99993,195,100088,195,99985,195,100098,195,99953,195,100119,200,99948,100,100133,100,99946,100,100136,100,99940,100,100143,100,99921,100,100144,100,99892,100
2019-06-28 09:42:52.695325008,100050,95,100042,195,100067,195,100015,295,100077,195,99993,195,100088,195,99985,195,100098,195,99953,195,100119,200,99948,100,100133,100,99946,100,100136,100,99940,100,100143,100,99921,100,100144,100,99892,100
2019-06-28 09:42:55.468437833,100050,95,100042,195,100067,195,100015,195,100077,195,99993,195,100088,195,99985,195,100098,195,99953,195,100119,200,99948,100,100133,100,99946,100,100136,100,99940,100,100143,100,99921,100,100144,100,99892,100
2019-06-28 09:43:00.000000000,100067,261,100042,261,100077,256,100015,256,100088,256,99993,256,100098,100,99985,100,100119,200,99953,100,100133,100,99948,100,100136,100,99946,100,100143,100,99940,100,100144,100,99921,100,100148,100,99892,100
2019-06-28 09:43:10.000000000,100067,574,100042,574,100077,100,100015,100,100088,100,99993,100,100098,100,99985,100,100119,200,99953,100,100133,100,99948,100,100136,100,99946,100,100143,100,99940,100,100144,100,99921,100,100148,100,99892,100
2019-06-28 09:43:11.156648676,100067,574,100042,574,100077,100,100015,100,100088,100,99993,100,100098,100,99985,100,100119,200,99953,100,100133,100,99948,100,100136,100,99946,100,100143,100,99940,100,100144,100,99921,100,100148,100,99892,100
2019-06-28 09:43:12.631202264,100067,574,100042,574,100077,100,100015,100,100088,100,99993,100,100098,100,99985,100,100119,200,99953,100,100133,100,99948,100,100136,100,99946,100,100143,100,99940,100,100144,100,99921,100,100148,100,99892,100
2019-06-28 09:43:20.000000000,100067,195,100042,195,100077,195,100015,195,100088,195,99993,195,100098,195,99985,195,100119,295,99953,195,100133,100,99948,100,100136,100,99946,100,100143,100,99940,100,100144,100,99921,100,100148,100,99892,100
2019-06-28 09:43:30.000000000,100067,337,100042,337,100077,337,100015,337,100088,100,99993,100,100098,100,99985,100,100119,200,99953,100,100133,100,99948,100,100136,100,99946,100,100143,100,99940,100,100144,100,99921,100,100148,100,99892,100
2019-06-28 09:43:38.790723060,100067,237,100042,337,100077,337,100015,337,100088,100,99985,100,100098,100,99953,100,100119,200,99948,100,100133,100,99946,100,100136,100,99940,100,100143,100,99921,100,100144,100,99892,100,100148,100,99882,100
2019-06-28 09:43:40.000000000,100077,195,100042,195,100088,195,100015,195,100098,195,99985,195,100119,295,99953,195,100133,195,99948,195,100136,100,99946,100,100143,100,99940,100,100144,100,99921,100,100148,100,99892,100,100164,100,99882,100
2019-06-28 09:43:50.000000000,100077,261,100042,261,100088,256,100015,256,100098,256,99985,256,100119,200,99953,100,100133,100,99948,100,100136,100,99946,100,100143,100,99940,100,100144,100,99921,100,100148,100,99892,100,100164,100,99882,100
2019-06-28 09:44:00.000000000,100077,337,100042,337,100088,337,100015,337,100098,100,99985,100,100119,200,99953,100,100133,100,99948,100,100136,100,99946,100,100143,100,99940,100,100144,100,99921,100,100148,100,99892,100,100164,100,99882,100
2019-06-28 09:44:10.000000000,100077,195,100042,195,100088,195,100015,195,100098,195,99985,195,100119,295,99953,195,100133,195,99948,195,100136,100,99946,100,100143,100,99940,100,100144,100,99921,100,100148,100,99892,100,100164,100,99882,100
2019-06-28 09:44:15.031488919,100077,195,100042,195,100088,195,100015,195,100098,195,99985,195,100119,295,99953,195,100133,195,99948,195,100136,100,99946,100,100143,100,99940,100,100144,100,99921,100,100148,100,99892,100,100164,100,99882,100
2019-06-28 09:44:20.000000000,100077,574,100042,574,100088,100,100015,100,100098,100,99985,100,100119,200,99953,100,100133,100,99948,100,100136,100,99946,100,100143,100,99940,100,100144,100,99921,100,100148,100,99892,100,100164,100,99882,100
2019-06-28 09:44:30.000000000,100077,195,100042,195,100088,195,100015,195,100098,195,99985,195,100119,295,99953,195,100133,195,99948,195,100136,100,99946,100,100143,100,99940,100,100144,100,99921,100,100148,100,99892,100,100164,100,99882,100
2019-06-28 09:44:34.915491239,100077,195,100050,100,100088,195,100042,195,100098,195,100015,195,100119,295,99985,195,100133,195,99953,195,100136,100,99948,195,100143,100,99946,100,100144,100,99940,100,100148,100,99921,100,100164,100,99892,100
2019-06-28 09:44:40.000000000,100077,218,100050,218,100088,218,100042,218,100098,218,100015,218,100119,318,99985,218,100133,100,99953,100,100136,100,99948,100,100143,100,99946,100,100144,100,99940,100,100148,100,99921,100,100164,100,99892,100
2019-06-28 09:44:50.000000000,100077,574,100050,574,100088,100,100042,100,100098,100,100015,100,100119,200,99985,100,100133,100,99953,100,100136,100,99948,100,100143,100,99946,100,100144,100,99940,100,100148,100,99921,100,100164,100,99892,100
2019-06-28 09:44:59.024817254,100077,574,100050,574,100088,100,100042,100,100098,100,100015,100,100119,200,99985,100,100133,100,99953,100,100136,100,99948,100,100143,100,99946,100,100144,100,99940,100,100148,100,99921,100,100164,100,99892,100
2019-06-28 09:45:00.000000000,100077,574,100050,574,100088,100,100042,100,100098,100,100015,100,100119,200,99985,100,100133,100,99953,100,100136,100,99948,100,100143,100,99946,100,100144,100,99940,100,100148,100,99921,100,100164,100,99892,100
2019-06-28 09:45:03.499345682,100077,574,100050,574,100088,100,100042,100,100098,100,100015,100,100119,200,99985,100,100133,100,99953,100,100136,100,99948,100,100143,100,99946,100,100144,100,99940,100,100148,100,99921,100,100164,100,99892,100
2019-06-28 09:45:03.732657425,100077,574,100050,574,100088,100,100042,100,100098,100,100015,100,100119,200,99985,100,100133,100,99953,100,100136,100,99948,100,100143,100,99946,100,100144,100,99940,100,100148,100,99921,100,100164,100,99892,100
2019-06-28 09:45:10.000000000,100077,574,100050,574,100088,100,100042,100,100098,100,100015,100,100119,200,99985,100,100133,100,99953,100,100136,100,99948,100,100143,100,99946,100,100144,100,99940,100,100148,100,99921,100,100164,100,99892,100
2019-06-28 09:45:19.853668278,100077,474,100050,574,100088,100,100042,100,100098,100,100015,100,100119,200,99985,100,100133,100,99953,100,100136,100,99948,100,100143,100,99940,100,100144,100,99921,100,100148,100,99892,100,100164,100,99882,100
2019-06-28 09:45:20.000000000,100088,218,100050,218,100098,218,100042,218,100119,318,100015,218,100133,218,99985,218,100136,100,99953,100,100143,100,99948,100,100144,100,99940,100,100148,100,99921,100,100164,100,99892,100,100279,100,99882,100
2019-06-28 09:45:20.406467470,100088,218,100050,218,100098,218,100042,218,100119,318,100015,218,100133,218,99985,218,100136,100,99953,100,100144,100,99948,100,100148,100,99940,100,100164,100,99921,100,100279,100,99892,100,100478,100,99882,100
2019-06-28 09:45:30.000000000,100088,574,100050,574,100098,100,100042,100,100119,200,100015,100,100133,100,99985,100,100136,100,99953,100,100144,100,99948,100,100148,100,99940,100,100164,100,99921,100,100279,100,99892,100,100478,100,99882,100
2019-06-28 09:45:35.243874960,100088,574,100050,574,100098,100,100042,100,100119,200,100015,100,100133,100,99985,100,100136,100,99953,100,100144,100,99940,100,100148,100,99921,100,100164,100,99892,100,100279,100,99882,100,100478,100,99879,100
2019-06-28 09:45:37.850686137,100088,474,100050,574,100098,100,100042,100,100119,200,100015,100,100133,100,99985,100,100136,100,99953,100,100144,100,99940,100,100148,100,99921,100,100164,100,99892,100,100279,100,99882,100,100478,100,99879,100
2019-06-28 09:45:40.000000000,100098,261,100050,261,100119,356,100042,256,100133,256,100015,256,100136,100,99985,100,100144,100,99953,100,100148,100,99940,100,100164,100,99921,100,100279,100,99892,100,100478,100,99882,100,100581,100,99879,100
2019-06-28 09:45:50.000000000,100098,574,100050,574,100119,200,100042,100,100133,100,100015,100,100136,100,99985,100,100144,100,99953,100,100148,100,99940,100,100164,100,99921,100,100279,100,99892,100,100478,100,99882,100,100581,100,99879,100
2019-06-28 09:46:00.000000000,100098,574,100050,574,100119,200,100042,100,100133,100,100015,100,100136,100,99985,100,100144,100,99953,100,100148,100,99940,100,100164,100,99921,100,100279,100,99892,100,100478,100,99882,100,100581,100,99879,100
2019-06-28 09:46:10.000000000,100098,574,100050,574,100119,200,100042,100,100133,100,100015,100,100136,100,99985,100,100144,100,99953,100,100148,100,99940,100,100164,100,99921,100,100279,100,99892,100,100478,100,99882,100,100581,100,99879,100
2019-06-28 09:46:10.234386693,100098,574,100050,574,100119,200,100042,100,100133,100,100015,100,100136,100,99985,100,100144,100,99953,100,100148,100,99940,100,100164,100,99921,100,100279,100,99892,100,100478,100,99882,100,100581,100,99879,100
2019-06-28 09:46:20.000000000,100098,218,100050,218,100119,318,100042,218,100133,218,100015,218,100136,218,99985,218,100144,100,99953,100,100148,100,99940,100,100164,100,99921,100,100279,100,99892,100,100478,100,99882,100,100581,100,99879,100
2019-06-28 09:46:23.171744745,100098,118,100050,218,100119,318,100042,218,100133,218,100015,218,100136,218,99985,218,100144,100,99940,100,100148,100,99921,100,100164,100,99892,100,100279,100,99882,100,100478,100,99879,100,100581,100,99827,100
2019-06-28 09:46:30.000000000,100119,318,100050,218,100133,218,100042,218,100136,218,100015,218,100144,218,99985,218,100148,100,99940,100,100164,100,99921,100,100279,100,99892,100,100478,100,99882,100,100581,100,99879,100,100698,100,99827,100
2019-06-28 09:46:40.000000000,100119,437,100050,337,100133,337,100042,337,100136,100,100015,100,100144,100,99985,100,100148,100,99940,100,100164,100,99921,100,100279,100,99892,100,100478,100,99882,100,100581,100,99879,100,100698,100,99827,100
2019-06-28 09:46:41.818145875,100119,237,100050,337,100133,337,100042,337,100136,100,100015,100,100144,100,99985,100,100148,100,99940,100,100164,100,99921,100,100279,100,99892,100,100478,100,99882,100,100581,100,99879,100,100698,100,99827,100
2019-06-28 09:46:50.000000000,100133,261,100050,261,100136,256,100042,256,100144,256,100015,256,100148,100,99985,100,100164,100,99940,100,100279,100,99921,100,100478,100,99892,100,100581,100,99882,100,100698,100,99879,100,100703,100,99827,100
2019-06-28 09:46:51.776052904,100133,261,100050,261,100136,256,100042,256,100144,256,100015,256,100164,100,99985,100,100279,100,99940,100,100478,100,99921,100,100581,100,99892,100,100698,100,99882,100,100703,100,99879,100,100739,100,99827,100
2019-06-28 09:46:54.801387143,100133,261,100050,261,100136,256,100042,256,100144,256,100015,256,100164,100,99985,100,100279,100,99940,100,100478,100,99921,100,100581,100,99892,100,100698,100,99882,100,100703,100,99879,100,100739,100,99827,100
2019-06-28 09:47:00.000000000,100133,195,100050,195,100136,195,100042,195,100144,195,100015,195,100164,195,99985,195,100279,195,99940,195,100478,100,99921,100,100581,100,99892,100,100698,100,99882,100,100703,100,99879,100,100739,100,99827,100
2019-06-28 09:47:05.169630868,100133,195,100050,195,100136,195,100042,195,100144,195,100015,195,100164,195,99985,195,100279,195,99940,195,100478,100,99921,100,100581,100,99892,100,100698,100,99882,100,100703,100,99879,100,100739,100,99827,100
2019-06-28 09:47:10.000000000,100133,195,100050,195,100136,195,100042,195,100144,195,100015,195,100164,195,99985,195,100279,195,99940,195,100478,100,99921,100,100581,100,99892,100,100698,100,99882,100,100703,100,99879,100,100739,100,99827,100
2019-06-28 09:47:17.693081690,100133,95,100050,195,100136,195,100042,195,100144,195,100015,195,100164,195,99985,195,100279,195,99940,195,100478,100,99921,100,100581,100,99892,100,100698,100,99882,100,100703,100,99879,100,100739,100,99827,100
2019-06-28 09:47:20.000000000,100136,195,100050,195,100144,195,100042,195,100164,195,100015,195,100279,195,99985,195,100478,195,99940,195,100581,100,99921,100,100698,100,99892,100,100703,100,99882,100,100739,100,99879,100,100967,100,99827,100
2019-06-28 09:47:30.000000000,100136,574,100050,574,100144,100,100042,100,100164,100,100015,100,100279,100,99985,100,100478,100,99940,100,100581,100,99921,100,100698,100,99892,100,100703,100,99882,100,100739,100,99879,100,100967,100,99827,100
2019-06-28 09:47:35.337850166,100136,574,100050,574,100144,100,100042,100,100164,100,100015,100,100279,100,99985,100,100478,100,99940,100,100581,100,99921,100,100698,100,99892,100,100703,100,99882,100,100739,100,99879,100,100967,100,99827,100
2019-06-28 09:47:38.534061556,100136,374,100050,574,100144,100,100042,100,100164,100,100015,100,100279,100,99985,100,100478,100,99940,100,100581,100,99921,100,100698,100,99892,100,100703,100,99882,100,100739,100,99879,100,100967,100,99827,100
2019-06-28 09:47:40.000000000,100144,218,100050,218,100164,218,100042,218,100279,218,100015,218,100478,218,99985,218,100581,100,99940,100,100698,100,99921,100,100703,100,99892,100,100739,100,99882,100,100967,100,99879,100,100996,100,99827,100
2019-06-28 09:47:47.866766599,100144,118,100050,218,100164,218,100042,218,100279,218,100015,218,100478,218,99985,218,100581,100,99940,100,100698,100,99921,100,100703,100,99892,100,100739,100,99882,100,100967,100,99879,100,100996,100,99827,100
2019-06-28 09:47:50.000000000,100164,261,100050,261,100279,256,100042,256,100478,256,100015,256,100581,100,99985,100,100698,100,99940,100,100703,100,99921,100,100739,100,99892,100,100967,100,99882,100,100996,100,99879,100,101021,100,99827,100
2019-06-28 09:48:00.000000000,100164,261,100050,261,100279,256,100042,256,100478,256,100015,256,100581,100,99985,100,100698,100,99940,100,100703,100,99921,100,100739,100,99892,100,100967,100,99882,100,100996,100,99879,100,101021,100,99827,100
2019-06-28 09:48:10.000000000,100164,261,100050,261,100279,256,100042,256,100478,256,100015,256,100581,100,99985,100,100698,100,99940,100,100703,100,99921,100,100739,100,99892,100,100967,100,99882,100,100996,100,99879,100,101021,100,99827,100
2019-06-28 09:48:11.776831993,100164,261,100136,100,100279,256,100050,261,100478,256,100042,256,100581,100,100015,256,100698,100,99985,100,100703,100,99940,100,100739,100,99921,100,100967,100,99892,100,100996,100,99882,100,101021,100,99879,100
2019-06-28 09:48:20.000000000,100164,574,100136,574,100279,100,100050,100,100478,100,100042,100,100581,100,100015,100,100698,100,99985,100,100703,100,99940,100,100739,100,99921,100,100967,100,99892,100,100996,100,99882,100,101021,100,99879,100
2019-06-28 09:48:30.000000000,100164,195,100136,195,100279,195,100050,195,100478,195,100042,195,100581,195,100015,195,100698,195,99985,195,100703,100,99940,100,100739,100,99921,100,100967,100,99892,100,100996,100,99882,100,101021,100,99879,100
2019-06-28 09:48:36.600351055,100164,195,100136,295,100279,195,100050,195,100478,195,100042,195,100581,195,100015,195,100698,195,99985,195,100703,100,99940,100,100739,100,99921,100,100967,100,99892,100,100996,100,99882,100,101021,100,99879,100
2019-06-28 09:48:40.000000000,100164,574,100136,674,100279,100,100050,100,100478,100,100042,100,100581,100,100015,100,100698,100,99985,100,100703,100,99940,100,100739,100,99921,100,100967,100,99892,100,100996,100,99882,100,101021,100,99879,100
2019-06-28 09:48:42.473199346,100164,574,100136,774,100279,100,100042,100,100478,100,100015,100,100581,100,99985,100,100698,100,99940,100,100703,100,99921,100,100739,100,99892,100,100967,100,99882,100,100996,100,99879,100,101021,100,99827,100
2019-06-28 09:48:50.000000000,100164,218,100136,418,100279,218,100042,218,100478,218,100015,218,100581,218,99985,218,100698,100,99940,100,100703,100,99921,100,100739,100,99892,100,100967,100,99882,100,100996,100,99879,100,101021,100,99827,100
2019-06-28 09:49:00.000000000,100164,337,100136,537,100279,337,100042,337,100478,100,100015,100,100581,100,99985,100,100698,100,99940,100,100703,100,99921,100,100739,100,99892,100,100967,100,99882,100,100996,100,99879,100,101021,100,99827,100
2019-06-28 09:49:10.000000000,100164,195,100136,395,100279,195,100042,195,100478,195,100015,195,100581,195,99985,195,100698,195,99940,195,100703,100,99921,100,100739,100,99892,100,100967,100,99882,100,100996,100,99879,100,101021,100,99827,100
2019-06-28 09:49:20.000000000,100164,261,100136,461,100279,256,100042,256,100478,256,100015,256,100581,100,99985,100,100698,100,99940,100,100703,100,99921,100,100739,100,99892,100,100967,100,99882,100,100996,100,99879,100,101021,100,99827,100
2019-06-28 09:49:21.617352125,100164,261,100136,561,100279,256,100042,256,100478,256,100015,256,100581,100,99985,100,100698,100,99940,100,100703,100,99921,100,100739,100,99892,100,100967,100,99882,100,100996,100,99879,100,101021,100,99827,100
2019-06-28 09:49:23.967269809,100164,161,100136,561,100279,256,100042,256,100478,256,100015,256,100581,100,99985,100,100698,100,99940,100,100703,100,99921,100,100739,100,99892,100,100967,100,99882,100,100996,100,99879,100,101021,100,99827,100
2019-06-28 09:49:30.000000000,100279,195,100136,495,100478,195,100042,195,100581,195,100015,195,100698,195,99985,195,100703,195,99940,195,100739,100,99921,100,100967,100,99892,100,100996,100,99882,100,101021,100,99879,100,101034,100,99827,100
2019-06-28 09:49:40.000000000,100279,261,100136,561,100478,256,100042,256,100581,256,100015,256,100698,100,99985,100,100703,100,99940,100,100739,100,99921,100,100967,100,99892,100,100996,100,99882,100,101021,100,99879,100,101034,100,99827,100
2019-06-28 09:49:50.000000000,100279,261,100136,561,100478,256,100042,256,100581,256,100015,256,100698,100,99985,100,100703,100,99940,100,100739,100,99921,100,100967,100,99892,100,100996,100,99882,100,101021,100,99879,100,101034,100,99827,100
2019-06-28 09:50:00.000000000,100279,574,100136,874,100478,100,100042,100,100581,100,100015,100,100698,100,99985,100,100703,100,99940,100,100739,100,99921,100,100967,100,99892,100,100996,100,99882,100,101021,100,99879,100,101034,100,99827,100
2019-06-28 09:50:02.712522014,100279,474,100136,874,100478,100,100042,100,100581,100,100015,100,100698,100,99985,100,100703,100,99940,100,100739,100,99921,100,100967,100,99892,100,100996,100,99882,100,101021,100,99879,100,101034,100,99827,100
2019-06-28 09:50:10.000000000,100478,261,100136,561,100581,256,100042,256,100698,256,100015,256,100703,100,99985,100,100739,100,99940,100,100967,100,99921,100,100996,100,99892,100,101021,100,99882,100,101034,100,99879,100,101318,100,99827,100
2019-06-28 09:50:20.000000000,100478,218,100136,518,100581,218,100042,218,100698,218,100015,218,100703,218,99985,218,100739,100,99940,100,100967,100,99921,100,100996,100,99892,100,101021,100,99882,100,101034,100,99879,100,101318,100,99827,100
2019-06-28 09:50:26.690213505,100478,218,100164,100,100581,218,100136,518,100698,218,100042,218,100703,218,100015,218,100739,100,99985,218,100967,100,99940,100,100996,100,99921,100,101021,100,99892,100,101034,100,99882,100,101318,100,99879,100
2019-06-28 09:50:27.756209853,100478,118,100164,100,100581,218,100136,518,100698,218,100042,218,100703,118,100015,218,100739,100,99985,218,100967,100,99940,100,100996,100,99921,100,101021,100,99892,100,101034,100,99882,100,101318,100,99879,100
2019-06-28 09:50:29.335658505,100478,118,100164,100,100581,218,100136,518,100698,218,100042,218,100703,118,100015,218,100739,100,99985,218,100967,100,99940,100,100996,100,99921,100,101021,100,99892,100,101034,100,99882,100,101318,100,99879,100
2019-06-28 09:50:30.000000000,100581,337,100164,337,100698,337,100136,637,100739,100,100042,100,100967,100,100015,100,100996,100,99985,100,101021,100,99940,100,101034,100,99921,100,101318,100,99892,100,101364,100,99882,100,101394,100,99879,100
2019-06-28 09:50:32.673732164,100581,337,100164,337,100698,337,100136,637,100739,100,100042,100,100996,100,100015,100,101021,100,99985,100,101034,100,99940,100,101318,100,99921,100,101364,100,99892,100,101394,100,99882,100,101410,100,99879,100
2019-06-28 09:50:38.435787936,100581,337,100279,100,100698,337,100164,337,100739,100,100136,537,100996,100,100042,100,101021,100,100015,100,101034,100,99985,100,101318,100,99940,100,101364,100,99921,100,101394,100,99892,100,101410,100,99882,100
2019-06-28 09:50:39.961958637,100581,337,100279,200,100698,337,100164,337,100739,100,100136,537,100996,100,100042,100,101021,100,100015,100,101034,100,99985,100,101318,100,99921,100,101364,100,99892,100,101394,100,99882,100,101410,100,99879,100
2019-06-28 09:50:40.000000000,100581,218,100279,318,100698,218,100164,218,100739,218,100136,418,100996,218,100042,218,101021,100,100015,100,101034,100,99985,100,101318,100,99921,100,101364,100,99892,100,101394,100,99882,100,101410,100,99879,100
2019-06-28 09:50:50.000000000,100581,337,100279,437,100698,337,100164,337,100739,100,100136,300,100996,100,100042,100,101021,100,100015,100,101034,100,99985,100,101318,100,99921,100,101364,100,99892,100,101394,100,99882,100,101410,100,99879,100
2019-06-28 09:51:00.000000000,100581,574,100279,674,100698,100,100164,100,100739,100,100136,300,100996,100,100042,100,101021,100,100015,100,101034,100,99985,100,101318,100,99921,100,101364,100,99892,100,101394,100,99882,100,101410,100,99879,100
2019-06-28 09:51:10.000000000,100581,261,100279,361,100698,256,100164,256,100739,256,100136,456,100996,100,100042,100,101021,100,100015,100,101034,100,99985,100,101318,100,99921,100,101364,100,99892,100,101394,100,99882,100,101410,100,99879,100
2019-06-28 09:51:20.000000000,100581,337,100279,437,100698,337,100164,337,100739,100,100136,300,100996,100,100042,100,101021,100,100015,100,101034,100,99985,100,101318,100,99921,100,101364,100,99892,100,101394,100,99882,100,101410,100,99879,100
2019-06-28 09:51:30.000000000,100581,195,100279,295,100698,195,100164,195,100739,195,100136,395,100996,195,100042,195,101021,195,100015,195,101034,100,99985,100,101318,100,99921,100,101364,100,99892,100,101394,100,99882,100,101410,100,99879,100
2019-06-28 09:51:40.000000000,100581,574,100279,674,100698,100,100164,100,100739,100,100136,300,100996,100,100042,100,101021,100,100015,100,101034,100,99985,100,101318,100,99921,100,101364,100,99892,100,101394,100,99882,100,101410,100,99879,100
2019-06-28 09:51:47.371455323,100581,574,100279,774,100698,100,100164,100,100739,100,100136,300,100996,100,100042,100,101021,100,100015,100,101034,100,99985,100,101318,100,99921,100,101364,100,99892,100,101394,100,99882,100,101410,100,99879,100
2019-06-28 09:51:50.000000000,100581,195,100279,395,100698,195,100164,195,100739,195,100136,395,100996,195,100042,195,101021,195,100015,195,101034,100,99985,100,101318,100,99921,100,101364,100,99892,100,101394,100,99882,100,101410,100,99879,100
2019-06-28 09:52:00.000000000,100581,574,100279,774,100698,100,100164,100,100739,100,100136,300,100996,100,100042,100,101021,100,100015,100,101034,100,99985,100,101318,100,99921,100,101364,100,99892,100,101394,100,99882,100,101410,100,99879,100
2019-06-28 09:52:06.882771990,100581,474,100279,774,100698,100,100164,100,100739,100,100136,300,100996,100,100042,100,101021,100,100015,100,101034,100,99985,100,101318,100,99921,100,101364,100,99892,100,101394,100,99882,100,101410,100,99879,100
2019-06-28 09:52:10.000000000,100698,218,100279,418,100739,218,100164,218,100996,218,100136,418,101021,218,100042,218,101034,100,100015,100,101318,100,99985,100,101364,100,99921,100,101394,100,99892,100,101410,100,99882,100,101475,100,99879,100
2019-06-28 09:52:20.000000000,100698,337,100279,537,100739,337,100164,337,100996,100,100136,300,101021,100,100042,100,101034,100,100015,100,101318,100,99985,100,101364,100,99921,100,101394,100,99892,100,101410,100,99882,100,101475,100,99879,100
2019-06-28 09:52:23.397755064,100698,337,100279,537,100739,337,100164,337,100996,100,100136,300,101021,100,100042,100,101034,100,100015,100,101318,100,99985,100,101364,100,99921,100,101394,100,99892,100,101410,100,99882,100,101475,100,99879,100
2019-06-28 09:52:30.000000000,100698,261,100279,461,100739,256,100164,256,100996,256,100136,456,101021,100,100042,100,101034,100,100015,100,101318,100,99985,100,101364,100,99921,100,101394,100,99892,100,101410,100,99882,100,101475,100,99879,100
2019-06-28 09:52:40.000000000,100698,218,100279,418,100739,218,100164,218,100996,218,100136,418,101021,218,100042,218,101034,100,100015,100,101318,100,99985,100,101364,100,99921,100,101394,100,99892,100,101410,100,99882,100,101475,100,99879,100
2019-06-28 09:52:50.000000000,100698,574,100279,774,100739,100,100164,100,100996,100,100136,300,101021,100,100042,100,101034,100,100015,100,101318,100,99985,100,101364,100,99921,100,101394,100,99892,100,101410,100,99882,100,101475,100,99879,100
2019-06-28 09:52:56.426476162,100698,574,100279,774,100739,100,100164,100,100996,100,100136,300,101021,100,100042,100,101034,100,100015,100,101318,100,99985,100,101364,100,99921,100,101394,100,99892,100,101410,100,99882,100,101475,100,99879,100
2019-06-28 09:53:00.000000000,100698,218,100279,418,100739,218,100164,218,100996,218,100136,418,101021,218,100042,218,101034,100,100015,100,101318,100,99985,100,101364,100,99921,100,101394,100,99892,100,101410,100,99882,100,101475,100,99879,100
2019-06-28 09:53:03.874082719,100698,218,100279,418,100739,218,100164,218,100996,218,100136,418,101021,218,100042,218,101034,100,100015,100,101318,100,99985,100,101364,100,99921,100,101394,100,99892,100,101410,100,99882,100,101475,100,99879,100
2019-06-28 09:53:10.000000000,100698,218,100279,418,100739,218,100164,218,100996,218,100136,418,101021,218,100042,218,101034,100,100015,100,101318,100,99985,100,101364,100,99921,100,101394,100,99892,100,101410,100,99882,100,101475,100,99879,100
2019-06-28 09:53:20.000000000,100698,261,100279,461,100739,256,100164,256,100996,256,100136,456,101021,100,100042,100,101034,100,100015,100,101318,100,99985,100,101364,100,99921,100,101394,100,99892,100,101410,100,99882,100,101475,100,99879,100
2019-06-28 09:53:30.000000000,100698,218,100279,418,100739,218,100164,218,100996,218,100136,418,101021,218,100042,218,101034,100,100015,100,101318,100,99985,100,101364,100,99921,100,101394,100,99892,100,101410,100,99882,100,101475,100,99879,100
2019-06-28 09:53:40.000000000,100698,195,100279,395,100739,195,100164,195,100996,195,100136,395,101021,195,100042,195,101034,195,100015,195,101318,100,99985,100,101364,100,99921,100,101394,100,99892,100,101410,100,99882,100,101475,100,99879,100
2019-06-28 09:53:50.000000000,100698,218,100279,418,100739,218,100164,218,100996,218,100136,418,101021,218,100042,218,101034,100,100015,100,101318,100,99985,100,101364,100,99921,100,101394,100,99892,100,101410,100,99882,100,101475,100,99879,100
2019-06-28 09:54:00.000000000,100698,195,100279,395,100739,195,100164,195,100996,195,100136,395,101021,195,100042,195,101034,195,100015,195,101318,100,99985,100,101364,100,99921,100,101394,100,99892,100,101410,100,99882,100,101475,100,99879,100
2019-06-28 09:54:10.000000000,100698,261,100279,461,100739,256,100164,256,100996,256,100136,456,101021,100,100042,100,101034,100,100015,100,101318,100,99985,100,101364,100,99921,100,101394,100,99892,100,101410,100,99882,100,101475,100,99879,100
2019-06-28 09:54:20.000000000,100698,574,100279,774,100739,100,100164,100,100996,100,100136,300,101021,100,100042,100,101034,100,100015,100,101318,100,99985,100,101364,100,99921,100,101394,100,99892,100,101410,100,99882,100,101475,100,99879,100
2019-06-28 09:54:22.167441710,100698,574,100478,100,100739,100,100279,774,100996,100,100164,100,101021,100,100136,200,101034,100,100042,100,101318,100,100015,100,101364,100,99985,100,101394,100,99921,100,101410,100,99892,100,101475,100,99882,100
2019-06-28 09:54:27.075492679,100698,574,100478,100,100739,100,100279,774,100996,100,100164,100,101021,100,100136,200,101034,100,100042,100,101217,100,100015,100,101318,100,99985,100,101364,100,99921,100,101394,100,99892,100,101410,100,99882,100
2019-06-28 09:54:30.000000000,100698,218,100478,218,100739,218,100279,418,100996,218,100164,218,101021,218,100136,318,101034,100,100042,100,101217,100,100015,100,101318,100,99985,100,101364,100,99921,100,101394,100,99892,100,101410,100,99882,100
2019-06-28 09:54:34.537789707,100698,118,100478,218,100739,218,100279,418,100996,218,100164,218,101021,218,100136,318,101034,100,100042,100,101217,100,100015,100,101318,100,99985,100,101364,100,99921,100,101394,100,99892,100,101410,100,99882,100
2019-06-28 09:54:40.000000000,100739,218,100478,218,100996,218,100279,418,101021,218,100164,218,101034,218,100136,318,101217,100,100042,100,101318,100,100015,100,101364,100,99985,100,101394,100,99921,100,101410,100,99892,100,101475,100,99882,100
2019-06-28 09:54:50.000000000,100739,218,100478,218,100996,218,100279,418,101021,218,100164,218,101034,218,100136,318,101217,100,100042,100,101318,100,100015,100,101364,100,99985,100,101394,100,99921,100,101410,100,99892,100,101475,100,99882,100
2019-06-28 09:54:59.625524480,100739,218,100478,218,100962,100,100279,418,100996,218,100164,218,101021,218,100136,318,101034,218,100042,100,101217,100,100015,100,101318,100,99985,100,101364,100,99921,100,101394,100,99892,100,101410,100,99882,100
2019-06-28 09:55:00.000000000,100739,574,100478,574,100962,100,100279,300,100996,100,100164,100,101021,100,100136,200,101034,100,100042,100,101217,100,100015,100,101318,100,99985,100,101364,100,99921,100,101394,100,99892,100,101410,100,99882,100
2019-06-28 09:55:10.000000000,100739,195,100478,195,100962,195,100279,395,100996,195,100164,195,101021,195,100136,295,101034,195,100042,195,101217,100,100015,100,101318,100,99985,100,101364,100,99921,100,101394,100,99892,100,101410,100,99882,100
2019-06-28 09:55:15.037086470,100739,195,100478,195,100962,195,100279,295,100996,195,100164,195,101021,195,100136,295,101034,195,100042,195,101217,100,100015,100,101318,100,99985,100,101364,100,99921,100,101394,100,99892,100,101410,100,99882,100
2019-06-28 09:55:16.044869387,100739,195,100528,100,100962,195,100478,195,100996,195,100279,295,101021,195,100164,195,101034,195,100136,295,101217,100,100042,195,101318,100,100015,100,101364,100,99985,100,101394,100,99921,100,101410,100,99892,100
2019-06-28 09:55:20.000000000,100739,261,100528,261,100962,256,100478,256,100996,256,100279,356,101021,100,100164,100,101034,100,100136,200,101217,100,100042,100,101318,100,100015,100,101364,100,99985,100,101394,100,99921,100,101410,100,99892,100
2019-06-28 09:55:30.000000000,100739,195,100528,195,100962,195,100478,195,100996,195,100279,295,101021,195,100164,195,101034,195,100136,295,101217,100,100042,100,101318,100,100015,100,101364,100,99985,100,101394,100,99921,100,101410,100,99892,100
2019-06-28 09:55:32.559988873,100580,100,100528,195,100739,195,100478,195,100962,195,100279,295,100996,195,100164,195,101021,195,100136,295,101034,195,100015,100,101217,100,99985,100,101318,100,99921,100,101364,100,99892,100,101394,100,99882,100
2019-06-28 09:55:40.000000000,100580,261,100528,261,100739,256,100478,256,100962,256,100279,356,100996,100,100164,100,101021,100,100136,200,101034,100,100015,100,101217,100,99985,100,101318,100,99921,100,101364,100,99892,100,101394,100,99882,100
2019-06-28 09:55:44.667313366,100580,361,100528,261,100739,256,100478,256,100962,256,100279,356,100996,100,100164,100,101021,100,100136,200,101034,100,100015,100,101217,100,99985,100,101318,100,99921,100,101364,100,99892,100,101394,100,99882,100
2019-06-28 09:55:50.000000000,100580,318,100528,218,100739,218,100478,218,100962,218,100279,318,100996,218,100164,218,101021,100,100136,200,101034,100,100015,100,101217,100,99985,100,101318,100,99921,100,101364,100,99892,100,101394,100,99882,100
2019-06-28 09:55:54.643333704,100580,318,100528,218,100739,218,100478,218,100826,100,100279,318,100962,218,100164,218,100996,218,100136,200,101021,100,100015,100,101034,100,99985,100,101217,100,99921,100,101318,100,99892,100,101364,100,99882,100
2019-06-28 09:56:00.000000000,100580,437,100528,337,100739,337,100478,337,100826,100,100279,200,100962,100,100164,100,100996,100,100136,200,101021,100,100015,100,101034,100,99985,100,101217,100,99921,100,101318,100,99892,100,101364,100,99882,100
2019-06-28 09:56:00.542447874,100580,437,100528,337,100739,337,100478,237,100826,100,100279,200,100962,100,100164,100,100996,100,100136,200,101021,100,100015,100,101034,100,99985,100,101217,100,99921,100,101318,100,99892,100,101364,100,99882,100
2019-06-28 09:56:10.000000000,100580,318,100528,218,100739,218,100279,318,100826,218,100164,218,100962,218,100136,318,100996,100,100015,100,101021,100,99985,100,101034,100,99921,100,101217,100,99892,100,101318,100,99882,100,101364,100,99827,100
2019-06-28 09:56:13.402881208,100580,318,100528,218,100739,218,100279,318,100826,218,100164,218,100962,218,100136,318,100996,100,99985,100,101021,100,99921,100,101034,100,99892,100,101217,100,99882,100,101318,100,99827,100,101364,100,,
2019-06-28 09:56:16.627203494,100580,218,100528,218,100739,218,100279,318,100826,118,100164,218,100962,218,100136,318,100996,100,99985,100,101021,100,99921,100,101034,100,99892,100,101217,100,99882,100,101318,100,99827,100,101364,100,,
2019-06-28 09:56:20.000000000,100580,261,100528,261,100739,256,100279,356,100962,256,100164,256,100996,100,100136,200,101021,100,99985,100,101034,100,99921,100,101217,100,99892,100,101318,100,99882,100,101364,100,99827,100,101394,100,,
2019-06-28 09:56:30.000000000,100580,195,100528,195,100739,195,100279,295,100962,195,100164,195,100996,195,100136,295,101021,195,99985,195,101034,100,99921,100,101217,100,99892,100,101318,100,99882,100,101364,100,99827,100,101394,100,,
2019-06-28 09:56:35.691021227,100580,195,100528,195,100739,195,100279,295,100917,100,100164,195,100962,195,100136,295,100996,195,99985,195,101021,195,99921,100,101034,100,99892,100,101217,100,99882,100,101318,100,99827,100,101364,100,,
2019-06-28 09:56:35.946245949,100580,95,100528,195,100739,195,100279,295,100917,100,100164,195,100962,195,100136,295,100996,195,99985,195,101021,195,99921,100,101034,100,99892,100,101217,100,99882,100,101318,100,99827,100,101364,100,,
2019-06-28 09:56:37.794600736,100739,195,100580,5,100917,100,100528,195,100962,195,100279,295,100996,195,100164,195,101021,195,100136,295,101034,100,99985,195,101217,100,99921,100,101318,100,99892,100,101364,100,99882,100,101394,100,99827,100
2019-06-28 09:56:40.000000000,100739,261,100580,166,100917,256,100528,256,100962,256,100279,356,100996,100,100164,100,101021,100,100136,200,101034,100,99985,100,101217,100,99921,100,101318,100,99892,100,101364,100,99882,100,101394,100,99827,100
2019-06-28 09:56:41.024561313,100739,261,100580,266,100917,256,100528,256,100962,256,100279,356,100996,100,100164,100,101021,100,100136,200,101034,100,99985,100,101217,100,99921,100,101318,100,99892,100,101364,100,99882,100,101394,100,99827,100
2019-06-28 09:56:50.000000000,100739,337,100580,342,100917,337,100528,337,100962,100,100279,200,100996,100,100164,100,101021,100,100136,200,101034,100,99985,100,101217,100,99921,100,101318,100,99892,100,101364,100,99882,100,101394,100,99827,100
2019-06-28 09:57:00.000000000,100739,218,100580,223,100917,218,100528,218,100962,218,100279,318,100996,218,100164,218,101021,100,100136,200,101034,100,99985,100,101217,100,99921,100,101318,100,99892,100,101364,100,99882,100,101394,100,99827,100
2019-06-28 09:57:06.898695329,100739,218,100580,223,100817,100,100528,218,100917,218,100279,318,100962,218,100164,218,100996,218,100136,200,101021,100,99985,100,101034,100,99921,100,101217,100,99892,100,101318,100,99882,100,101364,100,99827,100
2019-06-28 09:57:10.000000000,100739,337,100580,342,100817,337,100528,337,100917,100,100279,200,100962,100,100164,100,100996,100,100136,200,101021,100,99985,100,101034,100,99921,100,101217,100,99892,100,101318,100,99882,100,101364,100,99827,100
2019-06-28 09:57:20.000000000,100739,218,100580,223,100817,218,100528,218,100917,218,100279,318,100962,218,100164,218,100996,100,100136,200,101021,100,99985,100,101034,100,99921,100,101217,100,99892,100,101318,100,99882,100,101364,100,99827,100
2019-06-28 09:57:23.597173605,100739,218,100580,223,100804,100,100528,218,100817,218,100279,318,100917,218,100164,218,100962,218,100136,200,100996,100,99985,100,101021,100,99921,100,101034,100,99882,100,101217,100,99827,100,101318,100,,
2019-06-28 09:57:30.000000000,100739,218,100580,223,100804,218,100528,218,100817,218,100279,318,100917,218,100164,218,100962,100,100136,200,100996,100,99985,100,101021,100,99921,100,101034,100,99882,100,101217,100,99827,100,101318,100,,
2019-06-28 09:57:40.000000000,100739,261,100580,266,100804,256,100528,256,100817,256,100279,356,100917,100,100164,100,100962,100,100136,200,100996,100,99985,100,101021,100,99921,100,101034,100,99882,100,101217,100,99827,100,101318,100,,
2019-06-28 09:57:46.113108761,100739,161,100580,266,100804,256,100528,256,100817,256,100279,356,100917,100,100164,100,100962,100,100136,200,100996,100,99985,100,101021,100,99921,100,101034,100,99882,100,101217,100,99827,100,101318,100,,
2019-06-28 09:57:49.978012997,100739,161,100581,100,100804,256,100580,266,100817,256,100528,256,100917,100,100279,356,100962,100,100164,100,100996,100,100136,200,101021,100,99985,100,101034,100,99921,100,101217,100,99882,100,101318,100,99827,100
2019-06-28 09:57:50.000000000,100804,574,100581,574,100817,100,100580,105,100917,100,100528,100,100962,100,100279,200,100996,100,100164,100,101021,100,100136,200,101034,100,99985,100,101217,100,99921,100,101318,100,99882,100,101364,100,99827,100
2019-06-28 09:57:52.460095496,100804,574,100581,574,100817,100,100580,105,100917,100,100528,100,100962,100,100279,200,100996,100,100164,100,101021,100,100136,200,101034,100,99985,100,101134,100,99921,100,101217,100,99882,100,101318,100,99827,100
2019-06-28 09:58:00.000000000,100804,574,100581,574,100817,100,100580,105,100917,100,100528,100,100962,100,100279,200,100996,100,100164,100,101021,100,100136,200,101034,100,99985,100,101134,100,99921,100,101217,100,99882,100,101318,100,99827,100
2019-06-28 09:58:07.844839055,100804,574,100581,574,100817,100,100580,105,100962,100,100528,100,100996,100,100279,200,101021,100,100164,100,101034,100,100136,200,101106,100,99985,100,101134,100,99921,100,101217,100,99882,100,101318,100,99827,100
2019-06-28 09:58:10.000000000,100804,261,100581,261,100817,256,100580,261,100962,256,100528,256,100996,100,100279,200,101021,100,100164,100,101034,100,100136,200,101106,100,99985,100,101134,100,99921,100,101217,100,99882,100,101318,100,99827,100
2019-06-28 09:58:14.710591207,100804,161,100581,261,100817,256,100580,261,100962,256,100528,256,100996,100,100279,200,101021,100,100164,100,101034,100,100136,200,101106,100,99985,100,101134,100,99921,100,101217,100,99882,100,101318,100,99827,100
2019-06-28 09:58:20.000000000,100817,337,100581,337,100962,337,100580,342,100996,100,100528,100,101021,100,100279,200,101034,100,100164,100,101106,100,100136,200,101134,100,99985,100,101217,100,99921,100,101318,100,99882,100,101364,100,99827,100
2019-06-28 09:58:22.902231780,100817,237,100581,337,100962,337,100580,342,100996,100,100528,100,101021,100,100279,200,101034,100,100164,100,101106,100,100136,200,101134,100,99985,100,101217,100,99921,100,101318,100,99882,100,101364,100,99827,100
2019-06-28 09:58:30.000000000,100962,574,100581,574,100996,100,100580,105,101021,100,100528,100,101034,100,100279,200,101106,100,100164,100,101134,100,100136,200,101217,100,99985,100,101318,100,99921,100,101364,100,99882,100,101394,100,99827,100
2019-06-28 09:58:40.000000000,100962,337,100581,337,100996,337,100580,342,101021,100,100528,100,101034,100,100279,200,101106,100,100164,100,101134,100,100136,200,101217,100,99985,100,101318,100,99921,100,101364,100,99882,100,101394,100,99827,100
2019-06-28 09:58:50.000000000,100962,574,100581,574,100996,100,100580,105,101021,100,100528,100,101034,100,100279,200,101106,100,100164,100,101134,100,100136,200,101217,100,99985,100,101318,100,99921,100,101364,100,99882,100,101394,100,99827,100
2019-06-28 09:58:54.139745593,100962,574,100581,574,100996,100,100580,105,100997,100,100279,200,101021,100,100164,100,101034,100,100136,200,101106,100,99985,100,101134,100,99921,100,101217,100,99882,100,101318,100,99827,100,101364,100,,
2019-06-28 09:59:00.000000000,100962,574,100581,574,100996,100,100580,105,100997,100,100279,200,101021,100,100164,100,101034,100,100136,200,101106,100,99985,100,101134,100,99921,100,101217,100,99882,100,101318,100,99827,100,101364,100,,
2019-06-28 09:59:10.000000000,100962,261,100581,261,100996,256,100580,261,100997,256,100279,356,101021,100,100164,100,101034,100,100136,200,101106,100,99985,100,101134,100,99921,100,101217,100,99882,100,101318,100,99827,100,101364,100,,
2019-06-28 09:59:12.722698706,100962,261,100581,261,100996,256,100580,261,100997,256,100279,256,101021,100,100164,100,101034,100,100136,200,101106,100,99985,100,101134,100,99921,100,101217,100,99882,100,101318,100,99827,100,101364,100,,
2019-06-28 09:59:17.748888846,100962,161,100581,261,100996,256,100580,261,100997,256,100279,256,101021,100,100164,100,101034,100,100136,200,101106,100,99985,100,101134,100,99921,100,101217,100,99882,100,101318,100,99827,100,101364,100,,
2019-06-28 09:59:19.750761585,100962,161,100817,100,100996,256,100581,261,100997,256,100580,261,101021,100,100279,156,101034,100,100164,100,101106,100,100136,200,101134,100,99985,100,101217,100,99921,100,101318,100,99882,100,101364,100,99827,100
2019-06-28 09:59:20.000000000,100996,574,100817,574,100997,100,100581,100,101021,100,100580,105,101034,100,100164,100,101106,100,100136,200,101134,100,99985,100,101217,100,99921,100,101318,100,99882,100,101364,100,99827,100,101394,100,,
2019-06-28 09:59:30.000000000,100996,574,100817,574,100997,100,100581,100,101021,100,100580,105,101034,100,100164,100,101106,100,100136,200,101134,100,99985,100,101217,100,99921,100,101318,100,99882,100,101364,100,99827,100,101394,100,,
2019-06-28 09:59:40.000000000,100996,337,100817,337,100997,337,100581,337,101021,100,100580,105,101034,100,100164,100,101106,100,100136,200,101134,100,99985,100,101217,100,99921,100,101318,100,99882,100,101364,100,99827,100,101394,100,,
2019-06-28 09:59:41.516644822,100996,337,100817,437,100997,337,100581,337,101021,100,100580,105,101034,100,100164,100,101106,100,100136,200,101134,100,99985,100,101217,100,99921,100,101318,100,99882,100,101364,100,99827,100,101394,100,,
2019-06-28 09:59:50.000000000,100996,261,100817,361,100997,256,100581,256,101021,256,100580,261,101034,100,100164,100,101106,100,100136,200,101134,100,99985,100,101217,100,99921,100,101318,100,99882,100,101364,100,99827,100,101394,100,,
2019-06-28 09:59:50.735409094,100996,161,100817,361,100997,256,100581,256,101021,256,100580,261,101034,100,100164,100,101106,100,100136,200,101134,100,99985,100,101217,100,99921,100,101318,100,99882,100,101364,100,99827,100,101394,100,,
2019-06-28 09:59:51.192732420,100996,161,100817,361,100997,256,100581,256,101021,256,100580,261,101034,100,100164,100,101106,100,100136,200,101134,100,99985,100,101217,100,99921,100,101318,100,99882,100,101386,100,99827,100,101394,100,,
2019-06-28 10:00:00.000000000,100997,218,100817,318,101021,218,100581,218,101034,218,100580,223,101106,218,100164,218,101134,100,100136,200,101217,100,99985,100,101318,100,99921,100,101386,100,99882,100,101394,100,99827,100,101410,100,,
2019-06-28 10:00:10.000000000,100997,195,100817,295,101021,195,100581,195,101034,195,100580,200,101106,195,100164,195,101134,195,100136,295,101217,100,99985,100,101318,100,99921,100,101386,100,99882,100,101394,100,99827,100,101410,100,,
2019-06-28 10:00:20.000000000,100997,337,100817,437,101021,337,100581,337,101034,100,100580,105,101106,100,100164,100,101134,100,100136,200,101217,100,99985,100,101318,100,99921,100,101386,100,99882,100,101394,100,99827,100,101410,100,,
2019-06-28 10:00:20.486063646,100995,100,100817,337,100997,337,100581,337,101021,337,100580,105,101034,100,100164,100,101106,100,100136,200,101134,100,99985,100,101217,100,99921,100,101318,100,99882,100,101386,100,99827,100,101394,100,,
2019-06-28 10:00:26.856180948,100997,337,100817,337,101021,337,100581,337,101034,100,100580,105,101106,100,100164,100,101134,100,100136,200,101217,100,99985,100,101318,100,99921,100,101386,100,99882,100,101394,100,99827,100,101410,100,,
2019-06-28 10:00:30.000000000,100997,195,100817,195,101021,195,100581,195,101034,195,100580,200,101106,195,100164,195,101134,195,100136,295,101217,100,99985,100,101318,100,99921,100,101386,100,99882,100,101394,100,99827,100,101410,100,,
2019-06-28 10:00:32.233820380,100997,195,100995,100,101021,195,100817,195,101034,195,100581,195,101106,195,100580,200,101134,195,100164,195,101217,100,100136,195,101318,100,99985,100,101386,100,99921,100,101394,100,99882,100,101410,100,99827,100
2019-06-28 10:00:40.000000000,100997,574,100995,574,101021,100,100817,100,101034,100,100581,100,101106,100,100580,105,101134,100,100164,100,101217,100,100136,100,101318,100,99985,100,101386,100,99921,100,101394,100,99882,100,101410,100,99827,100
2019-06-28 10:00:49.256841816,100997,574,100995,574,101021,100,100817,100,101034,100,100767,100,101106,100,100581,100,101134,100,100580,105,101217,100,100164,100,101318,100,100136,100,101386,100,99985,100,101394,100,99921,100,101410,100,99882,100
2019-06-28 10:00:50.000000000,100997,218,100995,218,101021,218,100817,218,101034,218,100767,218,101106,218,100581,218,101134,100,100580,105,101217,100,100164,100,101318,100,100136,100,101386,100,99985,100,101394,100,99921,100,101410,100,99882,100
2019-06-28 10:00:51.248464490,100997,218,100995,218,101021,218,100879,100,101034,218,100817,218,101106,218,100767,218,101134,100,100581,218,101217,100,100580,105,101318,100,100164,100,101386,100,100136,100,101394,100,99985,100,101410,100,99921,100
2019-06-28 10:00:53.157582719,100997,218,100995,218,101021,218,100879,100,101034,218,100817,218,101106,218,100767,218,101134,100,100581,218,101217,100,100580,5,101318,100,100164,100,101386,100,100136,100,101394,100,99985,100,101410,100,99921,100
2019-06-28 10:01:00.000000000,100997,337,100995,337,101021,337,100879,337,101034,100,100817,100,101106,100,100767,100,101134,100,100581,100,101217,100,100580,5,101318,100,100164,100,101386,100,100136,100,101394,100,99985,100,101410,100,99921,100
2019-06-28 10:01:10.000000000,100997,337,100995,337,101021,337,100879,337,101034,100,100817,100,101106,100,100767,100,101134,100,100581,100,101217,100,100580,5,101318,100,100164,100,101386,100,100136,100,101394,100,99985,100,101410,100,99921,100
2019-06-28 10:01:20.000000000,100997,195,100995,195,101021,195,100879,195,101034,195,100817,195,101106,195,100767,195,101134,195,100581,195,101217,100,100580,5,101318,100,100164,100,101386,100,100136,100,101394,100,99985,100,101410,100,99921,100
2019-06-28 10:01:30.000000000,100997,218,100995,218,101021,218,100879,218,101034,218,100817,218,101106,218,100767,218,101134,100,100581,100,101217,100,100580,5,101318,100,100164,100,101386,100,100136,100,101394,100,99985,100,101410,100,99921,100
2019-06-28 10:01:36.601225787,100997,118,100995,218,101021,218,100879,218,101034,218,100817,218,101106,218,100767,218,101134,100,100581,100,101217,100,100580,5,101318,100,100164,100,101386,100,100136,100,101394,100,99985,100,101410,100,99921,100
2019-06-28 10:01:40.000000000,101021,218,100995,218,101034,218,100879,218,101106,218,100817,218,101134,218,100767,218,101217,100,100581,100,101318,100,100580,5,101386,100,100164,100,101394,100,100136,100,101410,100,99985,100,101475,100,99921,100
2019-06-28 10:01:50.000000000,101021,337,100995,337,101034,337,100879,337,101106,100,100817,100,101134,100,100767,100,101217,100,100581,100,101318,100,100580,5,101386,100,100164,100,101394,100,100136,100,101410,100,99985,100,101475,100,99921,100
2019-06-28 10:02:00.000000000,101021,574,100995,574,101034,100,100879,100,101106,100,100817,100,101134,100,100767,100,101217,100,100581,100,101318,100,100580,5,101386,100,100164,100,101394,100,100136,100,101410,100,99985,100,101475,100,99921,100
2019-06-28 10:02:10.000000000,101021,574,100995,574,101034,100,100879,100,101106,100,100817,100,101134,100,100767,100,101217,100,100581,100,101318,100,100580,5,101386,100,100164,100,101394,100,100136,100,101410,100,99985,100,101475,100,99921,100
2019-06-28 10:02:20.000000000,101021,218,100995,218,101034,218,100879,218,101106,218,100817,218,101134,218,100767,218,101217,100,100581,100,101318,100,100580,5,101386,100,100164,100,101394,100,100136,100,101410,100,99985,100,101475,100,99921,100
2019-06-28 10:02:24.949997895,101021,218,100995,218,101034,218,100879,218,101106,218,100817,218,101134,218,100767,218,101217,100,100581,100,101318,100,100580,5,101386,100,100164,100,101394,100,100136,100,101410,100,99985,100,101475,100,99921,100
2019-06-28 10:02:28.599963721,101021,118,100995,218,101034,218,100879,218,101106,218,100817,218,101134,218,100767,218,101217,100,100581,100,101318,100,100580,5,101386,100,100164,100,101394,100,100136,100,101410,100,99985,100,101475,100,99921,100
2019-06-28 10:02:30.000000000,101034,218,100995,218,101106,218,100879,218,101134,218,100817,218,101217,218,100767,218,101318,100,100581,100,101386,100,100580,5,101394,100,100164,100,101410,100,100136,100,101475,100,99985,100,101512,100,99921,100
2019-06-28 10:02:40.000000000,101034,261,100995,261,101106,256,100879,256,101134,256,100817,256,101217,100,100767,100,101318,100,100581,100,101386,100,100580,5,101394,100,100164,100,101410,100,100136,100,101475,100,99985,100,101512,100,99921,100
2019-06-28 10:02:50.000000000,101034,574,100995,574,101106,100,100879,100,101134,100,100817,100,101217,100,100767,100,101318,100,100581,100,101386,100,100580,5,101394,100,100164,100,101410,100,100136,100,101475,100,99985,100,101512,100,99921,100
2019-06-28 10:03:00.000000000,101034,218,100995,218,101106,218,100879,218,101134,218,100817,218,101217,218,100767,218,101318,100,100581,100,101386,100,100580,5,101394,100,100164,100,101410,100,100136,100,101475,100,99985,100,101512,100,99921,100
2019-06-28 10:03:02.620078019,101034,218,100997,100,101106,218,100995,218,101134,218,100879,218,101217,218,100817,218,101318,100,100767,218,101386,100,100581,100,101394,100,100580,5,101410,100,100164,100,101475,100,100136,100,101512,100,99985,100
2019-06-28 10:03:10.000000000,101034,574,100997,574,101106,100,100995,100,101134,100,100879,100,101217,100,100817,100,101318,100,100767,100,101386,100,100581,100,101394,100,100580,5,101410,100,100164,100,101475,100,100136,100,101512,100,99985,100
2019-06-28 10:03:10.386540090,101034,574,100997,574,101106,100,100995,100,101134,100,100879,100,101217,100,100817,100,101318,100,100767,100,101386,100,100581,100,101394,100,100580,5,101410,100,100164,100,101475,100,100136,100,101512,100,99985,100
2019-06-28 10:03:20.000000000,101034,574,100997,574,101106,100,100995,100,101134,100,100879,100,101217,100,100817,100,101318,100,100767,100,101386,100,100581,100,101394,100,100580,5,101410,100,100164,100,101475,100,100136,100,101512,100,99985,100
2019-06-28 10:03:20.764231977,101034,574,100997,574,101106,100,100995,100,101134,100,100879,100,101217,100,100817,100,101318,100,100767,100,101386,100,100581,100,101394,100,100580,5,101410,100,100164,100,101475,100,100136,100,101512,100,99985,100
2019-06-28 10:03:30.000000000,101034,337,100997,337,101106,337,100995,337,101134,100,100879,100,101217,100,100817,100,101318,100,100767,100,101386,100,100581,100,101394,100,100580,5,101410,100,100164,100,101475,100,100136,100,101512,100,99985,100
2019-06-28 10:03:32.398023483,101034,337,100997,437,101106,337,100995,337,101134,100,100879,100,101217,100,100767,100,101318,100,100581,100,101386,100,100580,5,101394,100,100164,100,101410,100,100136,100,101475,100,99985,100,101512,100,99921,100
2019-06-28 10:03:40.000000000,101034,337,100997,437,101106,337,100995,337,101134,100,100879,100,101217,100,100767,100,101318,100,100581,100,101386,100,100580,5,101394,100,100164,100,101410,100,100136,100,101475,100,99985,100,101512,100,99921,100
2019-06-28 10:03:50.000000000,101034,218,100997,318,101106,218,100995,218,101134,218,100879,218,101217,218,100767,218,101318,100,100581,100,101386,100,100580,5,101394,100,100164,100,101410,100,100136,100,101475,100,99985,100,101512,100,99921,100
2019-06-28 10:03:50.567141946,101034,218,100997,318,101106,218,100995,218,101134,218,100879,218,101217,218,100767,218,101318,100,100581,100,101386,100,100580,5,101394,100,100164,100,101410,100,100136,100,101475,100,99985,100,101512,100,99921,100
2019-06-28 10:04:00.000000000,101034,261,100997,361,101106,256,100995,256,101134,256,100879,256,101217,100,100767,100,101318,100,100581,100,101386,100,100580,5,101394,100,100164,100,101410,100,100136,100,101475,100,99985,100,101512,100,99921,100
2019-06-28 10:04:10.000000000,101034,574,100997,674,101106,100,100995,100,101134,100,100879,100,101217,100,100767,100,101318,100,100581,100,101386,100,100580,5,101394,100,100164,100,101410,100,100136,100,101475,100,99985,100,101512,100,99921,100
2019-06-28 10:04:10.296154567,101034,574,100997,574,101106,100,100995,100,101134,100,100879,100,101217,100,100767,100,101318,100,100581,100,101386,100,100580,5,101394,100,100164,100,101410,100,100136,100,101475,100,99985,100,101512,100,99921,100
2019-06-28 10:04:17.731028647,101034,574,100997,574,101106,100,100995,100,101134,100,100879,100,101217,100,100767,100,101318,100,100581,100,101386,100,100580,5,101394,100,100164,100,101410,100,100136,100,101475,100,99985,100,101512,100,99921,100
2019-06-28 10:04:20.000000000,101034,337,100997,337,101106,337,100995,337,101134,100,100879,100,101217,100,100767,100,101318,100,100581,100,101386,100,100580,5,101394,100,100164,100,101410,100,100136,100,101475,100,99985,100,101512,100,99921,100
2019-06-28 10:04:22.838922321,101034,337,100997,337,101106,337,100995,337,101217,100,100879,100,101318,100,100767,100,101386,100,100581,100,101394,100,100580,5,101410,100,100164,100,101475,100,100136,100,101512,100,99985,100,101601,100,99921,100
2019-06-28 10:04:30.000000000,101034,261,100997,261,101106,256,100995,256,101217,256,100879,256,101318,100,100767,100,101386,100,100581,100,101394,100,100580,5,101410,100,100164,100,101475,100,100136,100,101512,100,99985,100,101601,100,99921,100
2019-06-28 10:04:34.079272208,101034,261,100997,361,101106,256,100995,256,101217,256,100879,256,101318,100,100767,100,101386,100,100581,100,101394,100,100580,5,101410,100,100164,100,101475,100,100136,100,101512,100,99985,100,101601,100,99921,100
2019-06-28 10:04:40.000000000,101034,261,100997,361,101106,256,100995,256,101217,256,100879,256,101318,100,100767,100,101386,100,100581,100,101394,100,100580,5,101410,100,100164,100,101475,100,100136,100,101512,100,99985,100,101601,100,99921,100
2019-06-28 10:04:50.000000000,101034,261,100997,361,101106,256,100995,256,101217,256,100879,256,101318,100,100767,100,101386,100,100581,100,101394,100,100580,5,101410,100,100164,100,101475,100,100136,100,101512,100,99985,100,101601,100,99921,100
2019-06-28 10:05:00.000000000,101034,337,100997,437,101106,337,100995,337,101217,100,100879,100,101318,100,100767,100,101386,100,100581,100,101394,100,100580,5,101410,100,100164,100,101475,100,100136,100,101512,100,99985,100,101601,100,99921,100
2019-06-28 10:05:03.109513805,101034,237,100997,437,101106,337,100995,337,101217,100,100879,100,101318,100,100767,100,101386,100,100581,100,101394,100,100580,5,101410,100,100164,100,101475,100,100136,100,101512,100,99985,100,101601,100,99921,100
2019-06-28 10:05:10.000000000,101106,261,100997,361,101217,256,100995,256,101318,256,100879,256,101386,100,100767,100,101394,100,100581,100,101410,100,100580,5,101475,100,100164,100,101512,100,100136,100,101601,100,99985,100,101645,100,99921,100
2019-06-28 10:05:10.120939252,101106,261,101021,100,101217,256,100997,361,101318,256,100995,256,101386,100,100879,256,101394,100,100767,100,101410,100,100581,100,101475,100,100580,5,101512,100,100164,100,101601,100,100136,100,101645,100,99985,100
2019-06-28 10:05:14.743003697,101106,161,101021,100,101217,256,100997,361,101318,256,100995,256,101386,100,100879,256,101394,100,100767,100,101410,100,100581,100,101475,100,100580,5,101512,100,100164,100,101601,100,100136,100,101645,100,99985,100
2019-06-28 10:05:19.261094216,101106,161,101021,100,101217,256,100997,361,101318,256,100995,256,101386,100,100879,256,101394,100,100767,100,101410,100,100581,100,101475,100,100580,5,101512,100,100164,100,101601,100,100136,100,101645,100,99985,100
2019-06-28 10:05:20.000000000,101217,574,101021,574,101318,100,100997,200,101386,100,100995,100,101394,100,100879,100,101410,100,100767,100,101475,100,100581,100,101512,100,100580,5,101601,100,100164,100,101645,100,100136,100,101926,100,99985,100
2019-06-28 10:05:30.000000000,101217,218,101021,218,101318,218,100997,318,101386,218,100995,218,101394,218,100879,218,101410,100,100767,100,101475,100,100581,100,101512,100,100580,5,101601,100,100164,100,101645,100,100136,100,101926,100,99985,100
2019-06-28 10:05:38.745048825,101217,118,101021,218,101318,218,100997,318,101386,218,100995,218,101394,218,100879,218,101410,100,100581,100,101475,100,100580,5,101512,100,100164,100,101601,100,100136,100,101645,100,99985,100,101926,100,99921,100
2019-06-28 10:05:40.000000000,101318,337,101021,337,101386,337,100997,437,101394,100,100995,100,101410,100,100879,100,101475,100,100581,100,101512,100,100580,5,101601,100,100164,100,101645,100,100136,100,101926,100,99985,100,101967,100,99921,100
2019-06-28 10:05:50.000000000,101318,574,101021,574,101386,100,100997,200,101394,100,100995,100,101410,100,100879,100,101475,100,100581,100,101512,100,100580,5,101601,100,100164,100,101645,100,100136,100,101926,100,99985,100,101967,100,99921,100
2019-06-28 10:05:51.142311254,101318,574,101021,574,101386,100,100997,200,101394,100,100995,100,101410,100,100879,100,101475,100,100581,100,101512,100,100580,5,101538,100,100164,100,101601,100,100136,100,101645,100,99985,100,101926,100,99921,100
2019-06-28 10:06:00.000000000,101318,195,101021,195,101386,195,100997,295,101394,195,100995,195,101410,195,100879,195,101475,195,100581,195,101512,100,100580,5,101538,100,100164,100,101601,100,100136,100,101645,100,99985,100,101926,100,99921,100
2019-06-28 10:06:04.059211096,101318,195,101106,100,101386,195,101021,195,101394,195,100997,295,101410,195,100995,195,101475,195,100879,195,101512,100,100581,195,101538,100,100580,5,101601,100,100164,100,101645,100,100136,100,101926,100,99985,100
2019-06-28 10:06:04.549403358,101318,195,101106,100,101386,195,101021,195,101394,195,100997,295,101410,195,100995,195,101475,195,100879,195,101512,100,100581,95,101538,100,100580,5,101601,100,100164,100,101645,100,100136,100,101926,100,99985,100
2019-06-28 10:06:05.189874954,101318,195,101106,200,101386,195,101021,195,101394,195,100997,295,101410,195,100995,195,101475,195,100879,195,101512,100,100581,95,101538,100,100580,5,101601,100,100164,100,101645,100,100136,100,101926,100,99985,100
2019-06-28 10:06:10.000000000,101318,261,101106,361,101386,256,101021,256,101394,256,100997,356,101410,100,100995,100,101475,100,100879,100,101512,100,100580,5,101538,100,100164,100,101601,100,100136,100,101645,100,99985,100,101926,100,99921,100
2019-06-28 10:06:20.000000000,101318,574,101106,674,101386,100,101021,100,101394,100,100997,200,101410,100,100995,100,101475,100,100879,100,101512,100,100580,5,101538,100,100164,100,101601,100,100136,100,101645,100,99985,100,101926,100,99921,100
2019-06-28 10:06:26.348095632,101318,474,101106,674,101386,100,101021,100,101394,100,100997,200,101410,100,100995,100,101475,100,100879,100,101512,100,100580,5,101538,100,100164,100,101601,100,100136,100,101645,100,99985,100,101926,100,99921,100
2019-06-28 10:06:30.000000000,101386,337,101106,437,101394,337,101021,337,101410,100,100997,200,101475,100,100995,100,101512,100,100879,100,101538,100,100580,5,101601,100,100164,100,101645,100,100136,100,101926,100,99985,100,101967,100,99921,100
2019-06-28 10:06:40.000000000,101386,261,101106,361,101394,256,101021,256,101410,256,100997,356,101475,100,100995,100,101512,100,100879,100,101538,100,100580,5,101601,100,100164,100,101645,100,100136,100,101926,100,99985,100,101967,100,99921,100
2019-06-28 10:06:44.488958576,101386,161,101106,361,101394,256,101021,256,101410,256,100997,356,101475,100,100995,100,101512,100,100879,100,101538,100,100580,5,101601,100,100164,100,101645,100,100136,100,101926,100,99985,100,101967,100,99921,100
2019-06-28 10:06:50.000000000,101394,195,101106,295,101410,195,101021,195,101475,195,100997,295,101512,195,100995,195,101538,195,100879,195,101601,100,100580,5,101645,100,100164,100,101926,100,100136,100,101967,100,99985,100,102027,100,99921,100
2019-06-28 10:06:51.837287807,101394,95,101106,295,101410,195,101021,195,101475,195,100997,295,101512,195,100995,195,101538,195,100879,195,101601,100,100580,5,101645,100,100164,100,101926,100,100136,100,101967,100,99921,100,102027,100,99882,100
2019-06-28 10:06:58.185000405,101410,195,101394,5,101475,195,101106,295,101512,195,101021,195,101538,195,100997,295,101601,100,100995,195,101645,100,100879,195,101926,100,100580,5,101967,100,100164,100,102029,100,100136,100,102254,100,99921,100
2019-06-28 10:07:00.000000000,101410,574,101394,479,101475,100,101106,200,101512,100,101021,100,101538,100,100997,200,101601,100,100995,100,101645,100,100879,100,101926,100,100580,5,101967,100,100164,100,102029,100,100136,100,102254,100,99921,100
2019-06-28 10:07:10.000000000,101410,218,101394,123,101475,218,101106,318,101512,218,101021,218,101538,218,100997,318,101601,100,100995,100,101645,100,100879,100,101926,100,100580,5,101967,100,100164,100,102029,100,100136,100,102254,100,99921,100
2019-06-28 10:07:20.000000000,101410,195,101394,100,101475,195,101106,295,101512,195,101021,195,101538,195,100997,295,101601,195,100995,195,101645,100,100879,100,101926,100,100580,5,101967,100,100164,100,102029,100,100136,100,102254,100,99921,100
2019-06-28 10:07:30.000000000,101410,195,101394,100,101475,195,101106,295,101512,195,101021,195,101538,195,100997,295,101601,195,100995,195,101645,100,100879,100,101926,100,100580,5,101967,100,100164,100,102029,100,100136,100,102254,100,99921,100
2019-06-28 10:07:30.700958201,101410,195,101394,200,101475,195,101106,295,101512,195,101021,195,101538,195,100997,295,101601,195,100995,195,101645,100,100879,100,101926,100,100580,5,101967,100,100164,100,102029,100,99921,100,102254,100,99882,100
2019-06-28 10:07:40.000000000,101410,261,101394,266,101475,256,101106,356,101512,256,101021,256,101538,100,100997,200,101601,100,100995,100,101645,100,100879,100,101926,100,100580,5,101967,100,100164,100,102029,100,99921,100,102254,100,99882,100
2019-06-28 10:07:50.000000000,101410,261,101394,266,101475,256,101106,356,101512,256,101021,256,101538,100,100997,200,101601,100,100995,100,101645,100,100879,100,101926,100,100580,5,101967,100,100164,100,102029,100,99921,100,102254,100,99882,100
