,ask_price_1,ask_size_1,bid_price_1,bid_size_1,ask_price_2,ask_size_2,bid_price_2,bid_size_2,ask_price_3,ask_size_3,bid_price_3,bid_size_3,ask_price_4,ask_size_4,bid_price_4,bid_size_4,ask_price_5,ask_size_5,bid_price_5,bid_size_5,ask_price_6,ask_size_6,bid_price_6,bid_size_6,ask_price_7,ask_size_7,bid_price_7,bid_size_7,ask_price_8,ask_size_8,bid_price_8,bid_size_8,ask_price_9,ask_size_9,bid_price_9,bid_size_9,ask_price_10,ask_size_10,bid_price_10,bid_size_10
2019-06-28 09:30:00.000000002,100008,100,,,,,,,,,,,,,,,,,,,,,,,,,,,,,,,,,,,,,,
2019-06-28 09:30:00.000000004,100008,100,99933,100,,,99931,100,,,,,,,,,,,,,,,,,,,,,,,,,,,,,,,,
2019-06-28 09:30:00.000000005,100008,100,99963,100,,,99933,100,,,99931,100,,,,,,,,,,,,,,,,,,,,,,,,,,,,
2019-06-28 09:30:00.000000006,100008,100,99963,100,,,99933,100,,,99931,100,,,99926,100,,,,,,,,,,,,,,,,,,,,,,,,
2019-06-28 09:30:00.000000008,100008,100,99963,100,100031,100,99933,100,,,99931,100,,,99926,100,,,,,,,,,,,,,,,,,,,,,,,,
2019-06-28 09:30:00.000000009,100008,100,99963,100,100031,100,99933,100,100076,100,99931,100,,,99926,100,,,,,,,,,,,,,,,,,,,,,,,,
2019-06-28 09:30:00.000000013,99984,100,99978,100,100008,100,99963,100,100031,100,99933,100,100076,100,99931,100,,,99930,100,,,99926,100,,,,,,,,,,,,,,,,
2019-06-28 09:30:00.000000015,100008,100,99978,100,100031,100,99963,100,100076,100,99933,100,,,99931,100,,,99930,100,,,99926,100,,,,,,,,,,,,,,,,
2019-06-28 09:30:00.000000016,100008,100,99978,100,100031,100,99963,100,100054,100,99933,100,100076,100,99931,100,,,99930,100,,,99926,100,,,,,,,,,,,,,,,,
2019-06-28 09:30:00.000000020,100008,200,99978,100,100031,100,99963,100,100054,100,99933,100,100076,100,99931,100,,,99930,100,,,99926,100,,,,,,,,,,,,,,,,
2019-06-28 09:30:00.000000023,100008,200,99978,100,100031,100,99963,100,100054,100,99933,100,100076,100,99931,100,100077,100,99930,100,,,99926,100,,,,,,,,,,,,,,,,
2019-06-28 09:30:00.000000025,100008,200,99978,100,100031,100,99963,100,100054,100,99933,100,100076,100,99931,100,100077,100,99930,100,,,99926,100,,,99879,100,,,,,,,,,,,,
2019-06-28 09:30:00.000000027,100008,200,99978,100,100031,100,99963,100,100054,100,99958,100,100076,100,99933,100,100077,100,99931,100,,,99930,100,,,99926,100,,,99879,100,,,,,,,,
2019-06-28 09:30:00.000000028,100008,200,99963,100,100031,100,99958,100,100054,100,99933,100,100064,100,99931,100,100076,100,99930,100,100077,100,99926,100,,,99879,100,,,,,,,,,,,,
2019-06-28 09:30:00.000000029,100008,200,99963,100,100031,100,99958,100,100054,100,99933,100,100064,100,99931,100,100076,100,99930,100,100077,100,99926,100,100102,100,99879,100,,,,,,,,,,,,
2019-06-28 09:30:00.000000030,100008,200,99963,100,100031,100,99958,100,100054,100,99933,100,100064,100,99931,100,100076,100,99930,100,100077,100,99926,100,100102,100,99879,100,,,99856,100,,,,,,,,
2019-06-28 09:30:00.000000036,99984,100,99963,100,100008,200,99958,100,100031,100,99933,100,100054,100,99931,100,100064,100,99930,100,100076,100,99926,100,100077,100,99879,100,100102,100,99867,100,,,99856,100,,,,
2019-06-28 09:30:00.000000039,99984,100,99963,100,99994,100,99958,100,100008,200,99933,100,100031,100,99931,100,100054,100,99930,100,100064,100,99926,100,100076,100,99879,100,100077,100,99867,100,100102,100,99856,100,,,,
2019-06-28 09:30:00.000000040,99984,100,99963,100,99994,100,99958,100,100008,200,99933,100,100031,100,99931,100,100054,100,99930,100,100064,100,99926,100,100076,100,99879,100,100077,100,99867,100,100080,100,99856,100,100102,100,,
2019-06-28 09:30:00.000000042,99984,100,99963,100,99994,100,99958,100,100008,200,99933,100,100031,100,99931,100,100054,100,99930,100,100064,100,99926,100,100076,100,99879,100,100077,100,99867,100,100080,100,99856,100,100102,100,,
2019-06-28 09:30:00.000000044,99994,100,99963,100,100008,200,99958,100,100028,100,99933,100,100031,100,99931,100,100054,100,99930,100,100064,100,99926,100,100076,100,99879,100,100077,100,99867,100,100080,100,99856,100,100102,100,,
2019-06-28 09:30:00.000000046,99994,100,99963,100,100008,200,99958,100,100028,100,99933,100,100031,100,99931,100,100054,100,99930,100,100064,100,99926,100,100076,100,99879,100,100077,100,99867,100,100080,100,99856,100,100102,100,,
2019-06-28 09:30:00.000000048,99994,100,99963,100,100008,200,99958,100,100028,100,99933,100,100031,100,99931,100,100054,100,99930,100,100064,100,99926,100,100076,100,99879,100,100077,100,99867,100,100080,100,99856,100,100102,100,,
2019-06-28 09:30:00.000000051,99994,100,99978,100,100008,200,99963,100,100028,100,99958,100,100031,100,99933,100,100054,100,99931,100,100064,100,99930,100,100076,100,99926,100,100077,100,99915,100,100080,100,99879,100,100102,100,99867,100
2019-06-28 09:30:00.000000053,99994,100,99978,100,100008,200,99963,100,100028,100,99958,100,100031,100,99933,100,100054,100,99932,100,100064,100,99931,100,100076,100,99930,100,100077,100,99926,100,100080,100,99915,100,100102,100,99879,100
2019-06-28 09:30:00.000000054,99994,100,99978,100,100008,200,99963,100,100028,100,99958,100,100031,100,99933,100,100054,100,99932,100,100064,100,99931,100,100076,100,99930,100,100077,100,99926,100,100080,100,99919,100,100102,100,99915,100
2019-06-28 09:30:00.000000055,99994,100,99963,100,100008,200,99958,100,100028,100,99933,100,100031,100,99932,100,100054,100,99931,100,100064,100,99930,100,100076,100,99926,100,100077,100,99919,100,100080,100,99915,100,100102,100,99879,100
2019-06-28 09:30:00.000000060,99994,100,99978,100,100008,200,99963,100,100028,100,99958,100,100031,100,99933,100,100054,100,99932,100,100064,100,99931,100,100076,100,99930,100,100077,100,99926,100,100080,100,99919,100,100102,100,99916,100
2019-06-28 09:30:00.000000061,99994,100,99978,100,100008,200,99963,100,100024,100,99958,100,100028,100,99933,100,100031,100,99932,100,100054,100,99931,100,100064,100,99930,100,100076,100,99926,100,100077,100,99919,100,100080,100,99916,100
2019-06-28 09:30:00.000000063,99994,100,99978,100,100008,200,99963,100,100024,100,99958,100,100028,100,99933,100,100031,100,99932,100,100040,100,99931,100,100054,100,99930,100,100064,100,99926,100,100076,100,99919,100,100077,100,99916,100
2019-06-28 09:30:00.000000064,99994,100,99978,100,100008,200,99963,100,100024,100,99958,100,100028,100,99933,100,100031,100,99932,100,100040,100,99931,100,100054,100,99930,100,100064,100,99926,100,100076,100,99919,100,100077,100,99916,100
2019-06-28 09:30:00.000000065,99994,100,99978,100,100008,200,99963,100,100013,100,99958,100,100024,100,99933,100,100028,100,99932,100,100031,100,99931,100,100040,100,99930,100,100054,100,99926,100,100064,100,99919,100,100076,100,99916,100
2019-06-28 09:30:00.000000068,99994,100,99978,200,100006,100,99963,100,100008,200,99958,100,100013,100,99933,100,100024,100,99932,100,100028,100,99931,100,100031,100,99930,100,100040,100,99926,100,100054,100,99919,100,100064,100,99916,100
2019-06-28 09:30:00.000000069,99994,100,99978,200,100006,100,99963,100,100008,200,99958,100,100013,100,99933,100,100024,100,99932,100,100028,100,99931,100,100031,100,99930,100,100040,100,99926,100,100054,100,99919,100,100064,100,99918,100
2019-06-28 09:30:00.000000071,99994,100,99978,200,100006,100,99963,100,100008,200,99958,100,100013,100,99933,100,100024,100,99932,100,100028,100,99931,100,100031,100,99930,100,100040,100,99926,100,100054,100,99919,100,100064,100,99918,100
2019-06-28 09:30:00.000000072,99994,100,99978,300,100006,100,99963,100,100008,200,99958,100,100013,100,99933,100,100024,100,99932,100,100028,100,99931,100,100031,100,99930,100,100040,100,99926,100,100054,100,99919,100,100064,100,99918,100
2019-06-28 09:30:00.000000073,100006,100,99978,300,100008,200,99963,100,100013,100,99958,100,100024,100,99933,100,100028,100,99932,100,100031,100,99931,100,100040,100,99930,100,100054,100,99926,100,100064,100,99919,100,100076,100,99918,100
2019-06-28 09:30:00.000000075,100006,100,99978,300,100008,200,99963,100,100013,100,99958,100,100024,100,99933,100,100028,100,99932,100,100031,100,99931,100,100040,100,99930,100,100054,100,99926,100,100064,100,99919,100,100076,100,99918,100
2019-06-28 09:30:00.000000078,100006,100,99978,300,100008,200,99963,100,100013,100,99958,100,100024,100,99933,100,100028,100,99932,100,100031,100,99931,100,100040,100,99930,100,100054,100,99926,100,100064,100,99919,100,100076,100,99918,100
2019-06-28 09:30:00.000000079,100006,100,99979,100,100008,200,99978,300,100013,100,99963,100,100024,100,99958,100,100028,100,99933,100,100031,100,99932,100,100040,100,99931,100,100054,100,99930,100,100064,100,99926,100,100076,100,99919,100
2019-06-28 09:30:00.000000080,100006,100,99979,200,100008,200,99978,300,100013,100,99963,100,100024,100,99958,100,100028,100,99933,100,100031,100,99932,100,100040,100,99931,100,100054,100,99930,100,100064,100,99926,100,100076,100,99919,100
2019-06-28 09:30:00.000000081,100006,100,99979,200,100008,200,99978,300,100013,100,99966,100,100024,100,99963,100,100028,100,99958,100,100031,100,99933,100,100040,100,99932,100,100054,100,99931,100,100064,100,99930,100,100076,100,99926,100
2019-06-28 09:30:00.000000085,100006,100,99979,200,100008,200,99978,300,100013,100,99966,100,100024,100,99963,100,100028,100,99958,100,100031,100,99933,100,100040,100,99932,100,100054,100,99931,100,100064,100,99930,100,100076,100,99926,100
2019-06-28 09:30:00.000000086,100006,100,99979,200,100008,200,99978,300,100013,100,99966,100,100024,100,99963,100,100028,100,99958,100,100031,100,99933,100,100040,100,99932,100,100054,100,99931,100,100064,100,99930,100,100076,100,99926,100
2019-06-28 09:30:00.000000087,100006,100,99979,200,100008,200,99978,300,100013,100,99966,100,100024,100,99963,100,100028,100,99958,100,100031,100,99933,100,100040,100,99932,100,100054,100,99931,100,100064,100,99930,100,100073,100,99926,100
2019-06-28 09:30:00.000000089,100006,100,99979,200,100008,200,99978,300,100013,100,99966,100,100024,100,99963,100,100028,100,99958,100,100031,100,99933,100,100040,100,99932,100,100054,100,99931,100,100064,100,99930,100,100073,100,99926,100
2019-06-28 09:30:00.000000092,100006,100,99979,100,100008,200,99978,300,100013,100,99966,100,100024,100,99963,100,100028,100,99958,100,100031,100,99933,100,100040,100,99932,100,100054,100,99931,100,100064,100,99930,100,100073,100,99926,100
2019-06-28 09:30:00.000000094,100006,100,99980,100,100008,200,99979,100,100013,100,99978,300,100024,100,99968,100,100028,100,99966,100,100031,100,99963,100,100040,100,99958,100,100054,100,99933,100,100064,100,99932,100,100073,100,99931,100
2019-06-28 09:30:00.000000097,100006,100,99980,100,100008,200,99979,100,100013,100,99978,300,100024,100,99968,100,100028,100,99966,100,100031,100,99963,100,100038,100,99958,100,100040,100,99947,100,100054,100,99933,100,100064,100,99932,100
2019-06-28 09:30:00.000000098,100006,100,100000,100,100008,200,99980,100,100013,100,99979,100,100024,100,99978,300,100028,100,99968,100,100031,100,99966,100,100038,100,99963,100,100040,100,99958,100,100054,100,99947,100,100064,100,99933,100
2019-06-28 09:30:04.725030106,100006,100,100000,100,100008,200,99980,200,100013,100,99979,100,100024,100,99978,300,100028,100,99968,100,100031,100,99966,100,100038,100,99963,100,100040,100,99958,100,100054,100,99947,100,100064,100,99933,100
2019-06-28 09:30:10.000000000,100006,230,100000,230,100008,330,99980,330,100013,100,99979,100,100024,100,99978,300,100028,100,99968,100,100031,100,99966,100,100038,100,99963,100,100040,100,99958,100,100054,100,99947,100,100064,100,99933,100
2019-06-28 09:30:14.636690813,100006,130,100000,230,100008,330,99980,330,100013,100,99979,100,100024,100,99978,300,100028,100,99968,100,100031,100,99966,100,100038,100,99963,100,100040,100,99958,100,100054,100,99947,100,100064,100,99933,100
2019-06-28 09:30:14.985014716,100006,130,100000,230,100008,330,99980,330,100013,100,99979,100,100024,100,99978,300,100028,100,99968,100,100031,100,99966,100,100038,100,99963,100,100040,100,99958,100,100054,100,99947,100,100064,100,99933,100
2019-06-28 09:30:19.934980191,100006,130,100000,230,100008,330,99980,330,100013,100,99979,100,100024,100,99978,300,100028,100,99968,100,100031,100,99966,100,100038,100,99963,100,100040,100,99958,100,100054,100,99947,100,100064,100,99933,100
2019-06-28 09:30:20.000000000,100008,460,100000,360,100013,100,99980,200,100024,100,99979,100,100028,100,99978,300,100031,100,99968,100,100038,100,99966,100,100040,100,99963,100,100054,100,99958,100,100064,100,99947,100,100076,100,99933,100
2019-06-28 09:30:29.763440358,100008,460,100000,360,100013,100,99980,200,100024,100,99979,100,100028,100,99978,300,100031,100,99968,100,100038,100,99966,100,100040,100,99963,100,100054,100,99958,100,100064,100,99947,100,100076,100,99933,100
2019-06-28 09:30:30.000000000,100008,265,100000,165,100013,165,99980,265,100024,165,99979,165,100028,165,99978,365,100031,100,99968,100,100038,100,99966,100,100040,100,99963,100,100054,100,99958,100,100064,100,99947,100,100076,100,99933,100
2019-06-28 09:30:34.389907429,100008,265,100000,165,100013,165,99980,265,100024,165,99979,165,100028,165,99978,365,100038,100,99968,100,100040,100,99966,100,100054,100,99963,100,100064,100,99958,100,100076,100,99947,100,100077,100,99933,100
2019-06-28 09:30:40.000000000,100008,265,100000,165,100013,165,99980,265,100024,165,99979,165,100028,165,99978,365,100038,100,99968,100,100040,100,99966,100,100054,100,99963,100,100064,100,99958,100,100076,100,99947,100,100077,100,99933,100
2019-06-28 09:30:50.000000000,100008,252,100000,152,100013,152,99980,252,100024,152,99979,152,100028,152,99978,352,100038,152,99968,152,100040,100,99966,100,100054,100,99963,100,100064,100,99958,100,100076,100,99947,100,100077,100,99933,100
2019-06-28 09:30:55.424744415,100008,152,100000,152,100013,152,99980,252,100024,152,99979,152,100028,152,99978,352,100038,152,99968,152,100040,100,99966,100,100054,100,99963,100,100064,100,99958,100,100076,100,99947,100,100077,100,99932,100
2019-06-28 09:31:00.000000000,100008,360,100000,360,100013,100,99980,200,100024,100,99979,100,100028,100,99978,300,100038,100,99968,100,100040,100,99966,100,100054,100,99963,100,100064,100,99958,100,100076,100,99947,100,100077,100,99932,100
2019-06-28 09:31:03.295790974,100008,360,100000,360,100013,100,99980,200,100024,100,99979,100,100028,100,99978,300,100038,100,99968,100,100040,100,99966,100,100054,100,99963,100,100064,100,99958,100,100076,100,99947,100,100077,100,99932,100
2019-06-28 09:31:10.000000000,100008,188,100000,188,100013,186,99980,286,100024,186,99979,186,100028,100,99978,300,100038,100,99968,100,100040,100,99966,100,100054,100,99963,100,100064,100,99958,100,100076,100,99947,100,100077,100,99932,100
2019-06-28 09:31:12.556109547,100008,188,100000,188,100013,186,99980,286,100024,186,99979,186,100028,100,99978,300,100038,100,99968,100,100040,100,99966,100,100054,100,99963,100,100064,100,99958,100,100076,100,99947,100,100077,100,99932,100
2019-06-28 09:31:17.344834379,100008,188,100000,188,100013,186,99980,286,100024,186,99979,186,100028,100,99978,300,100038,100,99968,100,100040,100,99966,100,100054,100,99963,100,100064,100,99958,100,100076,100,99947,100,100077,100,99932,100
2019-06-28 09:31:20.000000000,100008,152,100000,152,100013,152,99980,252,100024,152,99979,152,100028,152,99978,352,100038,152,99968,152,100040,100,99966,100,100054,100,99963,100,100064,100,99958,100,100076,100,99947,100,100077,100,99932,100
2019-06-28 09:31:23.766053767,100008,152,100000,52,100013,152,99980,252,100024,152,99979,152,100028,152,99978,352,100038,152,99968,152,100040,100,99966,100,100054,100,99963,100,100064,100,99958,100,100076,100,99947,100,100077,100,99932,100
2019-06-28 09:31:30.000000000,100008,152,99980,252,100013,152,99979,152,100024,152,99978,352,100028,152,99968,152,100038,152,99966,152,100040,100,99963,100,100054,100,99958,100,100064,100,99947,100,100076,100,99932,100,100077,100,99931,100
2019-06-28 09:31:40.000000000,100008,188,99980,288,100013,186,99979,186,100024,186,99978,386,100028,100,99968,100,100038,100,99966,100,100040,100,99963,100,100054,100,99958,100,100064,100,99947,100,100076,100,99932,100,100077,100,99931,100
2019-06-28 09:31:50.000000000,100008,360,99980,460,100013,100,99979,100,100024,100,99978,300,100028,100,99968,100,100038,100,99966,100,100040,100,99963,100,100054,100,99958,100,100064,100,99947,100,100076,100,99932,100,100077,100,99931,100
2019-06-28 09:31:50.720033780,100007,100,99980,460,100008,360,99979,100,100013,100,99978,300,100024,100,99968,100,100028,100,99966,100,100038,100,99963,100,100040,100,99958,100,100054,100,99947,100,100064,100,99932,100,100076,100,99931,100
2019-06-28 09:32:00.000000000,100007,165,99980,265,100008,165,99979,165,100013,165,99978,365,100024,165,99968,165,100028,100,99966,100,100038,100,99963,100,100040,100,99958,100,100054,100,99947,100,100064,100,99932,100,100076,100,99931,100
2019-06-28 09:32:01.843963598,100007,165,99980,165,100008,165,99979,165,100013,165,99978,365,100024,165,99968,165,100028,100,99966,100,100038,100,99963,100,100040,100,99958,100,100054,100,99947,100,100064,100,99932,100,100076,100,99931,100
2019-06-28 09:32:10.000000000,100007,230,99980,230,100008,230,99979,230,100013,100,99978,300,100024,100,99968,100,100028,100,99966,100,100038,100,99963,100,100040,100,99958,100,100054,100,99947,100,100064,100,99932,100,100076,100,99931,100
2019-06-28 09:32:16.563297367,100007,230,99980,130,100008,230,99979,230,100013,100,99978,300,100024,100,99968,100,100028,100,99966,100,100038,100,99963,100,100040,100,99958,100,100054,100,99947,100,100064,100,99932,100,100076,100,99931,100
2019-06-28 09:32:20.000000000,100007,360,99979,360,100008,100,99978,300,100013,100,99968,100,100024,100,99966,100,100028,100,99963,100,100038,100,99958,100,100040,100,99947,100,100054,100,99932,100,100064,100,99931,100,100076,100,99930,100
2019-06-28 09:32:30.000000000,100007,230,99979,230,100008,230,99978,430,100013,100,99968,100,100024,100,99966,100,100028,100,99963,100,100038,100,99958,100,100040,100,99947,100,100054,100,99932,100,100064,100,99931,100,100076,100,99930,100
2019-06-28 09:32:36.655176563,100007,230,99979,130,100008,230,99978,430,100013,100,99968,100,100024,100,99963,100,100028,100,99958,100,100038,100,99947,100,100040,100,99932,100,100054,100,99931,100,100064,100,99930,100,100076,100,99926,100
2019-06-28 09:32:38.257282411,100007,230,99979,130,100008,230,99978,430,100013,100,99968,100,100024,100,99963,100,100028,100,99958,100,100038,100,99947,100,100040,100,99932,100,100054,100,99931,100,100064,100,99930,100,100076,100,99926,100
2019-06-28 09:32:40.000000000,100007,188,99978,388,100008,186,99968,186,100013,186,99963,186,100024,100,99958,100,100028,100,99947,100,100038,100,99932,100,100040,100,99931,100,100054,100,99930,100,100064,100,99926,100,100076,100,99916,100
2019-06-28 09:32:48.579914654,100007,188,99978,388,100008,186,99968,186,100013,186,99963,186,100024,100,99958,100,100028,100,99947,100,100038,100,99932,100,100040,100,99931,100,100054,100,99930,100,100064,100,99926,100,100076,100,99916,100
2019-06-28 09:32:50.000000000,100007,230,99978,430,100008,230,99968,230,100013,100,99963,100,100024,100,99958,100,100028,100,99947,100,100038,100,99932,100,100040,100,99931,100,100054,100,99930,100,100064,100,99926,100,100076,100,99916,100
2019-06-28 09:32:54.337427490,99980,100,99978,430,100007,230,99968,230,100008,230,99963,100,100013,100,99958,100,100024,100,99947,100,100028,100,99932,100,100038,100,99931,100,100040,100,99930,100,100054,100,99926,100,100064,100,99916,100
2019-06-28 09:33:00.000000000,99980,230,99978,430,100007,230,99968,230,100008,100,99963,100,100013,100,99958,100,100024,100,99947,100,100028,100,99932,100,100038,100,99931,100,100040,100,99930,100,100054,100,99926,100,100064,100,99916,100
2019-06-28 09:33:10.000000000,99980,230,99978,430,100007,230,99968,230,100008,100,99963,100,100013,100,99958,100,100024,100,99947,100,100028,100,99932,100,100038,100,99931,100,100040,100,99930,100,100054,100,99926,100,100064,100,99916,100
2019-06-28 09:33:20.000000000,99980,152,99978,352,100007,152,99968,152,100008,152,99963,152,100013,152,99958,152,100024,152,99947,152,100028,100,99932,100,100038,100,99931,100,100040,100,99930,100,100054,100,99926,100,100064,100,99916,100
2019-06-28 09:33:30.000000000,99980,152,99978,352,100007,152,99968,152,100008,152,99963,152,100013,152,99958,152,100024,152,99947,152,100028,100,99932,100,100038,100,99931,100,100040,100,99930,100,100054,100,99926,100,100064,100,99916,100
2019-06-28 09:33:38.891718564,99980,152,99978,352,100007,152,99968,152,100008,152,99963,152,100013,152,99958,152,100024,52,99947,152,100028,100,99932,100,100038,100,99931,100,100040,100,99930,100,100054,100,99926,100,100064,100,99916,100
2019-06-28 09:33:40.000000000,99980,188,99978,388,100007,186,99968,186,100008,186,99963,186,100013,100,99958,100,100028,100,99947,100,100038,100,99932,100,100040,100,99931,100,100054,100,99930,100,100064,100,99926,100,100076,100,99916,100
2019-06-28 09:33:50.000000000,99980,188,99978,388,100007,186,99968,186,100008,186,99963,186,100013,100,99958,100,100028,100,99947,100,100038,100,99932,100,100040,100,99931,100,100054,100,99930,100,100064,100,99926,100,100076,100,99916,100
2019-06-28 09:34:00.000000000,99980,188,99978,388,100007,186,99968,186,100008,186,99963,186,100013,100,99958,100,100028,100,99947,100,100038,100,99932,100,100040,100,99931,100,100054,100,99930,100,100064,100,99926,100,100076,100,99916,100
2019-06-28 09:34:10.000000000,99980,165,99978,365,100007,165,99968,165,100008,165,99963,165,100013,165,99958,165,100028,100,99947,100,100038,100,99932,100,100040,100,99931,100,100054,100,99930,100,100064,100,99926,100,100076,100,99916,100
2019-06-28 09:34:20.000000000,99980,360,99978,560,100007,100,99968,100,100008,100,99963,100,100013,100,99958,100,100028,100,99947,100,100038,100,99932,100,100040,100,99931,100,100054,100,99930,100,100064,100,99926,100,100076,100,99916,100
2019-06-28 09:34:29.996784052,99980,360,99978,460,100007,100,99968,100,100008,100,99963,100,100013,100,99958,100,100028,100,99947,100,100038,100,99932,100,100040,100,99931,100,100054,100,99930,100,100064,100,99926,100,100076,100,99916,100
2019-06-28 09:34:30.000000000,99980,360,99978,460,100007,100,99968,100,100008,100,99963,100,100013,100,99958,100,100028,100,99947,100,100038,100,99932,100,100040,100,99931,100,100054,100,99930,100,100064,100,99926,100,100076,100,99916,100
2019-06-28 09:34:40.000000000,99980,230,99978,330,100007,230,99968,230,100008,100,99963,100,100013,100,99958,100,100028,100,99947,100,100038,100,99932,100,100040,100,99931,100,100054,100,99930,100,100064,100,99926,100,100076,100,99916,100
2019-06-28 09:34:50.000000000,99980,188,99978,288,100007,186,99968,186,100008,186,99963,186,100013,100,99958,100,100028,100,99947,100,100038,100,99932,100,100040,100,99931,100,100054,100,99930,100,100064,100,99926,100,100076,100,99916,100
2019-06-28 09:34:57.471847077,99980,188,99978,188,100007,186,99968,186,100008,86,99963,186,100013,100,99958,100,100028,100,99947,100,100038,100,99932,100,100040,100,99931,100,100054,100,99930,100,100064,100,99926,100,100076,100,99916,100
2019-06-28 09:35:00.000000000,99980,360,99978,360,100007,100,99968,100,100013,100,99963,100,100028,100,99958,100,100038,100,99947,100,100040,100,99932,100,100054,100,99931,100,100064,100,99930,100,100076,100,99926,100,100077,100,99916,100
2019-06-28 09:35:10.000000000,99980,188,99978,188,100007,186,99968,186,100013,186,99963,186,100028,100,99958,100,100038,100,99947,100,100040,100,99932,100,100054,100,99931,100,100064,100,99930,100,100076,100,99926,100,100077,100,99916,100
2019-06-28 09:35:20.000000000,99980,152,99978,152,100007,152,99968,152,100013,152,99963,152,100028,152,99958,152,100038,152,99947,152,100040,100,99932,100,100054,100,99931,100,100064,100,99930,100,100076,100,99926,100,100077,100,99916,100
2019-06-28 09:35:28.459154949,99980,152,99978,52,100007,152,99968,152,100013,152,99963,152,100028,152,99958,152,100038,152,99947,152,100040,100,99932,100,100054,100,99931,100,100064,100,99930,100,100076,100,99926,100,100077,100,99916,100
2019-06-28 09:35:30.000000000,99980,152,99968,152,100007,152,99963,152,100013,152,99958,152,100028,152,99947,152,100038,152,99932,152,100040,100,99931,100,100054,100,99930,100,100064,100,99926,100,100076,100,99916,100,100077,100,99915,100
2019-06-28 09:35:36.609661220,99978,100,99968,152,99980,152,99963,152,100007,152,99958,152,100013,152,99947,152,100028,152,99932,152,100038,152,99931,100,100040,100,99930,100,100054,100,99926,100,100064,100,99916,100,100076,100,99915,100
2019-06-28 09:35:37.910252376,99978,100,99968,52,99980,152,99963,152,100007,152,99958,52,100013,152,99947,152,100028,152,99932,152,100038,152,99931,100,100040,100,99930,100,100054,100,99926,100,100064,100,99916,100,100076,100,99915,100
2019-06-28 09:35:40.000000000,99978,230,99963,230,99980,230,99947,230,100007,100,99932,100,100013,100,99931,100,100028,100,99930,100,100038,100,99926,100,100040,100,99916,100,100054,100,99915,100,100064,100,99907,100,100076,100,99898,100
2019-06-28 09:35:50.000000000,99978,360,99963,360,99980,100,99947,100,100007,100,99932,100,100013,100,99931,100,100028,100,99930,100,100038,100,99926,100,100040,100,99916,100,100054,100,99915,100,100064,100,99907,100,100076,100,99898,100
2019-06-28 09:36:00.000000000,99978,360,99963,360,99980,100,99947,100,100007,100,99932,100,100013,100,99931,100,100028,100,99930,100,100038,100,99926,100,100040,100,99916,100,100054,100,99915,100,100064,100,99907,100,100076,100,99898,100
2019-06-28 09:36:07.433601594,99977,100,99963,360,99978,360,99947,100,99980,100,99932,100,100007,100,99931,100,100013,100,99930,100,100028,100,99926,100,100038,100,99916,100,100040,100,99915,100,100054,100,99907,100,100064,100,99898,100
2019-06-28 09:36:10.000000000,99977,360,99963,360,99978,100,99947,100,99980,100,99932,100,100007,100,99931,100,100013,100,99930,100,100028,100,99926,100,100038,100,99916,100,100040,100,99915,100,100054,100,99907,100,100064,100,99898,100
2019-06-28 09:36:20.000000000,99977,188,99963,188,99978,186,99947,186,99980,186,99932,186,100007,100,99931,100,100013,100,99930,100,100028,100,99926,100,100038,100,99916,100,100040,100,99915,100,100054,100,99907,100,100064,100,99898,100
2019-06-28 09:36:30.000000000,99977,230,99963,230,99978,230,99947,230,99980,100,99932,100,100007,100,99931,100,100013,100,99930,100,100028,100,99926,100,100038,100,99916,100,100040,100,99915,100,100054,100,99907,100,100064,100,99898,100
2019-06-28 09:36:31.237944195,99977,330,99963,230,99978,230,99947,230,100007,100,99932,100,100013,100,99931,100,100028,100,99930,100,100038,100,99926,100,100040,100,99916,100,100054,100,99915,100,100064,100,99907,100,100076,100,99898,100
2019-06-28 09:36:34.420661177,99977,330,99963,130,99978,230,99947,230,100007,100,99932,100,100013,100,99931,100,100028,100,99930,100,100038,100,99926,100,100040,100,99916,100,100054,100,99915,100,100064,100,99907,100,100076,100,99898,100
2019-06-28 09:36:40.000000000,99977,265,99947,165,99978,165,99932,165,100007,165,99931,165,100013,165,99930,165,100028,100,99926,100,100038,100,99916,100,100040,100,99915,100,100054,100,99907,100,100064,100,99898,100,100076,100,99879,100
2019-06-28 09:36:50.000000000,99977,265,99947,165,99978,165,99932,165,100007,165,99931,165,100013,165,99930,165,100028,100,99926,100,100038,100,99916,100,100040,100,99915,100,100054,100,99907,100,100064,100,99898,100,100076,100,99879,100
2019-06-28 09:36:51.492136734,99977,265,99947,165,99978,165,99932,165,100007,165,99931,165,100013,165,99930,165,100028,100,99926,100,100038,100,99916,100,100040,100,99915,100,100064,100,99907,100,100076,100,99898,100,100077,100,99879,100
2019-06-28 09:36:51.734893136,99977,265,99947,65,99978,165,99932,165,100007,165,99931,165,100013,165,99930,165,100028,100,99926,100,100038,100,99916,100,100040,100,99915,100,100064,100,99898,100,100076,100,99879,100,100077,100,99875,100
2019-06-28 09:37:00.000000000,99977,252,99932,152,99978,152,99931,152,100007,152,99930,152,100013,152,99926,152,100028,152,99916,152,100038,100,99915,100,100040,100,99898,100,100064,100,99879,100,100076,100,99875,100,100077,100,99867,100
2019-06-28 09:37:04.747607518,99977,252,99932,52,99978,152,99931,152,100007,152,99930,152,100013,152,99926,152,100028,152,99916,152,100038,100,99915,100,100040,100,99898,100,100064,100,99879,100,100076,100,99875,100,100077,100,99867,100
2019-06-28 09:37:10.000000000,99977,252,99931,152,99978,152,99930,152,100007,152,99926,152,100013,152,99916,152,100028,152,99915,152,100038,100,99898,100,100040,100,99879,100,100064,100,99875,100,100076,100,99867,100,100077,100,99863,100
2019-06-28 09:37:14.448830016,99947,100,99931,152,99977,252,99930,152,99978,152,99926,152,100007,152,99916,152,100013,152,99915,152,100028,152,99898,100,100038,100,99879,100,100040,100,99875,100,100064,100,99867,100,100076,100,99863,100
2019-06-28 09:37:20.000000000,99947,360,99931,360,99977,200,99930,100,99978,100,99926,100,100007,100,99916,100,100013,100,99915,100,100028,100,99898,100,100038,100,99879,100,100040,100,99875,100,100064,100,99867,100,100076,100,99863,100
2019-06-28 09:37:26.950360287,99947,360,99931,360,99977,200,99930,100,99978,100,99926,100,100007,100,99916,100,100013,100,99915,100,100028,100,99898,100,100038,100,99879,100,100040,100,99875,100,100064,100,99867,100,100076,100,99119,100
2019-06-28 09:37:30.000000000,99947,230,99931,230,99977,330,99930,230,99978,100,99926,100,100007,100,99916,100,100013,100,99915,100,100028,100,99898,100,100038,100,99879,100,100040,100,99875,100,100064,100,99867,100,100076,100,99119,100
2019-06-28 09:37:33.544555829,99947,230,99931,130,99977,330,99930,230,99978,100,99926,100,100007,100,99916,100,100013,100,99915,100,100028,100,99898,100,100038,100,99879,100,100064,100,99875,100,100076,100,99867,100,100077,100,99119,100
2019-06-28 09:37:40.000000000,99947,165,99930,165,99977,265,99926,165,99978,165,99916,165,100007,165,99915,165,100013,100,99898,100,100028,100,99879,100,100038,100,99875,100,100064,100,99867,100,100076,100,99119,100,100077,100,99081,100
2019-06-28 09:37:48.982860489,99947,165,99930,165,99977,265,99926,165,99978,165,99916,165,100007,165,99915,165,100013,100,99898,100,100028,100,99879,100,100038,100,99875,100,100064,100,99867,100,100076,100,99140,100,100077,100,99119,100
2019-06-28 09:37:50.000000000,99947,230,99930,230,99977,330,99926,230,99978,100,99916,100,100007,100,99915,100,100013,100,99898,100,100028,100,99879,100,100038,100,99875,100,100064,100,99867,100,100076,100,99140,100,100077,100,99119,100
2019-06-28 09:38:00.000000000,99947,188,99930,188,99977,286,99926,186,99978,186,99916,186,100007,100,99915,100,100013,100,99898,100,100028,100,99879,100,100038,100,99875,100,100064,100,99867,100,100076,100,99140,100,100077,100,99119,100
2019-06-28 09:38:08.990079915,99947,188,99930,188,99977,286,99926,186,99978,186,99916,186,100007,100,99915,100,100013,100,99898,100,100028,100,99879,100,100038,100,99875,100,100064,100,99867,100,100076,100,99140,100,100077,100,99119,100
2019-06-28 09:38:10.000000000,99947,230,99930,230,99977,330,99926,230,99978,100,99916,100,100007,100,99915,100,100013,100,99898,100,100028,100,99879,100,100038,100,99875,100,100064,100,99867,100,100076,100,99140,100,100077,100,99119,100
2019-06-28 09:38:10.363133053,99947,230,99930,130,99977,330,99926,230,99978,100,99916,100,100007,100,99915,100,100013,100,99898,100,100028,100,99879,100,100038,100,99867,100,100064,100,99140,100,100076,100,99119,100,100077,100,99081,100
2019-06-28 09:38:20.000000000,99947,152,99926,152,99977,252,99916,152,99978,152,99915,152,100007,152,99898,152,100013,152,99879,152,100028,100,99867,100,100038,100,99140,100,100064,100,99119,100,100076,100,99081,100,100077,100,99074,100
2019-06-28 09:38:28.778473050,99947,152,99926,52,99977,252,99916,152,99978,152,99915,152,100007,152,99898,152,100013,152,99879,152,100028,100,99867,100,100038,100,99140,100,100064,100,99119,100,100076,100,99081,100,100077,100,99074,100
2019-06-28 09:38:30.000000000,99947,152,99916,152,99977,252,99915,152,99978,152,99898,152,100007,152,99879,152,100013,152,99867,152,100028,100,99140,100,100038,100,99119,100,100064,100,99081,100,100076,100,99074,100,100077,100,98811,100
2019-06-28 09:38:38.122081345,99947,152,99916,52,99977,252,99915,152,99978,152,99898,152,100007,152,99879,152,100013,152,99867,152,100028,100,99140,100,100038,100,99119,100,100064,100,99081,100,100076,100,99074,100,100077,100,98811,100
2019-06-28 09:38:40.000000000,99947,188,99915,188,99977,286,99898,186,99978,186,99879,186,100007,100,99867,100,100013,100,99140,100,100028,100,99119,100,100038,100,99081,100,100064,100,99074,100,100076,100,98811,100,100077,100,98766,100
2019-06-28 09:38:43.131727715,99947,188,99915,88,99977,286,99898,186,99978,186,99879,186,100007,100,99867,100,100013,100,99140,100,100028,100,99119,100,100038,100,99081,100,100064,100,99074,100,100076,100,98766,100,100077,100,98474,100
2019-06-28 09:38:50.000000000,99947,188,99898,188,99977,286,99879,186,99978,186,99867,186,100007,100,99140,100,100013,100,99119,100,100028,100,99081,100,100038,100,99074,100,100064,100,98766,100,100076,100,98474,100,100077,100,,
2019-06-28 09:39:00.000000000,99947,152,99898,152,99977,252,99879,152,99978,152,99867,152,100007,152,99140,152,100013,152,99119,152,100028,100,99081,100,100038,100,99074,100,100064,100,98766,100,100076,100,98474,100,100077,100,,
2019-06-28 09:39:03.075529901,99947,152,99898,52,99977,252,99879,152,99978,152,99867,152,100007,152,99140,152,100013,152,99119,152,100028,100,99081,100,100038,100,99074,100,100064,100,98766,100,100076,100,98474,100,100077,100,,
2019-06-28 09:39:04.453865194,99898,48,99879,152,99947,152,99867,52,99977,252,99140,152,99978,152,99119,152,100007,152,99081,100,100013,152,99074,100,100028,100,98766,100,100038,100,98474,100,100064,100,,,100076,100,,
2019-06-28 09:39:10.000000000,99898,308,99879,360,99947,100,99140,100,99977,200,99119,100,99978,100,99081,100,100007,100,99074,100,100013,100,98766,100,100028,100,98474,100,100038,100,,,100064,100,,,100076,100,,
2019-06-28 09:39:11.288847161,99898,308,99879,260,99947,100,99119,100,99977,200,99081,100,99978,100,99074,100,100007,100,98766,100,100013,100,98474,100,100028,100,,,100038,100,,,100064,100,,,100076,100,,
2019-06-28 09:39:19.680946866,99897,100,99879,260,99898,308,99119,100,99977,200,99081,100,99978,100,99074,100,100007,100,98766,100,100013,100,98474,100,100028,100,,,100038,100,,,100064,100,,,100076,100,,
2019-06-28 09:39:19.932138478,99897,100,99879,160,99898,308,99119,100,99977,200,99081,100,99978,100,99074,100,100007,100,98766,100,100013,100,98474,100,100028,100,,,100038,100,,,100064,100,,,100076,100,,
2019-06-28 09:39:20.000000000,99897,188,99119,188,99898,134,99081,186,99977,286,99074,186,99978,100,98766,100,100007,100,98474,100,100013,100,,,100028,100,,,100038,100,,,100064,100,,,100076,100,,
2019-06-28 09:39:30.000000000,99897,152,99119,152,99898,100,99081,152,99977,252,99074,152,99978,152,98766,152,100007,152,98474,152,100013,100,,,100028,100,,,100038,100,,,100064,100,,,100076,100,,
2019-06-28 09:39:30.375721952,99726,100,99119,152,99897,152,99081,152,99898,100,99074,152,99977,252,98766,152,99978,152,98474,152,100007,152,,,100013,100,,,100028,100,,,100038,100,,,100064,100,,
2019-06-28 09:39:40.000000000,99726,188,99119,188,99897,186,99081,186,99898,134,99074,186,99977,200,98766,100,99978,100,98474,100,100007,100,,,100013,100,,,100028,100,,,100038,100,,,100064,100,,
2019-06-28 09:39:45.703864622,99726,188,99697,100,99897,186,99119,188,99898,134,99081,186,99977,200,99074,186,99978,100,98766,100,100007,100,98474,100,100013,100,,,100028,100,,,100038,100,,,100064,100,,
2019-06-28 09:39:46.372045820,99726,188,99697,100,99879,100,99119,188,99897,186,99081,186,99898,134,99074,186,99977,200,98766,100,99978,100,98474,100,100007,100,,,100013,100,,,100028,100,,,100038,100,,
2019-06-28 09:39:50.000000000,99726,230,99697,230,99879,230,99119,230,99897,100,99081,100,99898,48,99074,100,99977,200,98766,100,99978,100,98474,100,100007,100,,,100013,100,,,100028,100,,,100038,100,,
2019-06-28 09:40:00.000000000,99726,230,99697,230,99879,230,99119,230,99897,100,99081,100,99898,48,99074,100,99977,200,98766,100,99978,100,98474,100,100007,100,,,100013,100,,,100028,100,,,100038,100,,
2019-06-28 09:40:06.250402385,99726,230,99697,230,99879,330,99119,230,99897,100,99081,100,99898,48,99074,100,99977,100,98766,100,99978,100,98474,100,100007,100,,,100013,100,,,100028,100,,,100038,100,,
2019-06-28 09:40:09.007129991,99726,230,99697,230,99879,330,99471,100,99897,100,99119,230,99898,48,99081,100,99977,100,99074,100,99978,100,98766,100,100007,100,98474,100,100013,100,,,100028,100,,,100038,100,,
2019-06-28 09:40:10.000000000,99726,152,99697,152,99879,252,99471,152,99897,152,99119,152,99898,100,99081,152,99977,152,99074,152,99978,100,98766,100,100007,100,98474,100,100013,100,,,100028,100,,,100038,100,,
2019-06-28 09:40:20.000000000,99726,360,99697,360,99879,200,99471,100,99897,100,99119,100,99898,48,99081,100,99977,100,99074,100,99978,100,98766,100,100007,100,98474,100,100013,100,,,100028,100,,,100038,100,,
2019-06-28 09:40:30.000000000,99726,230,99697,230,99879,330,99471,230,99897,100,99119,100,99898,48,99081,100,99977,100,99074,100,99978,100,98766,100,100007,100,98474,100,100013,100,,,100028,100,,,100038,100,,
2019-06-28 09:40:40.000000000,99726,165,99697,165,99879,265,99471,165,99897,165,99119,165,99898,113,99081,165,99977,100,99074,100,99978,100,98766,100,100007,100,98474,100,100013,100,,,100028,100,,,100038,100,,
2019-06-28 09:40:50.000000000,99726,230,99697,230,99879,330,99471,230,99897,100,99119,100,99898,48,99081,100,99977,100,99074,100,99978,100,98766,100,100007,100,98474,100,100013,100,,,100028,100,,,100038,100,,
2019-06-28 09:40:54.650016367,99726,230,99697,230,99879,330,99471,230,99897,100,99119,100,99898,48,99081,100,99977,100,99065,100,99978,100,98766,100,100007,100,98474,100,100013,100,,,100028,100,,,100038,100,,
2019-06-28 09:40:58.459657891,99726,230,99697,230,99879,330,99471,230,99897,100,99119,100,99898,48,99081,100,99977,100,99065,100,99978,100,99019,100,100007,100,98766,100,100013,100,98474,100,100028,100,,,100038,100,,
2019-06-28 09:41:00.000000000,99726,152,99697,152,99879,252,99471,152,99897,152,99119,152,99898,100,99081,152,99977,152,99065,152,99978,100,99019,100,100007,100,98766,100,100013,100,98474,100,100028,100,,,100038,100,,
2019-06-28 09:41:10.000000000,99726,360,99697,360,99879,200,99471,100,99897,100,99119,100,99898,48,99081,100,99977,100,99065,100,99978,100,99019,100,100007,100,98766,100,100013,100,98474,100,100028,100,,,100038,100,,
2019-06-28 09:41:16.834522782,99726,360,99697,260,99879,200,99471,100,99897,100,99119,100,99898,48,99081,100,99977,100,99065,100,99978,100,99019,100,100007,100,98766,100,100013,100,98474,100,100028,100,,,100038,100,,
2019-06-28 09:41:20.000000000,99726,360,99471,360,99879,200,99119,100,99897,100,99081,100,99898,48,99065,100,99977,100,99019,100,99978,100,98766,100,100007,100,98474,100,100013,100,,,100028,100,,,100038,100,,
2019-06-28 09:41:24.847861183,99726,360,99471,260,99879,200,99081,100,99897,100,99065,100,99898,48,99019,100,99977,100,98766,100,99978,100,98474,100,100007,100,,,100013,100,,,100028,100,,,100038,100,,
2019-06-28 09:41:30.000000000,99726,188,99081,188,99879,286,99065,186,99897,186,99019,186,99898,48,98766,100,99977,100,98474,100,99978,100,,,100007,100,,,100013,100,,,100028,100,,,100038,100,,
2019-06-28 09:41:38.408004251,99726,188,99081,188,99879,286,99065,186,99897,186,99019,186,99898,48,98766,100,99977,100,98490,100,99978,100,98474,100,100007,100,,,100013,100,,,100028,100,,,100038,100,,
2019-06-28 09:41:40.000000000,99726,360,99081,360,99879,200,99065,100,99897,100,99019,100,99898,48,98766,100,99977,100,98490,100,99978,100,98474,100,100007,100,,,100013,100,,,100028,100,,,100038,100,,
2019-06-28 09:41:48.272364293,99726,360,99081,260,99879,200,99065,100,99897,100,99019,100,99898,48,98766,100,99977,100,98490,100,99978,100,98474,100,100007,100,,,100013,100,,,100028,100,,,100038,100,,
2019-06-28 09:41:50.000000000,99726,152,99065,152,99879,252,99019,152,99897,152,98766,152,99898,100,98490,152,99977,152,98474,152,99978,100,,,100007,100,,,100013,100,,,100028,100,,,100038,100,,
2019-06-28 09:41:58.665439042,99088,100,99065,152,99726,152,99019,152,99879,252,98766,152,99897,152,98490,152,99898,100,98474,152,99977,152,,,99978,100,,,100007,100,,,100013,100,,,100028,100,,
2019-06-28 09:41:59.059947469,99088,100,99065,152,99726,152,99019,152,99879,252,98870,100,99897,152,98766,152,99898,100,98490,152,99977,152,98474,152,99978,100,,,100007,100,,,100013,100,,,100028,100,,
2019-06-28 09:42:00.000000000,99088,152,99065,152,99726,152,99019,152,99879,252,98870,152,99897,152,98766,152,99898,100,98490,152,99977,100,98474,100,99978,100,,,100007,100,,,100013,100,,,100028,100,,
2019-06-28 09:42:10.000000000,99088,188,99065,188,99726,186,99019,186,99879,286,98870,186,99897,100,98766,100,99898,48,98490,100,99977,100,98474,100,99978,100,,,100007,100,,,100013,100,,,100028,100,,
2019-06-28 09:42:20.000000000,99088,165,99065,165,99726,165,99019,165,99879,265,98870,165,99897,165,98766,165,99898,48,98490,100,99977,100,98474,100,99978,100,,,100007,100,,,100013,100,,,100028,100,,
2019-06-28 09:42:26.326716438,99088,165,99065,165,99274,100,99019,165,99726,165,98870,165,99879,265,98766,165,99897,165,98490,100,99898,48,98474,100,99977,100,,,99978,100,,,100007,100,,,100013,100,,
2019-06-28 09:42:30.000000000,99088,360,99065,360,99274,100,99019,100,99726,100,98870,100,99879,200,98766,100,99897,100,98490,100,99898,48,98474,100,99977,100,,,99978,100,,,100007,100,,,100013,100,,
2019-06-28 09:42:35.430744580,99088,360,99065,360,99274,100,99019,100,99471,100,98870,100,99726,100,98766,100,99879,200,98490,100,99897,100,98474,100,99898,48,,,99977,100,,,99978,100,,,100007,100,,
2019-06-28 09:42:36.440198398,99088,160,99065,360,99274,100,99019,100,99471,100,98870,100,99726,100,98766,100,99879,200,98490,100,99897,100,98474,100,99898,48,,,99977,100,,,99978,100,,,100007,100,,
2019-06-28 09:42:40.000000000,99274,188,99065,188,99471,186,99019,186,99726,186,98870,186,99879,200,98766,100,99897,100,98490,100,99898,48,98474,100,99977,100,,,99978,100,,,100007,100,,,100013,100,,
2019-06-28 09:42:50.000000000,99274,360,99065,360,99471,100,99019,100,99726,100,98870,100,99879,200,98766,100,99897,100,98490,100,99898,48,98474,100,99977,100,,,99978,100,,,100007,100,,,100013,100,,
2019-06-28 09:43:00.000000000,99274,165,99065,165,99471,165,99019,165,99726,165,98870,165,99879,265,98766,165,99897,100,98490,100,99898,48,98474,100,99977,100,,,99978,100,,,100007,100,,,100013,100,,
2019-06-28 09:43:06.361061254,99274,165,99065,165,99471,165,99019,165,99726,165,98894,100,99879,265,98870,165,99897,100,98766,165,99898,48,98490,100,99977,100,98474,100,99978,100,,,100007,100,,,100013,100,,
2019-06-28 09:43:10.000000000,99274,360,99065,360,99471,100,99019,100,99726,100,98894,100,99879,200,98870,100,99897,100,98766,100,99898,48,98490,100,99977,100,98474,100,99978,100,,,100007,100,,,100013,100,,
2019-06-28 09:43:20.000000000,99274,360,99065,360,99471,100,99019,100,99726,100,98894,100,99879,200,98870,100,99897,100,98766,100,99898,48,98490,100,99977,100,98474,100,99978,100,,,100007,100,,,100013,100,,
2019-06-28 09:43:23.793209222,99274,360,99065,360,99471,100,99019,100,99726,100,98894,100,99879,200,98870,100,99897,100,98745,100,99898,48,98490,100,99977,100,98474,100,99978,100,,,100007,100,,,100013,100,,
2019-06-28 09:43:26.153955144,99274,360,99065,360,99471,100,99019,100,99726,100,98894,100,99879,200,98870,100,99897,100,98746,100,99898,48,98745,100,99977,100,98490,100,99978,100,98474,100,100007,100,,,100013,100,,
2019-06-28 09:43:30.000000000,99274,230,99065,230,99471,230,99019,230,99726,100,98894,100,99879,200,98870,100,99897,100,98746,100,99898,48,98745,100,99977,100,98490,100,99978,100,98474,100,100007,100,,,100013,100,,
2019-06-28 09:43:35.430693731,99274,230,99065,230,99471,230,99019,130,99726,100,98963,100,99879,200,98894,100,99897,100,98870,100,99898,48,98746,100,99977,100,98745,100,99978,100,98490,100,100007,100,98474,100,100013,100,,
2019-06-28 09:43:40.000000000,99274,360,99065,360,99471,100,98963,100,99726,100,98894,100,99879,200,98870,100,99897,100,98746,100,99898,48,98745,100,99977,100,98490,100,99978,100,98474,100,100007,100,,,100013,100,,
2019-06-28 09:43:50.000000000,99274,230,99065,230,99471,230,98963,230,99726,100,98894,100,99879,200,98870,100,99897,100,98746,100,99898,48,98745,100,99977,100,98490,100,99978,100,98474,100,100007,100,,,100013,100,,
2019-06-28 09:43:56.500420231,99274,230,99065,230,99471,230,98963,230,99726,100,98894,100,99879,200,98870,100,99897,100,98746,100,99898,48,98745,100,99977,100,98490,100,99978,100,98474,100,100013,100,,,100028,100,,
2019-06-28 09:43:57.712617814,99087,100,99065,230,99274,230,98963,230,99471,230,98894,100,99726,100,98870,100,99879,200,98746,100,99898,48,98745,100,99977,100,98490,100,99978,100,98474,100,100013,100,,,100028,100,,
2019-06-28 09:44:00.000000000,99087,188,99065,188,99274,186,98963,186,99471,186,98894,186,99726,100,98870,100,99879,200,98746,100,99898,48,98745,100,99977,100,98490,100,99978,100,98474,100,100013,100,,,100028,100,,
2019-06-28 09:44:09.847238107,99087,188,99065,188,99274,186,99008,100,99471,186,98963,186,99726,100,98894,186,99879,200,98870,100,99898,48,98746,100,99977,100,98745,100,99978,100,98490,100,100013,100,98474,100,100028,100,,
2019-06-28 09:44:10.000000000,99087,152,99065,152,99274,152,99008,152,99471,152,98963,152,99726,152,98894,152,99879,252,98870,152,99898,48,98746,100,99977,100,98745,100,99978,100,98490,100,100013,100,98474,100,100028,100,,
2019-06-28 09:44:13.390736841,99087,152,99065,152,99274,152,99008,152,99471,152,98963,152,99726,152,98894,152,99879,252,98870,152,99898,48,98746,100,99977,100,98745,100,99978,100,98699,100,100013,100,98490,100,100028,100,98474,100
2019-06-28 09:44:16.894503857,99087,252,99065,152,99274,152,99008,152,99471,152,98963,152,99726,152,98894,152,99879,252,98870,152,99898,48,98746,100,99977,100,98745,100,99978,100,98699,100,100013,100,98490,100,100028,100,98474,100
2019-06-28 09:44:20.000000000,99087,265,99065,165,99274,165,99008,165,99471,165,98963,165,99726,165,98894,165,99879,200,98870,100,99898,48,98746,100,99977,100,98745,100,99978,100,98699,100,100013,100,98490,100,100028,100,98474,100
2019-06-28 09:44:27.679154810,99087,265,99065,165,99274,165,99008,165,99471,165,98963,165,99726,165,98894,165,99879,200,98870,100,99898,48,98753,100,99977,100,98746,100,99978,100,98745,100,100013,100,98699,100,100028,100,98490,100
2019-06-28 09:44:30.000000000,99087,252,99065,152,99274,152,99008,152,99471,152,98963,152,99726,152,98894,152,99879,252,98870,152,99898,48,98753,100,99977,100,98746,100,99978,100,98745,100,100013,100,98699,100,100028,100,98490,100
2019-06-28 09:44:40.000000000,99087,288,99065,188,99274,186,99008,186,99471,186,98963,186,99726,100,98894,100,99879,200,98870,100,99898,48,98753,100,99977,100,98746,100,99978,100,98745,100,100013,100,98699,100,100028,100,98490,100
2019-06-28 09:44:47.842264194,99087,388,99065,188,99274,186,99008,186,99471,186,98963,186,99726,100,98894,100,99879,200,98870,100,99898,48,98753,100,99977,100,98746,100,99978,100,98745,100,100013,100,98699,100,100028,100,98490,100
2019-06-28 09:44:50.000000000,99087,365,99065,165,99274,165,99008,165,99471,165,98963,165,99726,165,98894,165,99879,200,98870,100,99898,48,98753,100,99977,100,98746,100,99978,100,98745,100,100013,100,98699,100,100028,100,98490,100
2019-06-28 09:45:00.000000000,99087,365,99065,165,99274,165,99008,165,99471,165,98963,165,99726,165,98894,165,99879,200,98870,100,99898,48,98753,100,99977,100,98746,100,99978,100,98745,100,100013,100,98699,100,100028,100,98490,100
2019-06-28 09:45:10.000000000,99087,388,99065,188,99274,186,99008,186,99471,186,98963,186,99726,100,98894,100,99879,200,98870,100,99898,48,98753,100,99977,100,98746,100,99978,100,98745,100,100013,100,98699,100,100028,100,98490,100
2019-06-28 09:45:11.480130090,99087,388,99065,188,99274,186,99008,186,99471,186,98963,186,99726,100,98894,100,99879,200,98870,100,99898,48,98753,100,99977,100,98746,100,99978,100,98745,100,100013,100,98736,100,100028,100,98699,100
2019-06-28 09:45:13.776295010,99071,100,99065,188,99087,388,99008,186,99274,186,98963,186,99471,186,98894,100,99726,100,98870,100,99879,200,98753,100,99898,48,98746,100,99977,100,98745,100,99978,100,98736,100,100013,100,98699,100
2019-06-28 09:45:17.346484587,99071,100,99065,188,99087,388,99008,186,99274,186,98963,186,99471,186,98894,100,99726,100,98870,100,99879,200,98753,100,99898,48,98746,100,99977,100,98745,100,99978,100,98736,100,100013,100,98699,100
2019-06-28 09:45:20.000000000,99071,165,99065,165,99087,365,99008,165,99274,165,98963,165,99471,165,98894,165,99726,100,98870,100,99879,200,98753,100,99898,48,98746,100,99977,100,98745,100,99978,100,98736,100,100013,100,98699,100
2019-06-28 09:45:30.000000000,99071,152,99065,152,99087,352,99008,152,99274,152,98963,152,99471,152,98894,152,99726,152,98870,152,99879,200,98753,100,99898,48,98746,100,99977,100,98745,100,99978,100,98736,100,100013,100,98699,100
2019-06-28 09:45:33.633490083,99071,152,99065,52,99087,352,99008,152,99274,152,98963,152,99471,152,98894,152,99726,152,98890,100,99879,200,98870,152,99898,48,98753,100,99977,100,98746,100,99978,100,98745,100,100013,100,98736,100
2019-06-28 09:45:34.196972909,99071,152,99065,52,99087,452,99008,152,99274,152,98963,152,99471,152,98894,152,99726,152,98890,100,99879,200,98870,152,99898,48,98753,100,99977,100,98746,100,99978,100,98745,100,100013,100,98736,100
2019-06-28 09:45:40.000000000,99071,165,99008,165,99087,465,98963,165,99274,165,98894,165,99471,165,98890,165,99726,100,98870,100,99879,200,98753,100,99898,48,98746,100,99977,100,98745,100,99978,100,98736,100,100013,100,98699,100
2019-06-28 09:45:50.000000000,99071,230,99008,230,99087,530,98963,230,99274,100,98894,100,99471,100,98890,100,99726,100,98870,100,99879,200,98753,100,99898,48,98746,100,99977,100,98745,100,99978,100,98736,100,100013,100,98699,100
2019-06-28 09:46:00.000000000,99071,165,99008,165,99087,465,98963,165,99274,165,98894,165,99471,165,98890,165,99726,100,98870,100,99879,200,98753,100,99898,48,98746,100,99977,100,98745,100,99978,100,98736,100,100013,100,98699,100
2019-06-28 09:46:00.908692982,99071,165,99008,165,99087,465,98963,165,99274,165,98894,165,99471,165,98890,165,99726,100,98870,100,99879,200,98834,100,99898,48,98753,100,99977,100,98746,100,99978,100,98745,100,100013,100,98736,100
2019-06-28 09:46:09.499357996,99071,165,99008,165,99087,465,98963,165,99274,165,98894,165,99471,165,98890,165,99726,100,98879,100,99879,200,98870,100,99898,48,98753,100,99977,100,98746,100,99978,100,98745,100,100013,100,98736,100
2019-06-28 09:46:10.000000000,99071,230,99008,230,99087,530,98963,230,99274,100,98894,100,99471,100,98890,100,99726,100,98879,100,99879,200,98870,100,99898,48,98753,100,99977,100,98746,100,99978,100,98745,100,100013,100,98736,100
2019-06-28 09:46:13.358543054,99071,230,99008,230,99087,530,98963,230,99274,100,98894,100,99471,100,98890,100,99726,100,98879,100,99879,200,98870,100,99898,48,98753,100,99977,100,98746,100,99978,100,98745,100,100013,100,98736,100
2019-06-28 09:46:19.118555883,99071,230,99008,230,99087,430,98963,230,99274,100,98894,100,99471,100,98890,100,99726,100,98879,100,99879,200,98870,100,99898,48,98753,100,99977,100,98746,100,99978,100,98745,100,100013,100,98736,100
2019-06-28 09:46:20.000000000,99071,165,99008,165,99087,365,98963,165,99274,165,98894,165,99471,165,98890,165,99726,100,98879,100,99879,200,98870,100,99898,48,98753,100,99977,100,98746,100,99978,100,98745,100,100013,100,98736,100
2019-06-28 09:46:30.000000000,99071,165,99008,165,99087,365,98963,165,99274,165,98894,165,99471,165,98890,165,99726,100,98879,100,99879,200,98870,100,99898,48,98753,100,99977,100,98746,100,99978,100,98745,100,100013,100,98736,100
2019-06-28 09:46:37.961311194,99071,165,99008,165,99087,365,98963,165,99274,165,98894,165,99471,165,98890,165,99726,100,98879,100,99879,200,98870,100,99898,48,98753,100,99977,100,98746,100,99978,100,98745,100,100013,100,98736,100
2019-06-28 09:46:40.000000000,99071,165,99008,165,99087,365,98963,165,99274,165,98894,165,99471,165,98890,165,99726,100,98879,100,99879,200,98870,100,99898,48,98753,100,99977,100,98746,100,99978,100,98745,100,100013,100,98736,100
2019-06-28 09:46:50.000000000,99071,230,99008,230,99087,430,98963,230,99274,100,98894,100,99471,100,98890,100,99726,100,98879,100,99879,200,98870,100,99898,48,98753,100,99977,100,98746,100,99978,100,98745,100,100013,100,98736,100
2019-06-28 09:46:51.055432491,99071,230,99008,230,99087,430,98963,230,99274,100,98894,100,99471,100,98890,100,99726,100,98879,100,99879,200,98870,100,99898,48,98753,100,99977,100,98746,100,99978,100,98745,100,100013,100,98736,100
2019-06-28 09:46:59.019815566,99071,230,99008,230,99087,530,98963,230,99274,100,98894,100,99471,100,98890,100,99726,100,98879,100,99879,200,98870,100,99898,48,98753,100,99977,100,98746,100,99978,100,98745,100,100013,100,98736,100
2019-06-28 09:47:00.000000000,99071,152,99008,152,99087,452,98963,152,99274,152,98894,152,99471,152,98890,152,99726,152,98879,152,99879,200,98870,100,99898,48,98753,100,99977,100,98746,100,99978,100,98745,100,100013,100,98736,100
2019-06-28 09:47:10.000000000,99071,360,99008,360,99087,400,98963,100,99274,100,98894,100,99471,100,98890,100,99726,100,98879,100,99879,200,98870,100,99898,48,98753,100,99977,100,98746,100,99978,100,98745,100,100013,100,98736,100
2019-06-28 09:47:20.000000000,99071,360,99008,360,99087,400,98963,100,99274,100,98894,100,99471,100,98890,100,99726,100,98879,100,99879,200,98870,100,99898,48,98753,100,99977,100,98746,100,99978,100,98745,100,100013,100,98736,100
2019-06-28 09:47:30.000000000,99071,230,99008,230,99087,530,98963,230,99274,100,98894,100,99471,100,98890,100,99726,100,98879,100,99879,200,98870,100,99898,48,98753,100,99977,100,98746,100,99978,100,98745,100,100013,100,98736,100
2019-06-28 09:47:40.000000000,99071,165,99008,165,99087,465,98963,165,99274,165,98894,165,99471,165,98890,165,99726,100,98879,100,99879,200,98870,100,99898,48,98753,100,99977,100,98746,100,99978,100,98745,100,100013,100,98736,100
2019-06-28 09:47:50.000000000,99071,230,99008,230,99087,530,98963,230,99274,100,98894,100,99471,100,98890,100,99726,100,98879,100,99879,200,98870,100,99898,48,98753,100,99977,100,98746,100,99978,100,98745,100,100013,100,98736,100
2019-06-28 09:48:00.000000000,99071,360,99008,360,99087,400,98963,100,99274,100,98894,100,99471,100,98890,100,99726,100,98879,100,99879,200,98870,100,99898,48,98753,100,99977,100,98746,100,99978,100,98745,100,100013,100,98736,100
2019-06-28 09:48:10.000000000,99071,188,99008,188,99087,486,98963,186,99274,186,98894,186,99471,100,98890,100,99726,100,98879,100,99879,200,98870,100,99898,48,98753,100,99977,100,98746,100,99978,100,98745,100,100013,100,98736,100
2019-06-28 09:48:13.646496876,99071,188,99008,88,99087,486,98963,186,99274,186,98894,186,99471,100,98890,100,99726,100,98879,100,99879,200,98870,100,99898,48,98753,100,99977,100,98746,100,99978,100,98745,100,100013,100,98736,100
2019-06-28 09:48:20.000000000,99071,360,98963,360,99087,400,98894,100,99274,100,98890,100,99471,100,98879,100,99726,100,98870,100,99879,200,98753,100,99898,48,98746,100,99977,100,98745,100,99978,100,98736,100,100013,100,98724,100
2019-06-28 09:48:30.000000000,99071,188,98963,188,99087,486,98894,186,99274,186,98890,186,99471,100,98879,100,99726,100,98870,100,99879,200,98753,100,99898,48,98746,100,99977,100,98745,100,99978,100,98736,100,100013,100,98724,100
2019-06-28 09:48:30.098260979,99071,188,98963,188,99087,486,98894,186,99274,186,98890,186,99471,100,98879,100,99726,100,98870,100,99879,200,98746,100,99898,48,98745,100,99977,100,98736,100,99978,100,98724,100,100013,100,98699,100
2019-06-28 09:48:31.999693814,99071,188,98963,88,99087,486,98894,186,99274,186,98890,186,99471,100,98879,100,99726,100,98870,100,99879,200,98746,100,99898,48,98745,100,99977,100,98736,100,99978,100,98724,100,100013,100,98632,100
2019-06-28 09:48:40.000000000,99071,360,98894,360,99087,400,98890,100,99274,100,98879,100,99471,100,98870,100,99726,100,98746,100,99879,200,98745,100,99898,48,98736,100,99977,100,98724,100,99978,100,98632,100,100013,100,98618,100
2019-06-28 09:48:50.000000000,99071,230,98894,230,99087,530,98890,230,99274,100,98879,100,99471,100,98870,100,99726,100,98746,100,99879,200,98745,100,99898,48,98736,100,99977,100,98724,100,99978,100,98632,100,100013,100,98618,100
2019-06-28 09:49:00.000000000,99071,152,98894,152,99087,452,98890,152,99274,152,98879,152,99471,152,98870,152,99726,152,98746,152,99879,200,98745,100,99898,48,98736,100,99977,100,98724,100,99978,100,98632,100,100013,100,98618,100
2019-06-28 09:49:05.653074833,99071,152,98988,100,99087,452,98894,152,99274,152,98890,152,99471,152,98879,152,99726,152,98870,152,99879,200,98746,52,99898,48,98745,100,99977,100,98736,100,99978,100,98724,100,100013,100,98632,100
2019-06-28 09:49:10.000000000,99071,360,98988,360,99087,400,98894,100,99274,100,98890,100,99471,100,98879,100,99726,100,98870,100,99879,200,98745,100,99898,48,98736,100,99977,100,98724,100,99978,100,98632,100,100013,100,98618,100
2019-06-28 09:49:12.195336676,99071,360,98988,360,99087,400,98894,100,99274,100,98890,100,99471,100,98879,100,99726,100,98870,100,99879,200,98745,100,99898,48,98736,100,99977,100,98724,100,99978,100,98645,100,100013,100,98632,100
2019-06-28 09:49:20.000000000,99071,165,98988,165,99087,465,98894,165,99274,165,98890,165,99471,165,98879,165,99726,100,98870,100,99879,200,98745,100,99898,48,98736,100,99977,100,98724,100,99978,100,98645,100,100013,100,98632,100
2019-06-28 09:49:30.000000000,99071,360,98988,360,99087,400,98894,100,99274,100,98890,100,99471,100,98879,100,99726,100,98870,100,99879,200,98745,100,99898,48,98736,100,99977,100,98724,100,99978,100,98645,100,100013,100,98632,100
2019-06-28 09:49:40.000000000,99071,188,98988,188,99087,486,98894,186,99274,186,98890,186,99471,100,98879,100,99726,100,98870,100,99879,200,98745,100,99898,48,98736,100,99977,100,98724,100,99978,100,98645,100,100013,100,98632,100
2019-06-28 09:49:50.000000000,99071,165,98988,165,99087,465,98894,165,99274,165,98890,165,99471,165,98879,165,99726,100,98870,100,99879,200,98745,100,99898,48,98736,100,99977,100,98724,100,99978,100,98645,100,100013,100,98632,100
2019-06-28 09:49:59.945574667,99071,165,98988,165,99087,465,98894,165,99274,165,98890,165,99471,165,98879,165,99726,100,98870,100,99879,200,98745,100,99898,48,98736,100,99977,100,98724,100,100013,100,98645,100,100028,100,98632,100
2019-06-28 09:50:00.000000000,99071,152,98988,152,99087,452,98894,152,99274,152,98890,152,99471,152,98879,152,99726,152,98870,152,99879,200,98745,100,99898,48,98736,100,99977,100,98724,100,100013,100,98645,100,100028,100,98632,100
2019-06-28 09:50:10.000000000,99071,165,98988,165,99087,465,98894,165,99274,165,98890,165,99471,165,98879,165,99726,100,98870,100,99879,200,98745,100,99898,48,98736,100,99977,100,98724,100,100013,100,98645,100,100028,100,98632,100
2019-06-28 09:50:12.905050717,99071,165,99066,100,99087,465,98988,165,99274,165,98894,165,99471,165,98890,165,99726,100,98879,165,99879,200,98870,100,99898,48,98745,100,99977,100,98736,100,100013,100,98724,100,100028,100,98645,100
2019-06-28 09:50:13.315330573,99071,165,99066,100,99076,100,98988,165,99087,465,98894,165,99274,165,98890,165,99471,165,98879,165,99726,100,98870,100,99879,200,98745,100,99898,48,98736,100,99977,100,98724,100,100013,100,98645,100
2019-06-28 09:50:20.000000000,99071,152,99066,152,99076,152,98988,152,99087,452,98894,152,99274,152,98890,152,99471,152,98879,152,99726,100,98870,100,99879,200,98745,100,99898,48,98736,100,99977,100,98724,100,100013,100,98645,100
2019-06-28 09:50:30.000000000,99071,230,99066,230,99076,230,98988,230,99087,400,98894,100,99274,100,98890,100,99471,100,98879,100,99726,100,98870,100,99879,200,98745,100,99898,48,98736,100,99977,100,98724,100,100013,100,98645,100
2019-06-28 09:50:40.000000000,99071,360,99066,360,99076,100,98988,100,99087,400,98894,100,99274,100,98890,100,99471,100,98879,100,99726,100,98870,100,99879,200,98745,100,99898,48,98736,100,99977,100,98724,100,100013,100,98645,100
2019-06-28 09:50:41.410067717,99071,360,99066,360,99076,100,98988,100,99087,400,98906,100,99274,100,98894,100,99471,100,98890,100,99726,100,98879,100,99879,200,98870,100,99898,48,98745,100,99977,100,98736,100,100013,100,98724,100
2019-06-28 09:50:47.836613276,99071,360,99066,260,99076,100,98988,100,99087,400,98906,100,99274,100,98894,100,99471,100,98890,100,99726,100,98879,100,99879,200,98870,100,99898,48,98745,100,99977,100,98736,100,100013,100,98724,100
2019-06-28 09:50:50.000000000,99071,165,98988,165,99076,165,98906,165,99087,465,98894,165,99274,165,98890,165,99471,100,98879,100,99726,100,98870,100,99879,200,98745,100,99898,48,98736,100,99977,100,98724,100,100013,100,98645,100
2019-06-28 09:50:57.283764082,99071,165,98988,65,99076,165,98906,165,99087,465,98894,165,99274,165,98890,165,99471,100,98879,100,99726,100,98870,100,99879,200,98745,100,99898,48,98736,100,99977,100,98724,100,100013,100,98645,100
2019-06-28 09:51:00.000000000,99071,152,98906,152,99076,152,98894,152,99087,452,98890,152,99274,152,98879,152,99471,152,98870,152,99726,100,98745,100,99879,200,98736,100,99898,48,98724,100,99977,100,98645,100,100013,100,98618,100
2019-06-28 09:51:08.433511167,99071,152,98923,100,99076,152,98906,152,99087,452,98894,152,99274,152,98890,152,99471,152,98879,152,99726,100,98870,152,99879,200,98736,100,99898,48,98724,100,99977,100,98645,100,100013,100,98618,100
2019-06-28 09:51:10.000000000,99071,188,98923,188,99076,186,98906,186,99087,486,98894,186,99274,100,98890,100,99471,100,98879,100,99726,100,98870,100,99879,200,98736,100,99898,48,98724,100,99977,100,98645,100,100013,100,98618,100
2019-06-28 09:51:20.000000000,99071,230,98923,230,99076,230,98906,230,99087,400,98894,100,99274,100,98890,100,99471,100,98879,100,99726,100,98870,100,99879,200,98736,100,99898,48,98724,100,99977,100,98645,100,100013,100,98618,100
2019-06-28 09:51:22.200329617,99066,100,98923,230,99071,230,98906,230,99076,230,98894,100,99087,300,98890,100,99274,100,98879,100,99471,100,98870,100,99726,100,98736,100,99879,200,98724,100,99898,48,98645,100,99977,100,98618,100
2019-06-28 09:51:30.000000000,99066,360,98923,360,99071,100,98906,100,99076,100,98894,100,99087,300,98890,100,99274,100,98879,100,99471,100,98870,100,99726,100,98736,100,99879,200,98724,100,99898,48,98645,100,99977,100,98618,100
2019-06-28 09:51:40.000000000,99066,230,98923,230,99071,230,98906,230,99076,100,98894,100,99087,300,98890,100,99274,100,98879,100,99471,100,98870,100,99726,100,98736,100,99879,200,98724,100,99898,48,98645,100,99977,100,98618,100
2019-06-28 09:51:50.000000000,99066,360,98923,360,99071,100,98906,100,99076,100,98894,100,99087,300,98890,100,99274,100,98879,100,99471,100,98870,100,99726,100,98736,100,99879,200,98724,100,99898,48,98645,100,99977,100,98618,100
2019-06-28 09:51:52.091079306,99066,260,98923,360,99071,100,98906,100,99076,100,98894,100,99087,300,98890,100,99274,100,98879,100,99471,100,98870,100,99726,100,98736,100,99879,200,98724,100,99898,48,98645,100,99977,100,98618,100
2019-06-28 09:51:55.679201260,99066,260,98989,100,99071,100,98923,360,99076,100,98906,100,99087,300,98894,100,99274,100,98890,100,99471,100,98879,100,99726,100,98870,100,99879,200,98736,100,99898,48,98724,100,99977,100,98645,100
2019-06-28 09:52:00.000000000,99071,152,98989,152,99076,152,98923,152,99087,352,98906,152,99274,152,98894,152,99471,152,98890,152,99726,100,98879,100,99879,200,98870,100,99898,48,98736,100,99977,100,98724,100,100013,100,98645,100
2019-06-28 09:52:01.139201915,99071,152,98989,152,99076,152,98923,152,99087,352,98906,152,99274,152,98894,152,99352,100,98890,152,99471,152,98879,100,99726,100,98870,100,99879,200,98736,100,99898,48,98724,100,99977,100,98645,100
2019-06-28 09:52:10.000000000,99071,165,98989,165,99076,165,98923,165,99087,365,98906,165,99274,165,98894,165,99352,100,98890,100,99471,100,98879,100,99726,100,98870,100,99879,200,98736,100,99898,48,98724,100,99977,100,98645,100
2019-06-28 09:52:18.921774156,99071,165,98989,265,99076,165,98923,165,99087,365,98906,165,99274,165,98894,165,99352,100,98890,100,99471,100,98879,100,99726,100,98870,100,99879,100,98736,100,99898,48,98724,100,99977,100,98645,100
2019-06-28 09:52:20.000000000,99071,360,98989,460,99076,100,98923,100,99087,300,98906,100,99274,100,98894,100,99352,100,98890,100,99471,100,98879,100,99726,100,98870,100,99879,100,98736,100,99898,48,98724,100,99977,100,98645,100
2019-06-28 09:52:21.856909137,99071,360,98989,460,99076,100,98923,100,99087,300,98906,100,99274,100,98894,100,99433,100,98890,100,99471,100,98879,100,99726,100,98870,100,99879,100,98736,100,99898,48,98724,100,99977,100,98645,100
2019-06-28 09:52:30.000000000,99071,230,98989,330,99076,230,98923,230,99087,300,98906,100,99274,100,98894,100,99433,100,98890,100,99471,100,98879,100,99726,100,98870,100,99879,100,98736,100,99898,48,98724,100,99977,100,98645,100
2019-06-28 09:52:34.234981844,99071,30,98989,330,99076,230,98923,230,99087,300,98906,100,99274,100,98894,100,99433,100,98890,100,99471,100,98879,100,99726,100,98870,100,99879,100,98736,100,99898,48,98724,100,99977,100,98645,100
2019-06-28 09:52:38.393197760,99071,30,98989,330,99076,230,98923,230,99087,300,98906,100,99274,100,98894,100,99433,100,98890,100,99471,100,98879,100,99662,100,98870,100,99726,100,98736,100,99879,100,98724,100,99898,48,98645,100
2019-06-28 09:52:40.000000000,99076,152,98989,252,99087,352,98923,152,99274,152,98906,152,99433,152,98894,152,99471,152,98890,152,99662,100,98879,100,99726,100,98870,100,99879,100,98736,100,99898,48,98724,100,99977,100,98645,100
2019-06-28 09:52:49.832810732,99076,152,98989,252,99087,352,98923,152,99274,152,98906,152,99433,152,98894,152,99466,100,98890,152,99471,152,98879,100,99662,100,98870,100,99726,100,98736,100,99879,100,98724,100,99898,48,98618,100
2019-06-28 09:52:50.000000000,99076,165,98989,265,99087,365,98923,165,99274,165,98906,165,99433,165,98894,165,99466,100,98890,100,99471,100,98879,100,99662,100,98870,100,99726,100,98736,100,99879,100,98724,100,99898,48,98618,100
2019-06-28 09:52:54.760713792,99076,65,98989,265,99087,365,98923,165,99274,165,98906,165,99433,165,98894,165,99466,100,98890,100,99471,100,98879,100,99662,100,98870,100,99726,100,98736,100,99879,100,98724,100,99898,48,98618,100
2019-06-28 09:53:00.000000000,99087,365,98989,265,99274,165,98923,165,99433,165,98906,165,99466,165,98894,165,99471,100,98890,100,99662,100,98879,100,99726,100,98870,100,99879,100,98736,100,99898,48,98724,100,99977,100,98618,100
2019-06-28 09:53:10.000000000,99087,560,98989,460,99274,100,98923,100,99433,100,98906,100,99466,100,98894,100,99471,100,98890,100,99662,100,98879,100,99726,100,98870,100,99879,100,98736,100,99898,48,98724,100,99977,100,98618,100
2019-06-28 09:53:13.514524967,99087,560,98989,460,99433,100,98923,100,99466,100,98906,100,99471,100,98894,100,99662,100,98890,100,99726,100,98879,100,99752,100,98870,100,99879,100,98736,100,99898,48,98724,100,99977,100,98618,100
2019-06-28 09:53:20.000000000,99087,365,98989,265,99433,165,98923,165,99466,165,98906,165,99471,165,98894,165,99662,100,98890,100,99726,100,98879,100,99752,100,98870,100,99879,100,98736,100,99898,48,98724,100,99977,100,98618,100
2019-06-28 09:53:24.615203422,99087,365,98989,265,99433,165,98923,165,99466,165,98906,165,99471,165,98894,165,99618,100,98890,100,99662,100,98879,100,99726,100,98870,100,99752,100,98736,100,99879,100,98724,100,99898,48,98618,100
2019-06-28 09:53:27.340013482,99087,265,98989,265,99433,165,98923,165,99466,165,98906,165,99471,165,98894,165,99618,100,98890,100,99662,100,98879,100,99752,100,98870,100,99879,100,98736,100,99898,48,98724,100,99977,100,98618,100
2019-06-28 09:53:30.000000000,99087,460,98989,460,99433,100,98923,100,99466,100,98906,100,99471,100,98894,100,99618,100,98890,100,99662,100,98879,100,99752,100,98870,100,99879,100,98736,100,99898,48,98724,100,99977,100,98618,100
2019-06-28 09:53:40.000000000,99087,460,98989,460,99433,100,98923,100,99466,100,98906,100,99471,100,98894,100,99618,100,98890,100,99662,100,98879,100,99752,100,98870,100,99879,100,98736,100,99898,48,98724,100,99977,100,98618,100
2019-06-28 09:53:50.000000000,99087,330,98989,330,99433,230,98923,230,99466,100,98906,100,99471,100,98894,100,99618,100,98890,100,99662,100,98879,100,99752,100,98870,100,99879,100,98736,100,99898,48,98724,100,99977,100,98618,100
2019-06-28 09:54:00.000000000,99087,330,98989,330,99433,230,98923,230,99466,100,98906,100,99471,100,98894,100,99618,100,98890,100,99662,100,98879,100,99752,100,98870,100,99879,100,98736,100,99898,48,98724,100,99977,100,98618,100
2019-06-28 09:54:00.701920973,99087,330,99076,100,99433,230,98989,330,99466,100,98923,230,99471,100,98906,100,99618,100,98894,100,99662,100,98890,100,99752,100,98879,100,99879,100,98870,100,99898,48,98736,100,99977,100,98724,100
2019-06-28 09:54:09.152030882,99087,330,99076,200,99433,230,98989,330,99466,100,98923,230,99471,100,98906,100,99618,100,98894,100,99662,100,98890,100,99752,100,98879,100,99879,100,98870,100,99898,48,98736,100,100013,100,98724,100
2019-06-28 09:54:10.000000000,99087,252,99076,252,99433,152,98989,252,99466,152,98923,152,99471,152,98906,152,99618,152,98894,152,99662,100,98890,100,99752,100,98879,100,99879,100,98870,100,99898,48,98736,100,100013,100,98724,100
2019-06-28 09:54:20.000000000,99087,252,99076,252,99433,152,98989,252,99466,152,98923,152,99471,152,98906,152,99618,152,98894,152,99662,100,98890,100,99752,100,98879,100,99879,100,98870,100,99898,48,98736,100,100013,100,98724,100
2019-06-28 09:54:22.321780311,99087,152,99076,252,99433,152,98989,252,99466,152,98923,152,99471,152,98906,152,99618,152,98894,152,99662,100,98890,100,99752,100,98879,100,99879,100,98870,100,99898,48,98736,100,100013,100,98724,100
2019-06-28 09:54:30.000000000,99087,188,99076,288,99433,186,98989,286,99466,186,98923,186,99471,100,98906,100,99618,100,98894,100,99662,100,98890,100,99752,100,98879,100,99879,100,98870,100,99898,48,98736,100,100013,100,98724,100
2019-06-28 09:54:36.004249348,99087,88,99076,288,99433,186,98989,286,99466,186,98923,186,99471,100,98906,100,99618,100,98894,100,99662,100,98890,100,99752,100,98879,100,99879,100,98870,100,99898,48,98736,100,100013,100,98724,100
2019-06-28 09:54:37.886182761,99433,186,99087,12,99466,186,99076,288,99471,100,98989,286,99618,100,98923,186,99662,100,98906,100,99752,100,98894,100,99879,100,98890,100,99898,48,98879,100,100013,100,98870,100,100028,100,98736,100
2019-06-28 09:54:40.000000000,99433,152,99087,64,99466,152,99076,252,99471,152,98989,252,99618,152,98923,152,99662,152,98906,152,99752,100,98894,100,99879,100,98890,100,99898,48,98879,100,100013,100,98870,100,100028,100,98736,100
2019-06-28 09:54:43.928088932,99433,52,99087,64,99466,152,99076,252,99471,152,98989,252,99618,152,98923,152,99662,152,98906,152,99752,100,98894,100,99879,100,98890,100,99898,48,98870,100,100013,100,98736,100,100028,100,98618,100
2019-06-28 09:54:45.002129756,99433,52,99087,64,99466,152,99076,252,99471,152,98989,252,99618,152,98923,152,99662,152,98906,152,99752,100,98894,100,99864,100,98890,100,99879,100,98870,100,99898,48,98736,100,100013,100,98618,100
2019-06-28 09:54:50.000000000,99466,360,99087,272,99471,100,99076,200,99618,100,98989,200,99662,100,98923,100,99752,100,98906,100,99864,100,98894,100,99879,100,98890,100,99898,48,98870,100,100013,100,98736,100,100028,100,98618,100
2019-06-28 09:55:00.000000000,99466,165,99087,77,99471,165,99076,265,99618,165,98989,265,99662,165,98923,165,99752,100,98906,100,99864,100,98894,100,99879,100,98890,100,99898,48,98870,100,100013,100,98736,100,100028,100,98618,100
2019-06-28 09:55:10.000000000,99466,230,99087,142,99471,230,99076,330,99618,100,98989,200,99662,100,98923,100,99752,100,98906,100,99864,100,98894,100,99879,100,98890,100,99898,48,98870,100,100013,100,98736,100,100028,100,98618,100
2019-06-28 09:55:11.121852119,99466,230,99087,142,99471,230,99076,330,99601,100,98989,200,99618,100,98923,100,99662,100,98906,100,99752,100,98894,100,99864,100,98890,100,99879,100,98870,100,99898,48,98736,100,100013,100,98618,100
2019-06-28 09:55:12.198364609,99466,130,99087,142,99471,230,99076,330,99601,100,98989,200,99618,100,98923,100,99662,100,98906,100,99752,100,98894,100,99879,100,98890,100,99898,48,98870,100,100013,100,98736,100,100064,100,98618,100
2019-06-28 09:55:14.618186362,99466,130,99087,142,99471,230,99076,330,99601,100,98989,200,99605,100,98923,100,99618,100,98906,100,99662,100,98894,100,99752,100,98890,100,99879,100,98870,100,99898,48,98736,100,100013,100,98618,100
2019-06-28 09:55:20.000000000,99471,188,99087,100,99601,186,99076,286,99605,186,98989,286,99618,100,98923,100,99662,100,98906,100,99752,100,98894,100,99879,100,98890,100,99898,48,98870,100,100013,100,98736,100,100064,100,98618,100
2019-06-28 09:55:30.000000000,99471,230,99087,142,99601,230,99076,330,99605,100,98989,200,99618,100,98923,100,99662,100,98906,100,99752,100,98894,100,99879,100,98890,100,99898,48,98870,100,100013,100,98736,100,100064,100,98618,100
2019-06-28 09:55:32.368470857,99471,230,99087,142,99571,100,99076,330,99601,230,98989,200,99605,100,98923,100,99618,100,98906,100,99662,100,98894,100,99752,100,98890,100,99879,100,98870,100,99898,48,98736,100,100013,100,98618,100
2019-06-28 09:55:40.000000000,99471,152,99087,64,99571,152,99076,252,99601,152,98989,252,99605,152,98923,152,99618,152,98906,152,99662,100,98894,100,99752,100,98890,100,99879,100,98870,100,99898,48,98736,100,100013,100,98618,100
2019-06-28 09:55:50.000000000,99471,230,99087,142,99571,230,99076,330,99601,100,98989,200,99605,100,98923,100,99618,100,98906,100,99662,100,98894,100,99752,100,98890,100,99879,100,98870,100,99898,48,98736,100,100013,100,98618,100
2019-06-28 09:55:51.015004816,99471,230,99087,142,99571,230,99076,330,99601,100,98989,200,99605,100,98923,100,99618,100,98906,100,99662,100,98894,100,99673,100,98890,100,99752,100,98870,100,99879,100,98736,100,99898,48,98618,100
2019-06-28 09:55:51.068913797,99471,230,99395,100,99571,230,99087,142,99601,100,99076,330,99605,100,98989,200,99618,100,98923,100,99662,100,98906,100,99673,100,98894,100,99752,100,98890,100,99879,100,98870,100,99898,48,98736,100
2019-06-28 09:55:55.027495480,99471,230,99433,100,99571,230,99395,100,99601,100,99087,142,99605,100,99076,330,99618,100,98989,100,99662,100,98923,100,99673,100,98906,100,99752,100,98894,100,99879,100,98890,100,99898,48,98870,100
2019-06-28 09:56:00.000000000,99471,230,99433,230,99571,230,99395,230,99601,100,99087,12,99605,100,99076,200,99618,100,98989,100,99662,100,98923,100,99673,100,98906,100,99752,100,98894,100,99879,100,98890,100,99898,48,98870,100
2019-06-28 09:56:10.000000000,99471,165,99433,165,99571,165,99395,165,99601,165,99087,77,99605,165,99076,265,99618,100,98989,100,99662,100,98923,100,99673,100,98906,100,99752,100,98894,100,99879,100,98890,100,99898,48,98870,100
2019-06-28 09:56:20.000000000,99471,188,99433,188,99571,186,99395,186,99601,186,99087,98,99605,100,99076,200,99618,100,98989,100,99662,100,98923,100,99673,100,98906,100,99752,100,98894,100,99879,100,98890,100,99898,48,98870,100
2019-06-28 09:56:26.327296146,99471,188,99433,188,99571,186,99395,186,99601,186,99087,98,99605,100,99076,200,99618,100,98989,100,99662,100,98923,100,99673,100,98906,100,99752,100,98894,100,99879,100,98890,100,99898,48,98870,100
2019-06-28 09:56:30.000000000,99471,188,99433,188,99571,186,99395,186,99601,186,99087,98,99605,100,99076,200,99618,100,98989,100,99662,100,98923,100,99673,100,98906,100,99752,100,98894,100,99879,100,98890,100,99898,48,98870,100
2019-06-28 09:56:40.000000000,99471,360,99433,360,99571,100,99395,100,99601,100,99087,12,99605,100,99076,200,99618,100,98989,100,99662,100,98923,100,99673,100,98906,100,99752,100,98894,100,99879,100,98890,100,99898,48,98870,100
2019-06-28 09:56:49.858520054,99471,360,99433,460,99571,100,99395,100,99601,100,99087,12,99605,100,99076,200,99618,100,98989,100,99662,100,98923,100,99673,100,98906,100,99752,100,98894,100,99879,100,98890,100,99898,48,98870,100
2019-06-28 09:56:50.000000000,99471,152,99433,252,99571,152,99395,152,99601,152,99087,64,99605,152,99076,252,99618,152,98989,152,99662,100,98923,100,99673,100,98906,100,99752,100,98894,100,99879,100,98890,100,99898,48,98870,100
2019-06-28 09:56:51.747635941,99471,52,99433,252,99571,152,99395,152,99601,152,99087,64,99605,152,99076,252,99618,152,98989,152,99662,100,98923,100,99673,100,98906,100,99752,100,98894,100,99879,100,98890,100,99898,48,98870,100
2019-06-28 09:56:52.001324701,99471,52,99433,252,99571,152,99395,152,99601,152,99087,64,99605,152,99076,252,99618,152,98989,152,99662,100,98923,100,99673,100,98906,100,99752,100,98894,100,99799,100,98890,100,99879,100,98870,100
2019-06-28 09:56:59.371579630,99571,152,99471,48,99601,152,99433,252,99605,152,99395,152,99618,152,99087,64,99662,100,99076,252,99673,100,98989,152,99752,100,98923,100,99799,100,98906,100,99879,100,98894,100,99898,48,98890,100
2019-06-28 09:57:00.000000000,99571,230,99471,178,99601,230,99433,330,99605,100,99395,100,99618,100,99087,12,99662,100,99076,200,99673,100,98989,100,99752,100,98923,100,99799,100,98906,100,99879,100,98894,100,99898,48,98890,100
2019-06-28 09:57:07.140343650,99571,230,99471,178,99601,230,99433,330,99605,100,99395,100,99618,100,99087,12,99662,100,99076,200,99673,100,98989,100,99709,100,98923,100,99752,100,98906,100,99799,100,98894,100,99879,100,98890,100
2019-06-28 09:57:10.000000000,99571,230,99471,178,99601,230,99433,330,99605,100,99395,100,99618,100,99087,12,99662,100,99076,200,99673,100,98989,100,99709,100,98923,100,99752,100,98906,100,99799,100,98894,100,99879,100,98890,100
2019-06-28 09:57:20.000000000,99571,230,99471,178,99601,230,99433,330,99605,100,99395,100,99618,100,99087,12,99662,100,99076,200,99673,100,98989,100,99709,100,98923,100,99752,100,98906,100,99799,100,98894,100,99879,100,98890,100
2019-06-28 09:57:28.977544393,99571,230,99471,78,99601,230,99433,330,99605,100,99395,100,99618,100,99087,12,99662,100,99076,200,99673,100,98989,100,99709,100,98923,100,99752,100,98906,100,99799,100,98894,100,99879,100,98890,100
2019-06-28 09:57:30.000000000,99571,230,99433,330,99601,230,99395,230,99605,100,99087,12,99618,100,99076,200,99662,100,98989,100,99673,100,98923,100,99709,100,98906,100,99752,100,98894,100,99799,100,98890,100,99879,100,98870,100
2019-06-28 09:57:32.250540251,99571,230,99433,230,99601,230,99395,230,99605,100,99087,12,99618,100,99076,200,99662,100,98989,100,99673,100,98923,100,99709,100,98906,100,99752,100,98894,100,99799,100,98890,100,99879,100,98870,100
2019-06-28 09:57:40.000000000,99571,152,99433,152,99601,152,99395,152,99605,152,99087,64,99618,152,99076,252,99662,152,98989,152,99673,100,98923,100,99709,100,98906,100,99752,100,98894,100,99799,100,98890,100,99879,100,98870,100
2019-06-28 09:57:50.000000000,99571,152,99433,152,99601,152,99395,152,99605,152,99087,64,99618,152,99076,252,99662,152,98989,152,99673,100,98923,100,99709,100,98906,100,99752,100,98894,100,99799,100,98890,100,99879,100,98870,100
2019-06-28 09:57:51.263483204,99571,152,99433,152,99601,152,99395,152,99605,152,99087,64,99618,152,99076,252,99662,152,98989,152,99673,100,98937,100,99709,100,98923,100,99752,100,98906,100,99799,100,98894,100,99879,100,98890,100
2019-06-28 09:57:52.533124822,99571,152,99433,52,99601,152,99395,152,99605,152,99087,52,99618,152,99076,252,99662,152,98989,152,99673,100,98937,100,99709,100,98923,100,99752,100,98906,100,99799,100,98894,100,99879,100,98890,100
2019-06-28 09:58:00.000000000,99571,360,99395,360,99601,100,99076,200,99605,100,98989,100,99618,100,98937,100,99662,100,98923,100,99673,100,98906,100,99709,100,98894,100,99752,100,98890,100,99799,100,98870,100,99879,100,98736,100
2019-06-28 09:58:03.206721964,99571,360,99395,360,99601,100,99076,200,99605,100,98989,100,99618,100,98937,100,99662,100,98923,100,99673,100,98906,100,99709,100,98894,100,99752,100,98890,100,99799,100,98801,100,99879,100,98736,100
2019-06-28 09:58:10.000000000,99571,188,99395,188,99601,186,99076,286,99605,186,98989,186,99618,100,98937,100,99662,100,98923,100,99673,100,98906,100,99709,100,98894,100,99752,100,98890,100,99799,100,98801,100,99879,100,98736,100
2019-06-28 09:58:10.983607050,99571,188,99395,88,99601,186,99076,286,99605,186,98989,186,99618,100,98937,100,99662,100,98923,100,99673,100,98906,100,99709,100,98894,100,99752,100,98890,100,99799,100,98801,100,99879,100,98736,100
2019-06-28 09:58:15.862520505,99571,188,99395,88,99601,186,99076,286,99605,186,98989,186,99618,100,98937,100,99662,100,98923,100,99673,100,98906,100,99709,100,98894,100,99752,100,98890,100,99799,100,98801,100,99879,100,98796,100
2019-06-28 09:58:16.607218022,99395,12,99076,286,99571,188,98989,186,99601,186,98937,100,99605,186,98923,100,99618,100,98906,100,99662,100,98894,100,99673,100,98890,100,99709,100,98801,100,99752,100,98796,100,99799,100,98736,100
2019-06-28 09:58:20.000000000,99395,272,99076,460,99571,100,98989,100,99601,100,98937,100,99605,100,98923,100,99618,100,98906,100,99662,100,98894,100,99673,100,98890,100,99709,100,98801,100,99752,100,98796,100,99799,100,98736,100
2019-06-28 09:58:24.548026824,99123,100,99076,460,99395,272,98989,100,99571,100,98937,100,99601,100,98923,100,99605,100,98906,100,99618,100,98894,100,99662,100,98890,100,99673,100,98801,100,99709,100,98796,100,99752,100,98736,100
2019-06-28 09:58:27.146488558,99123,100,99076,360,99395,272,98989,100,99571,100,98937,100,99601,100,98923,100,99605,100,98906,100,99618,100,98894,100,99662,100,98890,100,99673,100,98801,100,99709,100,98796,100,99752,100,98736,100
2019-06-28 09:58:28.485671385,99123,100,99076,360,99394,100,98989,100,99395,272,98937,100,99571,100,98923,100,99601,100,98906,100,99605,100,98894,100,99618,100,98890,100,99662,100,98801,100,99673,100,98796,100,99709,100,98736,100
2019-06-28 09:58:30.000000000,99123,230,99076,230,99394,230,98989,230,99395,12,98937,100,99571,100,98923,100,99601,100,98906,100,99605,100,98894,100,99618,100,98890,100,99662,100,98801,100,99673,100,98796,100,99709,100,98736,100
2019-06-28 09:58:40.000000000,99123,188,99076,188,99394,186,98989,186,99395,98,98937,186,99571,100,98923,100,99601,100,98906,100,99605,100,98894,100,99618,100,98890,100,99662,100,98801,100,99673,100,98796,100,99709,100,98736,100
2019-06-28 09:58:48.858697828,99110,100,99076,188,99123,188,98989,186,99394,186,98937,186,99395,98,98923,100,99571,100,98906,100,99601,100,98894,100,99605,100,98890,100,99618,100,98801,100,99662,100,98796,100,99673,100,98736,100
2019-06-28 09:58:50.000000000,99110,188,99076,188,99123,186,98989,186,99394,186,98937,186,99395,12,98923,100,99571,100,98906,100,99601,100,98894,100,99605,100,98890,100,99618,100,98801,100,99662,100,98796,100,99673,100,98736,100
2019-06-28 09:58:58.769513819,99110,188,99076,188,99123,186,98989,186,99394,86,98937,186,99395,12,98923,100,99571,100,98906,100,99601,100,98894,100,99605,100,98890,100,99618,100,98801,100,99662,100,98796,100,99673,100,98736,100
2019-06-28 09:59:00.000000000,99110,360,99076,360,99123,100,98989,100,99395,12,98937,100,99571,100,98923,100,99601,100,98906,100,99605,100,98894,100,99618,100,98890,100,99662,100,98801,100,99673,100,98796,100,99709,100,98736,100
2019-06-28 09:59:03.963867226,99110,360,99076,360,99123,100,98989,100,99263,100,98937,100,99395,12,98923,100,99571,100,98906,100,99601,100,98894,100,99605,100,98890,100,99618,100,98801,100,99662,100,98796,100,99673,100,98736,100
2019-06-28 09:59:10.000000000,99110,165,99076,165,99123,165,98989,165,99263,165,98937,165,99395,77,98923,165,99571,100,98906,100,99601,100,98894,100,99605,100,98890,100,99618,100,98801,100,99662,100,98796,100,99673,100,98736,100
2019-06-28 09:59:20.000000000,99110,188,99076,188,99123,186,98989,186,99263,186,98937,186,99395,12,98923,100,99571,100,98906,100,99601,100,98894,100,99605,100,98890,100,99618,100,98801,100,99662,100,98796,100,99673,100,98736,100
2019-06-28 09:59:30.000000000,99110,188,99076,188,99123,186,98989,186,99263,186,98937,186,99395,12,98923,100,99571,100,98906,100,99601,100,98894,100,99605,100,98890,100,99618,100,98801,100,99662,100,98796,100,99673,100,98736,100
2019-06-28 09:59:40.000000000,99110,360,99076,360,99123,100,98989,100,99263,100,98937,100,99395,12,98923,100,99571,100,98906,100,99601,100,98894,100,99605,100,98890,100,99618,100,98801,100,99662,100,98796,100,99673,100,98736,100
2019-06-28 09:59:50.000000000,99110,230,99076,230,99123,230,98989,230,99263,100,98937,100,99395,12,98923,100,99571,100,98906,100,99601,100,98894,100,99605,100,98890,100,99618,100,98801,100,99662,100,98796,100,99673,100,98736,100
2019-06-28 10:00:00.000000000,99110,165,99076,165,99123,165,98989,165,99263,165,98937,165,99395,77,98923,165,99571,100,98906,100,99601,100,98894,100,99605,100,98890,100,99618,100,98801,100,99662,100,98796,100,99673,100,98736,100
2019-06-28 10:00:09.258011699,99110,165,99076,165,99122,100,98989,165,99123,165,98937,165,99263,165,98923,165,99395,77,98906,100,99571,100,98894,100,99601,100,98890,100,99605,100,98801,100,99618,100,98796,100,99662,100,98736,100
2019-06-28 10:00:10.000000000,99110,188,99076,188,99122,186,98989,186,99123,186,98937,186,99263,100,98923,100,99395,12,98906,100,99571,100,98894,100,99601,100,98890,100,99605,100,98801,100,99618,100,98796,100,99662,100,98736,100
2019-06-28 10:00:20.000000000,99110,360,99076,360,99122,100,98989,100,99123,100,98937,100,99263,100,98923,100,99395,12,98906,100,99571,100,98894,100,99601,100,98890,100,99605,100,98801,100,99618,100,98796,100,99662,100,98736,100
2019-06-28 10:00:21.099790310,99110,360,99076,360,99122,100,98989,100,99123,100,98937,100,99263,100,98923,100,99395,12,98906,100,99571,100,98894,100,99601,100,98890,100,99605,100,98801,100,99618,100,98796,100,99662,100,98736,100
2019-06-28 10:00:30.000000000,99110,360,99076,360,99122,100,98989,100,99123,100,98937,100,99263,100,98923,100,99395,12,98906,100,99571,100,98894,100,99601,100,98890,100,99605,100,98801,100,99618,100,98796,100,99662,100,98736,100
2019-06-28 10:00:34.802007342,99110,360,99076,260,99122,100,98989,100,99123,100,98937,100,99263,100,98923,100,99395,12,98906,100,99571,100,98894,100,99601,100,98890,100,99605,100,98801,100,99618,100,98796,100,99662,100,98736,100
2019-06-28 10:00:40.000000000,99110,152,98989,152,99122,152,98937,152,99123,152,98923,152,99263,152,98906,152,99395,64,98894,152,99571,100,98890,100,99601,100,98801,100,99605,100,98796,100,99618,100,98736,100,99662,100,98618,100
2019-06-28 10:00:45.795912305,99076,100,98989,152,99110,152,98937,152,99122,152,98923,152,99123,152,98906,152,99263,152,98894,152,99395,64,98890,100,99571,100,98801,100,99601,100,98796,100,99605,100,98736,100,99618,100,98618,100
2019-06-28 10:00:50.000000000,99076,152,98989,152,99110,152,98937,152,99122,152,98923,152,99123,152,98906,152,99263,152,98894,152,99395,12,98890,100,99571,100,98801,100,99601,100,98796,100,99605,100,98736,100,99618,100,98618,100
2019-06-28 10:01:00.000000000,99076,188,98989,188,99110,186,98937,186,99122,186,98923,186,99123,100,98906,100,99263,100,98894,100,99395,12,98890,100,99571,100,98801,100,99601,100,98796,100,99605,100,98736,100,99618,100,98618,100
2019-06-28 10:01:00.494265805,99076,188,98989,188,99110,186,98937,186,99122,186,98923,186,99123,100,98906,100,99263,100,98894,100,99395,12,98890,100,99571,100,98801,100,99601,100,98796,100,99605,100,98736,100,99618,100,98618,100
2019-06-28 10:01:10.000000000,99076,152,98989,152,99110,152,98937,152,99122,152,98923,152,99123,152,98906,152,99263,152,98894,152,99395,12,98890,100,99571,100,98801,100,99601,100,98796,100,99605,100,98736,100,99618,100,98618,100
2019-06-28 10:01:10.764424357,99076,152,98989,152,99110,152,98937,152,99122,152,98923,152,99123,152,98906,152,99263,152,98894,152,99395,12,98890,100,99571,100,98801,100,99601,100,98796,100,99605,100,98736,100,99618,100,98618,100
2019-06-28 10:01:20.000000000,99076,360,98989,360,99110,100,98937,100,99122,100,98923,100,99123,100,98906,100,99263,100,98894,100,99395,12,98890,100,99571,100,98801,100,99601,100,98796,100,99605,100,98736,100,99618,100,98618,100
2019-06-28 10:01:30.000000000,99076,360,98989,360,99110,100,98937,100,99122,100,98923,100,99123,100,98906,100,99263,100,98894,100,99395,12,98890,100,99571,100,98801,100,99601,100,98796,100,99605,100,98736,100,99618,100,98618,100
2019-06-28 10:01:31.624756027,99076,360,98989,260,99110,100,98937,100,99122,100,98923,100,99123,100,98906,100,99263,100,98894,100,99395,12,98890,100,99571,100,98801,100,99601,100,98796,100,99605,100,98736,100,99618,100,98618,100
2019-06-28 10:01:37.796047960,99076,360,98989,160,99110,100,98937,100,99122,100,98923,100,99123,100,98894,100,99263,100,98890,100,99395,12,98801,100,99571,100,98796,100,99601,100,98736,100,99605,100,98618,100,99618,100,98247,100
2019-06-28 10:01:40.000000000,99076,188,98937,188,99110,186,98923,186,99122,186,98894,186,99123,100,98890,100,99263,100,98801,100,99395,12,98796,100,99571,100,98736,100,99601,100,98618,100,99605,100,98247,100,99618,100,98244,100
2019-06-28 10:01:40.994731502,99076,188,98937,88,99110,186,98923,186,99122,186,98894,186,99123,100,98890,100,99263,100,98801,100,99395,12,98796,100,99571,100,98736,100,99601,100,98618,100,99605,100,98247,100,99662,100,98244,100
2019-06-28 10:01:50.000000000,99076,152,98923,152,99110,152,98894,152,99122,152,98890,152,99123,152,98801,152,99263,152,98796,152,99395,12,98736,100,99571,100,98618,100,99601,100,98247,100,99605,100,98244,100,99662,100,98028,100
2019-06-28 10:02:00.000000000,99076,152,98923,152,99110,152,98894,152,99122,152,98890,152,99123,152,98801,152,99263,152,98796,152,99395,12,98736,100,99571,100,98618,100,99601,100,98247,100,99605,100,98244,100,99662,100,98028,100
2019-06-28 10:02:03.953779385,99076,52,98923,152,99110,152,98894,152,99122,152,98890,152,99123,152,98801,152,99263,152,98796,152,99395,12,98736,100,99571,100,98618,100,99601,100,98247,100,99605,100,98244,100,99662,100,98028,100
2019-06-28 10:02:10.000000000,99110,360,98923,360,99122,100,98894,100,99123,100,98890,100,99263,100,98801,100,99395,12,98796,100,99571,100,98736,100,99601,100,98618,100,99605,100,98247,100,99662,100,98244,100,99673,100,98028,100
2019-06-28 10:02:15.672496401,99110,360,98923,260,99122,100,98894,100,99123,100,98890,100,99263,100,98801,100,99395,12,98796,100,99571,100,98736,100,99601,100,98618,100,99605,100,98247,100,99662,100,98244,100,99709,100,98028,100
2019-06-28 10:02:20.000000000,99110,360,98894,360,99122,100,98890,100,99123,100,98801,100,99263,100,98796,100,99395,12,98736,100,99571,100,98618,100,99601,100,98247,100,99605,100,98244,100,99662,100,98028,100,99709,100,,
2019-06-28 10:02:21.403763643,99110,360,98894,260,99122,100,98890,100,99123,100,98801,100,99263,100,98796,100,99395,12,98736,100,99571,100,98618,100,99601,100,98247,100,99605,100,98244,100,99662,100,98028,100,99709,100,,
2019-06-28 10:02:29.184017861,99110,360,98894,260,99122,100,98890,100,99123,100,98801,100,99263,100,98796,100,99395,12,98736,100,99571,100,98618,100,99601,100,98541,100,99605,100,98247,100,99662,100,98244,100,99709,100,98028,100
2019-06-28 10:02:30.000000000,99110,360,98890,360,99122,100,98801,100,99123,100,98796,100,99263,100,98736,100,99395,12,98618,100,99571,100,98541,100,99601,100,98247,100,99605,100,98244,100,99662,100,98028,100,99709,100,,
2019-06-28 10:02:40.000000000,99110,165,98890,165,99122,165,98801,165,99123,165,98796,165,99263,165,98736,165,99395,12,98618,100,99571,100,98541,100,99601,100,98247,100,99605,100,98244,100,99662,100,98028,100,99709,100,,
2019-06-28 10:02:41.571237911,99110,165,98890,165,99122,165,98801,165,99123,165,98796,165,99263,165,98747,100,99395,12,98736,165,99571,100,98618,100,99601,100,98541,100,99605,100,98247,100,99662,100,98244,100,99709,100,98028,100
2019-06-28 10:02:50.000000000,99110,152,98890,152,99122,152,98801,152,99123,152,98796,152,99263,152,98747,152,99395,64,98736,152,99571,100,98618,100,99601,100,98541,100,99605,100,98247,100,99662,100,98244,100,99709,100,98028,100
2019-06-28 10:02:55.102105437,98923,100,98890,152,99110,152,98801,152,99122,52,98796,152,99123,152,98747,152,99263,152,98736,152,99395,64,98618,100,99571,100,98541,100,99601,100,98247,100,99605,100,98244,100,99662,100,98028,100
2019-06-28 10:03:00.000000000,98923,188,98890,188,99110,186,98801,186,99123,186,98796,186,99263,100,98747,100,99395,12,98736,100,99571,100,98618,100,99601,100,98541,100,99605,100,98247,100,99662,100,98244,100,99709,100,98028,100
2019-06-28 10:03:10.000000000,98923,360,98890,360,99110,100,98801,100,99123,100,98796,100,99263,100,98747,100,99395,12,98736,100,99571,100,98618,100,99601,100,98541,100,99605,100,98247,100,99662,100,98244,100,99709,100,98028,100
2019-06-28 10:03:20.000000000,98923,152,98890,152,99110,152,98801,152,99123,152,98796,152,99263,152,98747,152,99395,64,98736,152,99571,100,98618,100,99601,100,98541,100,99605,100,98247,100,99662,100,98244,100,99709,100,98028,100
2019-06-28 10:03:29.116003582,98923,52,98890,152,99110,152,98801,152,99123,152,98796,152,99263,152,98747,152,99395,64,98736,152,99571,100,98618,100,99601,100,98541,100,99605,100,98247,100,99662,100,98244,100,99709,100,98028,100
2019-06-28 10:03:30.000000000,99110,230,98890,230,99123,230,98801,230,99263,100,98796,100,99395,12,98747,100,99571,100,98736,100,99601,100,98618,100,99605,100,98541,100,99662,100,98247,100,99709,100,98244,100,99752,100,98028,100
2019-06-28 10:03:40.000000000,99110,360,98890,360,99123,100,98801,100,99263,100,98796,100,99395,12,98747,100,99571,100,98736,100,99601,100,98618,100,99605,100,98541,100,99662,100,98247,100,99709,100,98244,100,99752,100,98028,100
2019-06-28 10:03:50.000000000,99110,188,98890,188,99123,186,98801,186,99263,186,98796,186,99395,12,98747,100,99571,100,98736,100,99601,100,98618,100,99605,100,98541,100,99662,100,98247,100,99709,100,98244,100,99752,100,98028,100
2019-06-28 10:04:00.000000000,99110,230,98890,230,99123,230,98801,230,99263,100,98796,100,99395,12,98747,100,99571,100,98736,100,99601,100,98618,100,99605,100,98541,100,99662,100,98247,100,99709,100,98244,100,99752,100,98028,100
2019-06-28 10:04:06.095558939,99110,130,98890,230,99123,230,98801,230,99263,100,98796,100,99395,12,98747,100,99571,100,98736,100,99601,100,98618,100,99605,100,98541,100,99662,100,98247,100,99709,100,98244,100,99752,100,98028,100
2019-06-28 10:04:10.000000000,99123,230,98890,230,99263,230,98801,230,99395,12,98796,100,99571,100,98747,100,99601,100,98736,100,99605,100,98618,100,99662,100,98541,100,99709,100,98247,100,99752,100,98244,100,99879,100,98028,100
2019-06-28 10:04:16.038729051,99123,230,98923,100,99263,230,98890,230,99395,12,98801,230,99571,100,98796,100,99601,100,98747,100,99605,100,98736,100,99662,100,98618,100,99709,100,98541,100,99752,100,98247,100,99879,100,98244,100
2019-06-28 10:04:20.000000000,99123,165,98923,165,99263,165,98890,165,99395,77,98801,165,99571,165,98796,165,99601,100,98747,100,99605,100,98736,100,99662,100,98618,100,99709,100,98541,100,99752,100,98247,100,99879,100,98244,100
2019-06-28 10:04:30.000000000,99123,360,98923,360,99263,100,98890,100,99395,12,98801,100,99571,100,98796,100,99601,100,98747,100,99605,100,98736,100,99662,100,98618,100,99709,100,98541,100,99752,100,98247,100,99879,100,98244,100
2019-06-28 10:04:32.435702048,99123,360,98923,360,99263,100,98890,100,99395,12,98801,100,99571,100,98796,100,99601,100,98747,100,99605,100,98736,100,99662,100,98618,100,99709,100,98541,100,99752,100,98247,100,99879,100,98244,100
2019-06-28 10:04:40.000000000,99123,360,98923,360,99263,100,98890,100,99395,12,98801,100,99571,100,98796,100,99601,100,98747,100,99605,100,98736,100,99662,100,98618,100,99709,100,98541,100,99752,100,98247,100,99879,100,98244,100
2019-06-28 10:04:50.000000000,99123,230,98923,230,99263,230,98890,230,99395,12,98801,100,99571,100,98796,100,99601,100,98747,100,99605,100,98736,100,99662,100,98618,100,99709,100,98541,100,99752,100,98247,100,99879,100,98244,100
2019-06-28 10:04:58.930905182,99123,230,98923,230,99263,230,98890,230,99395,12,98801,100,99571,100,98796,100,99601,100,98747,100,99662,100,98736,100,99709,100,98618,100,99752,100,98541,100,99879,100,98247,100,99898,48,98244,100
2019-06-28 10:05:00.000000000,99123,165,98923,165,99263,165,98890,165,99395,77,98801,165,99571,165,98796,165,99601,100,98747,100,99662,100,98736,100,99709,100,98618,100,99752,100,98541,100,99879,100,98247,100,99898,48,98244,100
2019-06-28 10:05:03.823377323,99123,65,98923,165,99263,165,98890,165,99395,77,98801,165,99571,165,98796,165,99601,100,98747,100,99662,100,98618,100,99709,100,98541,100,99752,100,98247,100,99879,100,98244,100,99898,48,98028,100
2019-06-28 10:05:09.811410677,99123,65,98923,165,99263,165,98890,165,99395,77,98801,165,99571,165,98796,165,99601,100,98747,100,99662,100,98618,100,99709,100,98541,100,99752,100,98247,100,99879,100,98244,100,99898,48,98028,100
2019-06-28 10:05:10.000000000,99263,165,98923,165,99395,77,98890,165,99571,165,98801,165,99601,165,98796,165,99662,100,98747,100,99709,100,98618,100,99752,100,98541,100,99879,100,98247,100,99898,48,98244,100,99915,100,98028,100
2019-06-28 10:05:20.000000000,99263,152,98923,152,99395,64,98890,152,99571,152,98801,152,99601,152,98796,152,99662,152,98747,152,99709,100,98618,100,99752,100,98541,100,99879,100,98247,100,99898,48,98244,100,99915,100,98028,100
2019-06-28 10:05:26.599583753,99263,152,98923,152,99395,64,98890,152,99571,152,98801,152,99601,152,98796,152,99662,152,98747,152,99709,100,98618,100,99752,100,98541,100,99879,100,98247,100,99898,48,98244,100,99915,100,98028,100
2019-06-28 10:05:30.000000000,99263,230,98923,230,99395,142,98890,230,99571,100,98801,100,99601,100,98796,100,99662,100,98747,100,99709,100,98618,100,99752,100,98541,100,99879,100,98247,100,99898,48,98244,100,99915,100,98028,100
2019-06-28 10:05:40.000000000,99263,165,98923,165,99395,77,98890,165,99571,165,98801,165,99601,165,98796,165,99662,100,98747,100,99709,100,98618,100,99752,100,98541,100,99879,100,98247,100,99898,48,98244,100,99915,100,98028,100
2019-06-28 10:05:50.000000000,99263,230,98923,230,99395,142,98890,230,99571,100,98801,100,99601,100,98796,100,99662,100,98747,100,99709,100,98618,100,99752,100,98541,100,99879,100,98247,100,99898,48,98244,100,99915,100,98028,100
2019-06-28 10:06:00.000000000,99263,165,98923,165,99395,77,98890,165,99571,165,98801,165,99601,165,98796,165,99662,100,98747,100,99709,100,98618,100,99752,100,98541,100,99879,100,98247,100,99898,48,98244,100,99915,100,98028,100
2019-06-28 10:06:06.395204058,99263,165,99110,100,99395,77,98923,165,99571,165,98890,165,99601,165,98801,165,99662,100,98796,165,99709,100,98747,100,99752,100,98618,100,99879,100,98541,100,99898,48,98247,100,99915,100,98244,100
2019-06-28 10:06:10.000000000,99263,152,99110,152,99395,64,98923,152,99571,152,98890,152,99601,152,98801,152,99662,152,98796,152,99709,100,98747,100,99752,100,98618,100,99879,100,98541,100,99898,48,98247,100,99915,100,98244,100
2019-06-28 10:06:20.000000000,99263,165,99110,165,99395,77,98923,165,99571,165,98890,165,99601,165,98801,165,99662,100,98796,100,99709,100,98747,100,99752,100,98618,100,99879,100,98541,100,99898,48,98247,100,99915,100,98244,100
2019-06-28 10:06:20.294749640,99263,165,99110,165,99395,77,98923,165,99571,165,98890,165,99601,165,98801,165,99662,100,98796,100,99709,100,98747,100,99752,100,98618,100,99796,100,98541,100,99879,100,98247,100,99898,48,98244,100
2019-06-28 10:06:30.000000000,99263,152,99110,152,99395,64,98923,152,99571,152,98890,152,99601,152,98801,152,99662,152,98796,152,99709,100,98747,100,99752,100,98618,100,99796,100,98541,100,99879,100,98247,100,99898,48,98244,100
2019-06-28 10:06:40.000000000,99263,165,99110,165,99395,77,98923,165,99571,165,98890,165,99601,165,98801,165,99662,100,98796,100,99709,100,98747,100,99752,100,98618,100,99796,100,98541,100,99879,100,98247,100,99898,48,98244,100
2019-06-28 10:06:46.374939996,99263,165,99110,265,99395,77,98923,165,99571,165,98890,165,99601,165,98801,165,99662,100,98796,100,99709,100,98747,100,99752,100,98618,100,99796,100,98541,100,99879,100,98247,100,99898,48,98244,100
2019-06-28 10:06:46.677347897,99263,165,99110,265,99395,77,98923,165,99571,165,98890,165,99601,165,98801,165,99662,100,98796,100,99709,100,98747,100,99752,100,98618,100,99796,100,98541,100,99864,100,98247,100,99879,100,98244,100
2019-06-28 10:06:50.000000000,99263,152,99110,252,99395,64,98923,152,99571,152,98890,152,99601,152,98801,152,99662,152,98796,152,99709,100,98747,100,99752,100,98618,100,99796,100,98541,100,99864,100,98247,100,99879,100,98244,100
2019-06-28 10:06:59.471527132,99263,152,99110,252,99395,64,98923,152,99571,152,98890,152,99601,152,98801,152,99662,152,98796,152,99709,100,98747,100,99752,100,98618,100,99796,100,98541,100,99864,100,98247,100,99879,100,98244,100
