,ask_price_1,ask_size_1,bid_price_1,bid_size_1,ask_price_2,ask_size_2,bid_price_2,bid_size_2,ask_price_3,ask_size_3,bid_price_3,bid_size_3,ask_price_4,ask_size_4,bid_price_4,bid_size_4,ask_price_5,ask_size_5,bid_price_5,bid_size_5,ask_price_6,ask_size_6,bid_price_6,bid_size_6,ask_price_7,ask_size_7,bid_price_7,bid_size_7,ask_price_8,ask_size_8,bid_price_8,bid_size_8,ask_price_9,ask_size_9,bid_price_9,bid_size_9,ask_price_10,ask_size_10,bid_price_10,bid_size_10
2019-06-28 09:30:00.000000002,100005,100,,,,,,,,,,,,,,,,,,,,,,,,,,,,,,,,,,,,,,
2019-06-28 09:30:00.000000007,100005,100,,,100011,100,,,,,,,,,,,,,,,,,,,,,,,,,,,,,,,,,,
2019-06-28 09:30:00.000000008,100005,100,,,100011,100,,,100167,100,,,,,,,,,,,,,,,,,,,,,,,,,,,,,,
2019-06-28 09:30:00.000000010,100005,100,99881,100,100011,100,,,100167,100,,,,,,,,,,,,,,,,,,,,,,,,,,,,,,
2019-06-28 09:30:00.000000012,100011,100,99881,100,100021,100,99877,100,100167,100,,,,,,,,,,,,,,,,,,,,,,,,,,,,,,
2019-06-28 09:30:00.000000014,100021,100,99881,100,100167,100,99877,100,,,99871,100,,,,,,,,,,,,,,,,,,,,,,,,,,,,
2019-06-28 09:30:00.000000015,100021,100,99995,100,100072,100,99881,100,100167,100,99877,100,,,99871,100,,,,,,,,,,,,,,,,,,,,,,,,
2019-06-28 09:30:00.000000016,100021,100,99995,100,100058,100,99881,100,100072,100,99877,100,100167,100,99871,100,,,,,,,,,,,,,,,,,,,,,,,,
2019-06-28 09:30:00.000000026,100021,100,99995,100,100058,100,99881,100,100072,200,99877,100,100167,100,99871,100,,,,,,,,,,,,,,,,,,,,,,,,
2019-06-28 09:30:00.000000027,100021,100,99881,100,100058,100,99877,100,100072,200,99871,100,100167,100,,,,,,,,,,,,,,,,,,,,,,,,,,
2019-06-28 09:30:00.000000031,100021,100,99940,100,100058,100,99881,100,100072,200,99877,100,100167,100,99871,100,,,,,,,,,,,,,,,,,,,,,,,,
2019-06-28 09:30:00.000000034,100021,100,99940,100,100058,100,99881,100,100072,200,99877,100,100155,100,99871,100,100167,100,,,,,,,,,,,,,,,,,,,,,,
2019-06-28 09:30:00.000000035,100021,100,99940,100,100058,100,99934,100,100072,200,99881,100,100155,100,99877,100,100167,100,99871,100,100210,100,,,,,,,,,,,,,,,,,,
2019-06-28 09:30:00.000000037,100021,100,99940,100,100058,100,99934,100,100072,200,99881,100,100077,100,99877,100,100155,100,99871,100,100167,100,,,100210,100,,,100215,100,,,,,,,,,,
2019-06-28 09:30:00.000000039,100011,100,99940,100,100021,100,99934,100,100058,100,99881,100,100072,200,99877,100,100077,100,99871,100,100155,100,,,100167,100,,,100210,100,,,100215,100,,,,,,
2019-06-28 09:30:00.000000041,100011,100,99995,100,100021,100,99940,100,100058,100,99934,100,100072,200,99881,100,100077,100,99877,100,100155,100,99871,100,100167,100,,,100210,100,,,100215,100,,,,,,
2019-06-28 09:30:00.000000042,100011,100,99995,100,100021,100,99971,100,100045,100,99940,100,100054,100,99934,100,100058,100,99881,100,100072,200,99877,100,100077,100,99871,100,100155,100,,,100167,100,,,100210,100,,
2019-06-28 09:30:00.000000043,100011,100,99995,200,100021,100,99971,100,100045,100,99940,100,100054,100,99934,100,100058,100,99881,100,100072,200,99877,100,100077,100,99871,100,100137,100,99816,100,100155,100,,,100167,100,,
2019-06-28 09:30:00.000000046,100011,100,99995,200,100021,100,99971,100,100042,100,99940,100,100045,100,99934,100,100054,100,99881,100,100058,100,99877,100,100072,200,99871,100,100077,100,99816,100,100137,100,,,100155,100,,
2019-06-28 09:30:00.000000048,100011,100,99995,200,100021,100,99971,100,100042,100,99949,100,100045,100,99940,100,100054,100,99935,100,100058,100,99934,100,100072,200,99881,100,100077,100,99877,100,100137,100,99871,100,100155,100,99816,100
2019-06-28 09:30:00.000000050,100011,100,99995,200,100021,100,99971,100,100042,100,99949,100,100045,100,99940,100,100054,100,99935,100,100058,100,99934,100,100072,200,99881,100,100077,100,99877,100,100137,100,99871,100,100155,100,99816,100
2019-06-28 09:30:00.000000052,99999,100,99995,200,100011,100,99971,100,100021,100,99949,100,100042,100,99940,100,100045,100,99935,100,100054,100,99934,100,100058,100,99881,100,100072,200,99877,100,100077,100,99871,100,100137,100,99816,100
2019-06-28 09:30:00.000000060,99999,100,99995,200,100011,100,99971,100,100021,100,99949,100,100042,100,99940,100,100045,100,99935,100,100054,100,99934,100,100058,100,99881,100,100072,200,99877,100,100077,100,99871,100,100137,100,99816,100
2019-06-28 09:30:00.000000061,99999,100,99995,200,100011,100,99971,100,100021,100,99949,100,100042,100,99940,100,100045,100,99935,100,100054,100,99934,100,100058,100,99881,100,100072,200,99877,100,100077,100,99871,100,100116,100,99816,100
2019-06-28 09:30:00.000000063,99999,100,99996,200,100011,100,99995,200,100021,100,99971,100,100042,100,99952,100,100045,100,99949,100,100054,100,99940,100,100058,100,99935,100,100072,200,99934,100,100077,100,99881,100,100116,100,99877,100
2019-06-28 09:30:00.000000064,99999,100,99996,200,100011,100,99995,200,100021,100,99971,100,100042,100,99952,100,100045,100,99949,100,100054,100,99940,100,100058,100,99935,100,100072,200,99934,100,100077,100,99881,100,100116,100,99877,100
2019-06-28 09:30:00.000000065,99999,100,99996,200,100011,100,99995,200,100018,100,99971,100,100021,100,99952,100,100042,100,99949,100,100045,100,99940,100,100054,100,99935,100,100058,100,99934,100,100072,200,99881,100,100077,100,99877,100
2019-06-28 09:30:00.000000066,99999,100,99996,100,100011,100,99995,200,100018,100,99971,100,100021,100,99952,100,100042,100,99949,100,100045,100,99940,100,100054,100,99935,100,100058,100,99934,100,100072,200,99881,100,100077,100,99877,100
2019-06-28 09:30:00.000000067,99999,200,99996,100,100011,100,99995,200,100018,100,99971,100,100021,100,99952,100,100042,100,99949,100,100045,100,99940,100,100054,100,99935,100,100058,100,99934,100,100072,200,99881,100,100077,100,99877,100
2019-06-28 09:30:00.000000071,99999,200,99996,100,100011,100,99995,200,100018,100,99971,100,100021,100,99952,100,100042,100,99949,100,100045,100,99940,100,100052,100,99935,100,100054,100,99934,100,100058,100,99881,100,100072,200,99877,100
2019-06-28 09:30:00.000000072,99998,100,99996,100,99999,200,99995,200,100011,100,99971,100,100018,100,99952,100,100021,100,99949,100,100042,100,99940,100,100045,100,99935,100,100052,100,99934,100,100054,100,99881,100,100058,100,99877,100
2019-06-28 09:30:00.000000073,99998,100,99997,100,99999,200,99996,100,100011,100,99995,200,100018,100,99971,100,100021,100,99952,100,100042,100,99949,100,100045,100,99940,100,100052,100,99935,100,100054,100,99934,100,100058,100,99881,100
2019-06-28 09:30:00.000000074,99997,100,99996,100,99998,100,99995,200,99999,200,99971,100,100011,100,99952,100,100018,100,99949,100,100021,100,99940,100,100042,100,99935,100,100045,100,99934,100,100052,100,99889,100,100054,100,99881,100
2019-06-28 09:30:00.000000077,99997,100,99996,100,99998,100,99995,200,99999,200,99971,100,100011,100,99952,100,100018,100,99949,100,100021,100,99940,100,100042,100,99935,100,100045,100,99934,100,100052,100,99889,100,100054,100,99881,100
2019-06-28 09:30:00.000000078,99998,100,99996,100,99999,200,99995,200,100011,100,99971,100,100018,100,99952,100,100021,100,99949,100,100042,100,99940,100,100045,100,99935,100,100052,100,99934,100,100054,100,99889,100,100055,100,99881,100
2019-06-28 09:30:00.000000079,99998,100,99996,100,99999,200,99995,200,100011,100,99971,100,100018,100,99952,100,100021,100,99949,100,100042,100,99940,100,100045,100,99935,100,100052,100,99934,100,100054,100,99922,100,100055,100,99889,100
2019-06-28 09:30:00.000000082,99998,100,99995,200,99999,200,99971,100,100011,100,99952,100,100018,100,99949,100,100021,100,99940,100,100042,100,99935,100,100045,100,99934,100,100052,100,99922,100,100054,100,99889,100,100055,100,99881,100
2019-06-28 09:30:00.000000084,99999,200,99995,200,100011,100,99971,100,100018,100,99952,100,100021,100,99949,100,100042,100,99940,100,100045,100,99935,100,100052,100,99934,100,100054,100,99922,100,100055,100,99889,100,100058,100,99881,100
2019-06-28 09:30:00.000000088,99999,200,99995,200,100011,100,99971,100,100018,100,99952,100,100021,100,99949,100,100042,100,99940,100,100045,100,99935,100,100052,100,99934,100,100054,100,99922,100,100055,100,99889,100,100058,100,99881,100
2019-06-28 09:30:00.000000095,99999,200,99995,200,100011,100,99971,100,100018,100,99952,100,100021,100,99949,100,100042,100,99948,100,100045,100,99940,100,100052,100,99935,100,100054,100,99934,100,100055,100,99922,100,100058,100,99889,100
2019-06-28 09:30:00.000000096,99999,100,99995,200,100011,100,99971,100,100018,100,99952,100,100021,100,99949,100,100042,100,99948,100,100045,100,99940,100,100052,100,99935,100,100054,100,99934,100,100055,100,99922,100,100058,100,99889,100
2019-06-28 09:30:00.000000097,99999,100,99995,200,100011,100,99971,100,100018,100,99952,100,100021,100,99949,100,100042,100,99948,100,100045,100,99940,100,100052,100,99935,100,100054,100,99934,100,100055,100,99922,100,100058,100,99889,100
2019-06-28 09:30:10.000000000,99999,229,99995,329,100011,229,99971,229,100018,100,99952,100,100021,100,99949,100,100042,100,99948,100,100045,100,99940,100,100052,100,99935,100,100054,100,99934,100,100055,100,99922,100,100058,100,99889,100
2019-06-28 09:30:20.000000000,99999,358,99995,458,100011,100,99971,100,100018,100,99952,100,100021,100,99949,100,100042,100,99948,100,100045,100,99940,100,100052,100,99935,100,100054,100,99934,100,100055,100,99922,100,100058,100,99889,100
2019-06-28 09:30:30.000000000,99999,188,99995,288,100011,185,99971,185,100018,185,99952,185,100021,100,99949,100,100042,100,99948,100,100045,100,99940,100,100052,100,99935,100,100054,100,99934,100,100055,100,99922,100,100058,100,99889,100
2019-06-28 09:30:40.000000000,99999,358,99995,458,100011,100,99971,100,100018,100,99952,100,100021,100,99949,100,100042,100,99948,100,100045,100,99940,100,100052,100,99935,100,100054,100,99934,100,100055,100,99922,100,100058,100,99889,100
2019-06-28 09:30:50.000000000,99999,152,99995,252,100011,152,99971,152,100018,152,99952,152,100021,152,99949,152,100042,152,99948,152,100045,100,99940,100,100052,100,99935,100,100054,100,99934,100,100055,100,99922,100,100058,100,99889,100
2019-06-28 09:30:58.776992282,99999,152,99995,252,100011,152,99971,152,100018,152,99952,152,100021,52,99949,152,100034,100,99948,152,100042,152,99940,100,100045,100,99935,100,100052,100,99934,100,100054,100,99922,100,100055,100,99889,100
2019-06-28 09:31:00.000000000,99999,188,99995,288,100011,185,99971,185,100018,185,99952,185,100034,100,99949,100,100042,100,99948,100,100045,100,99940,100,100052,100,99935,100,100054,100,99934,100,100055,100,99922,100,100058,100,99889,100
2019-06-28 09:31:02.722717444,99999,288,99995,288,100011,185,99971,185,100018,185,99952,185,100034,100,99949,100,100042,100,99948,100,100045,100,99940,100,100052,100,99935,100,100054,100,99934,100,100055,100,99922,100,100058,100,99889,100
2019-06-28 09:31:10.000000000,99999,288,99995,288,100011,185,99971,185,100018,185,99952,185,100034,100,99949,100,100042,100,99948,100,100045,100,99940,100,100052,100,99935,100,100054,100,99934,100,100055,100,99922,100,100058,100,99889,100
2019-06-28 09:31:12.425133408,99999,288,99995,288,100011,185,99971,185,100018,185,99952,185,100034,100,99949,100,100042,100,99948,100,100045,100,99940,100,100052,100,99935,100,100054,100,99934,100,100055,100,99922,100,100058,100,99890,100
2019-06-28 09:31:17.708989695,99999,188,99995,288,100011,185,99971,185,100018,185,99952,185,100034,100,99949,100,100042,100,99948,100,100045,100,99940,100,100052,100,99935,100,100054,100,99934,100,100055,100,99922,100,100058,100,99890,100
2019-06-28 09:31:20.000000000,99999,229,99995,329,100011,229,99971,229,100018,100,99952,100,100034,100,99949,100,100042,100,99948,100,100045,100,99940,100,100052,100,99935,100,100054,100,99934,100,100055,100,99922,100,100058,100,99890,100
2019-06-28 09:31:30.000000000,99999,164,99995,264,100011,164,99971,164,100018,164,99952,164,100034,164,99949,164,100042,100,99948,100,100045,100,99940,100,100052,100,99935,100,100054,100,99934,100,100055,100,99922,100,100058,100,99890,100
2019-06-28 09:31:40.000000000,99999,358,99995,458,100011,100,99971,100,100018,100,99952,100,100034,100,99949,100,100042,100,99948,100,100045,100,99940,100,100052,100,99935,100,100054,100,99934,100,100055,100,99922,100,100058,100,99890,100
2019-06-28 09:31:50.000000000,99999,358,99995,458,100011,100,99971,100,100018,100,99952,100,100034,100,99949,100,100042,100,99948,100,100045,100,99940,100,100052,100,99935,100,100054,100,99934,100,100055,100,99922,100,100058,100,99890,100
2019-06-28 09:31:55.694430939,99999,358,99995,458,100011,100,99971,100,100018,100,99952,100,100034,100,99949,100,100042,100,99948,100,100045,100,99940,100,100052,100,99935,100,100054,100,99934,100,100055,100,99922,100,100058,100,99890,100
2019-06-28 09:32:00.000000000,99999,358,99995,458,100011,100,99971,100,100018,100,99952,100,100034,100,99949,100,100042,100,99948,100,100045,100,99940,100,100052,100,99935,100,100054,100,99934,100,100055,100,99922,100,100058,100,99890,100
2019-06-28 09:32:03.797316953,99999,258,99995,458,100011,100,99971,100,100018,100,99952,100,100034,100,99949,100,100042,100,99948,100,100045,100,99940,100,100052,100,99935,100,100054,100,99934,100,100055,100,99922,100,100058,100,99890,100
2019-06-28 09:32:10.000000000,100011,358,99995,458,100018,100,99971,100,100034,100,99952,100,100042,100,99949,100,100045,100,99948,100,100052,100,99940,100,100054,100,99935,100,100055,100,99934,100,100058,100,99922,100,100072,200,99890,100
2019-06-28 09:32:20.000000000,100011,188,99995,288,100018,185,99971,185,100034,185,99952,185,100042,100,99949,100,100045,100,99948,100,100052,100,99940,100,100054,100,99935,100,100055,100,99934,100,100058,100,99922,100,100072,200,99890,100
2019-06-28 09:32:25.620255928,100011,188,99995,188,100018,185,99971,185,100034,85,99952,185,100042,100,99949,100,100045,100,99948,100,100052,100,99940,100,100054,100,99935,100,100055,100,99934,100,100058,100,99922,100,100072,200,99890,100
2019-06-28 09:32:30.000000000,100011,164,99995,164,100018,164,99971,164,100042,164,99952,164,100045,164,99949,164,100052,100,99948,100,100054,100,99940,100,100055,100,99935,100,100058,100,99934,100,100072,200,99922,100,100077,100,99890,100
2019-06-28 09:32:40.000000000,100011,164,99995,164,100018,164,99971,164,100042,164,99952,164,100045,164,99949,164,100052,100,99948,100,100054,100,99940,100,100055,100,99935,100,100058,100,99934,100,100072,200,99922,100,100077,100,99890,100
2019-06-28 09:32:50.000000000,100011,358,99995,358,100018,100,99971,100,100042,100,99952,100,100045,100,99949,100,100052,100,99948,100,100054,100,99940,100,100055,100,99935,100,100058,100,99934,100,100072,200,99922,100,100077,100,99890,100
2019-06-28 09:32:50.848061406,100011,358,99995,358,100018,100,99971,100,100042,100,99952,100,100045,100,99949,100,100052,100,99948,100,100054,100,99940,100,100055,100,99935,100,100058,100,99934,100,100072,200,99922,100,100077,100,99890,100
2019-06-28 09:32:51.851939706,100011,358,99995,258,100018,100,99971,100,100042,100,99952,100,100045,100,99949,100,100052,100,99948,100,100054,100,99940,100,100055,100,99935,100,100058,100,99934,100,100072,200,99922,100,100077,100,99890,100
2019-06-28 09:33:00.000000000,100011,229,99971,229,100018,229,99952,229,100042,100,99949,100,100045,100,99948,100,100052,100,99940,100,100054,100,99935,100,100055,100,99934,100,100058,100,99922,100,100072,200,99890,100,100077,100,99889,100
2019-06-28 09:33:10.000000000,100011,164,99971,164,100018,164,99952,164,100042,164,99949,164,100045,164,99948,164,100052,100,99940,100,100054,100,99935,100,100055,100,99934,100,100058,100,99922,100,100072,200,99890,100,100077,100,99889,100
2019-06-28 09:33:17.758192209,99995,100,99971,164,100011,164,99952,164,100018,164,99949,164,100042,164,99948,164,100045,164,99940,100,100052,100,99935,100,100054,100,99934,100,100055,100,99922,100,100058,100,99890,100,100072,200,99889,100
2019-06-28 09:33:20.000000000,99995,152,99971,152,100011,152,99952,152,100018,152,99949,152,100042,152,99948,152,100045,152,99940,152,100052,100,99935,100,100054,100,99934,100,100055,100,99922,100,100058,100,99890,100,100072,200,99889,100
2019-06-28 09:33:23.275688912,99995,252,99971,152,100011,152,99952,152,100018,152,99949,152,100042,152,99948,152,100045,152,99940,152,100052,100,99935,100,100054,100,99934,100,100055,100,99922,100,100058,100,99890,100,100072,200,99889,100
2019-06-28 09:33:30.000000000,99995,288,99971,188,100011,185,99952,185,100018,185,99949,185,100042,100,99948,100,100045,100,99940,100,100052,100,99935,100,100054,100,99934,100,100055,100,99922,100,100058,100,99890,100,100072,200,99889,100
2019-06-28 09:33:31.563541994,99995,288,99971,88,100011,185,99952,185,100018,185,99949,185,100042,100,99948,100,100045,100,99940,100,100052,100,99935,100,100054,100,99934,100,100055,100,99922,100,100058,100,99890,100,100072,100,99889,100
2019-06-28 09:33:40.000000000,99995,288,99952,188,100011,185,99949,185,100018,185,99948,185,100042,100,99940,100,100045,100,99935,100,100052,100,99934,100,100054,100,99922,100,100055,100,99890,100,100058,100,99889,100,100072,100,99881,100
2019-06-28 09:33:50.000000000,99995,288,99952,188,100011,185,99949,185,100018,185,99948,185,100042,100,99940,100,100045,100,99935,100,100052,100,99934,100,100054,100,99922,100,100055,100,99890,100,100058,100,99889,100,100072,100,99881,100
2019-06-28 09:34:00.000000000,99995,458,99952,358,100011,100,99949,100,100018,100,99948,100,100042,100,99940,100,100045,100,99935,100,100052,100,99934,100,100054,100,99922,100,100055,100,99890,100,100058,100,99889,100,100072,100,99881,100
2019-06-28 09:34:10.000000000,99995,264,99952,164,100011,164,99949,164,100018,164,99948,164,100042,164,99940,164,100045,100,99935,100,100052,100,99934,100,100054,100,99922,100,100055,100,99890,100,100058,100,99889,100,100072,100,99881,100
2019-06-28 09:34:20.000000000,99995,252,99952,152,100011,152,99949,152,100018,152,99948,152,100042,152,99940,152,100045,152,99935,152,100052,100,99934,100,100054,100,99922,100,100055,100,99890,100,100058,100,99889,100,100072,100,99881,100
2019-06-28 09:34:22.845512631,99995,252,99952,52,100011,152,99949,152,100018,152,99948,152,100042,152,99940,152,100045,152,99935,152,100052,100,99934,100,100054,100,99922,100,100055,100,99890,100,100058,100,99881,100,100072,100,99877,100
2019-06-28 09:34:28.832682109,99974,100,99952,52,99995,252,99949,152,100011,152,99948,152,100018,152,99940,152,100042,152,99935,152,100045,152,99934,100,100052,100,99922,100,100054,100,99890,100,100055,100,99881,100,100058,100,99877,100
2019-06-28 09:34:30.000000000,99974,358,99949,358,99995,200,99948,100,100011,100,99940,100,100018,100,99935,100,100042,100,99934,100,100045,100,99922,100,100052,100,99890,100,100054,100,99881,100,100055,100,99877,100,100058,100,99871,100
2019-06-28 09:34:33.773693576,99971,100,99949,358,99974,358,99948,100,99995,200,99940,100,100011,100,99935,100,100018,100,99934,100,100042,100,99922,100,100045,100,99890,100,100052,100,99881,100,100054,100,99877,100,100055,100,99871,100
2019-06-28 09:34:40.000000000,99971,188,99949,188,99974,185,99948,185,99995,285,99940,185,100011,100,99935,100,100018,100,99934,100,100042,100,99922,100,100045,100,99890,100,100052,100,99881,100,100054,100,99877,100,100055,100,99871,100
2019-06-28 09:34:50.000000000,99971,229,99949,229,99974,229,99948,229,99995,200,99940,100,100011,100,99935,100,100018,100,99934,100,100042,100,99922,100,100045,100,99890,100,100052,100,99881,100,100054,100,99877,100,100055,100,99871,100
2019-06-28 09:35:00.000000000,99971,188,99949,188,99974,185,99948,185,99995,285,99940,185,100011,100,99935,100,100018,100,99934,100,100042,100,99922,100,100045,100,99890,100,100052,100,99881,100,100054,100,99877,100,100055,100,99871,100
2019-06-28 09:35:10.000000000,99971,358,99949,358,99974,100,99948,100,99995,200,99940,100,100011,100,99935,100,100018,100,99934,100,100042,100,99922,100,100045,100,99890,100,100052,100,99881,100,100054,100,99877,100,100055,100,99871,100
2019-06-28 09:35:20.000000000,99971,188,99949,188,99974,185,99948,185,99995,285,99940,185,100011,100,99935,100,100018,100,99934,100,100042,100,99922,100,100045,100,99890,100,100052,100,99881,100,100054,100,99877,100,100055,100,99871,100
2019-06-28 09:35:25.073670631,99971,188,99949,188,99974,185,99948,185,99995,285,99940,185,100011,100,99935,100,100018,100,99934,100,100042,100,99922,100,100045,100,99890,100,100052,100,99881,100,100054,100,99877,100,100055,100,99871,100
2019-06-28 09:35:30.000000000,99971,164,99949,164,99974,164,99948,164,99995,264,99940,164,100011,164,99935,164,100018,100,99934,100,100042,100,99922,100,100045,100,99890,100,100052,100,99881,100,100054,100,99877,100,100055,100,99871,100
2019-06-28 09:35:35.060320023,99971,164,99949,164,99974,164,99948,164,99995,264,99940,164,100011,164,99935,164,100018,100,99934,100,100042,100,99922,100,100045,100,99890,100,100052,100,99881,100,100054,100,99877,100,100055,100,99871,100
2019-06-28 09:35:40.000000000,99971,164,99949,164,99974,164,99948,164,99995,264,99940,164,100011,164,99935,164,100018,100,99934,100,100042,100,99922,100,100045,100,99890,100,100052,100,99881,100,100054,100,99877,100,100055,100,99871,100
2019-06-28 09:35:50.000000000,99971,358,99949,358,99974,100,99948,100,99995,200,99940,100,100011,100,99935,100,100018,100,99934,100,100042,100,99922,100,100045,100,99890,100,100052,100,99881,100,100054,100,99877,100,100055,100,99871,100
2019-06-28 09:36:00.000000000,99971,152,99949,152,99974,152,99948,152,99995,252,99940,152,100011,152,99935,152,100018,152,99934,152,100042,100,99922,100,100045,100,99890,100,100052,100,99881,100,100054,100,99877,100,100055,100,99871,100
2019-06-28 09:36:10.000000000,99971,164,99949,164,99974,164,99948,164,99995,264,99940,164,100011,164,99935,164,100018,100,99934,100,100042,100,99922,100,100045,100,99890,100,100052,100,99881,100,100054,100,99877,100,100055,100,99871,100
2019-06-28 09:36:20.000000000,99971,164,99949,164,99974,164,99948,164,99995,264,99940,164,100011,164,99935,164,100018,100,99934,100,100042,100,99922,100,100045,100,99890,100,100052,100,99881,100,100054,100,99877,100,100055,100,99871,100
2019-06-28 09:36:30.000000000,99971,188,99949,188,99974,185,99948,185,99995,285,99940,185,100011,100,99935,100,100018,100,99934,100,100042,100,99922,100,100045,100,99890,100,100052,100,99881,100,100054,100,99877,100,100055,100,99871,100
2019-06-28 09:36:40.000000000,99971,164,99949,164,99974,164,99948,164,99995,264,99940,164,100011,164,99935,164,100018,100,99934,100,100042,100,99922,100,100045,100,99890,100,100052,100,99881,100,100054,100,99877,100,100055,100,99871,100
2019-06-28 09:36:50.000000000,99971,229,99949,229,99974,229,99948,229,99995,200,99940,100,100011,100,99935,100,100018,100,99934,100,100042,100,99922,100,100045,100,99890,100,100052,100,99881,100,100054,100,99877,100,100055,100,99871,100
2019-06-28 09:36:52.230834886,99971,229,99949,229,99974,129,99948,229,99995,200,99940,100,100011,100,99935,100,100018,100,99934,100,100042,100,99922,100,100045,100,99890,100,100052,100,99881,100,100054,100,99877,100,100055,100,99871,100
2019-06-28 09:36:57.127686736,99971,329,99949,229,99974,129,99948,229,99995,200,99940,100,100011,100,99935,100,100018,100,99934,100,100042,100,99922,100,100045,100,99890,100,100052,100,99881,100,100054,100,99877,100,100055,100,99871,100
2019-06-28 09:36:59.784061060,99971,429,99949,229,99974,129,99948,229,99995,200,99940,100,100011,100,99935,100,100018,100,99934,100,100042,100,99922,100,100045,100,99890,100,100052,100,99881,100,100054,100,99877,100,100055,100,99871,100
2019-06-28 09:37:00.000000000,99971,352,99949,152,99995,252,99948,152,100011,152,99940,152,100018,152,99935,152,100042,152,99934,152,100045,100,99922,100,100052,100,99890,100,100054,100,99881,100,100055,100,99877,100,100058,100,99871,100
2019-06-28 09:37:10.000000000,99971,364,99949,164,99995,264,99948,164,100011,164,99940,164,100018,164,99935,164,100042,100,99934,100,100045,100,99922,100,100052,100,99890,100,100054,100,99881,100,100055,100,99877,100,100058,100,99871,100
2019-06-28 09:37:18.705316316,99971,464,99949,164,99995,264,99948,164,100011,164,99940,164,100018,164,99935,164,100042,100,99934,100,100045,100,99922,100,100052,100,99890,100,100054,100,99881,100,100055,100,99877,100,100058,100,99871,100
2019-06-28 09:37:20.000000000,99971,464,99949,164,99995,264,99948,164,100011,164,99940,164,100018,164,99935,164,100042,100,99934,100,100045,100,99922,100,100052,100,99890,100,100054,100,99881,100,100055,100,99877,100,100058,100,99871,100
2019-06-28 09:37:30.000000000,99971,464,99949,164,99995,264,99948,164,100011,164,99940,164,100018,164,99935,164,100042,100,99934,100,100045,100,99922,100,100052,100,99890,100,100054,100,99881,100,100055,100,99877,100,100058,100,99871,100
2019-06-28 09:37:31.945835198,99971,464,99949,164,99995,264,99948,164,100011,164,99940,164,100018,164,99935,164,100042,100,99934,100,100045,100,99922,100,100054,100,99890,100,100055,100,99881,100,100058,100,99877,100,100072,100,99871,100
2019-06-28 09:37:32.978217637,99971,464,99949,164,99995,264,99948,164,100011,164,99940,164,100018,164,99935,164,100042,100,99934,100,100045,100,99922,100,100054,100,99890,100,100055,100,99881,100,100058,100,99877,100,100072,100,99871,100
2019-06-28 09:37:40.000000000,99971,464,99949,164,99995,264,99948,164,100011,164,99940,164,100018,164,99935,164,100042,100,99934,100,100045,100,99922,100,100054,100,99890,100,100055,100,99881,100,100058,100,99877,100,100072,100,99871,100
2019-06-28 09:37:41.060402144,99971,564,99949,164,99995,264,99948,164,100011,164,99940,164,100018,164,99935,164,100042,100,99934,100,100045,100,99922,100,100054,100,99890,100,100055,100,99881,100,100058,100,99877,100,100072,100,99871,100
2019-06-28 09:37:43.863976469,99971,564,99949,64,99995,264,99948,164,100011,164,99940,164,100018,164,99935,164,100042,100,99934,100,100045,100,99922,100,100054,100,99890,100,100055,100,99881,100,100058,100,99877,100,100072,100,99871,100
2019-06-28 09:37:45.197838100,99971,564,99949,64,99995,164,99948,164,100011,164,99940,164,100018,164,99935,164,100042,100,99934,100,100045,100,99922,100,100054,100,99890,100,100055,100,99881,100,100058,100,99877,100,100072,100,99871,100
2019-06-28 09:37:50.000000000,99971,552,99948,152,99995,152,99940,152,100011,152,99935,152,100018,152,99934,152,100042,152,99922,152,100045,100,99890,100,100054,100,99881,100,100055,100,99877,100,100058,100,99871,100,100072,100,99842,100
2019-06-28 09:37:58.054524464,99971,552,99948,152,99995,152,99940,152,100011,152,99935,152,100018,152,99934,152,100042,52,99922,152,100045,100,99890,100,100054,100,99881,100,100055,100,99877,100,100058,100,99871,100,100072,100,99842,100
2019-06-28 09:38:00.000000000,99971,588,99948,188,99995,185,99940,185,100011,185,99935,185,100018,100,99934,100,100045,100,99922,100,100054,100,99890,100,100055,100,99881,100,100058,100,99877,100,100072,100,99871,100,100077,100,99842,100
2019-06-28 09:38:10.000000000,99971,758,99948,358,99995,100,99940,100,100011,100,99935,100,100018,100,99934,100,100045,100,99922,100,100054,100,99890,100,100055,100,99881,100,100058,100,99877,100,100072,100,99871,100,100077,100,99842,100
2019-06-28 09:38:20.000000000,99971,552,99948,152,99995,152,99940,152,100011,152,99935,152,100018,152,99934,152,100045,152,99922,152,100054,100,99890,100,100055,100,99881,100,100058,100,99877,100,100072,100,99871,100,100077,100,99842,100
2019-06-28 09:38:27.900332983,99971,552,99948,152,99995,152,99940,152,100011,152,99935,152,100018,152,99934,152,100045,52,99922,152,100054,100,99890,100,100055,100,99881,100,100058,100,99877,100,100072,100,99871,100,100077,100,99842,100
2019-06-28 09:38:30.000000000,99971,629,99948,229,99995,229,99940,229,100011,100,99935,100,100018,100,99934,100,100054,100,99922,100,100055,100,99890,100,100058,100,99881,100,100072,100,99877,100,100077,100,99871,100,100116,100,99842,100
2019-06-28 09:38:39.607223265,99971,629,99948,129,99995,229,99940,229,100011,100,99935,100,100018,100,99934,100,100054,100,99922,100,100055,100,99890,100,100058,100,99881,100,100072,100,99877,100,100077,100,99871,100,100116,100,99842,100
2019-06-28 09:38:40.000000000,99971,552,99940,152,99995,152,99935,152,100011,152,99934,152,100018,152,99922,152,100054,152,99890,152,100055,100,99881,100,100058,100,99877,100,100072,100,99871,100,100077,100,99842,100,100116,100,99724,100
2019-06-28 09:38:50.000000000,99971,758,99940,358,99995,100,99935,100,100011,100,99934,100,100018,100,99922,100,100054,100,99890,100,100055,100,99881,100,100058,100,99877,100,100072,100,99871,100,100077,100,99842,100,100116,100,99724,100
2019-06-28 09:38:58.132567274,99971,758,99940,358,99995,100,99935,100,100011,100,99934,100,100018,100,99922,100,100054,100,99890,100,100055,100,99881,100,100058,100,99877,100,100072,100,99871,100,100077,100,99842,100,100116,100,99724,100
2019-06-28 09:39:00.000000000,99971,629,99940,229,99995,229,99935,229,100011,100,99934,100,100018,100,99922,100,100054,100,99890,100,100055,100,99881,100,100058,100,99877,100,100072,100,99871,100,100077,100,99842,100,100116,100,99724,100
2019-06-28 09:39:10.000000000,99971,758,99940,358,99995,100,99935,100,100011,100,99934,100,100018,100,99922,100,100054,100,99890,100,100055,100,99881,100,100058,100,99877,100,100072,100,99871,100,100077,100,99842,100,100116,100,99724,100
2019-06-28 09:39:20.000000000,99971,629,99940,229,99995,229,99935,229,100011,100,99934,100,100018,100,99922,100,100054,100,99890,100,100055,100,99881,100,100058,100,99877,100,100072,100,99871,100,100077,100,99842,100,100116,100,99724,100
2019-06-28 09:39:29.234956582,99971,629,99940,129,99995,229,99935,229,100011,100,99934,100,100018,100,99922,100,100054,100,99890,100,100055,100,99881,100,100058,100,99877,100,100072,100,99871,100,100077,100,99842,100,100116,100,99724,100
2019-06-28 09:39:29.781582212,99971,629,99940,129,99995,229,99935,229,100011,100,99934,100,100018,100,99922,100,100054,100,99890,100,100055,100,99881,100,100058,100,99877,100,100072,100,99871,100,100077,100,99842,100,100116,100,99724,100
2019-06-28 09:39:30.000000000,99971,588,99935,188,99995,185,99934,185,100011,185,99922,185,100018,100,99890,100,100054,100,99881,100,100055,100,99877,100,100058,100,99871,100,100072,100,99842,100,100077,100,99724,100,100116,100,99651,100
2019-06-28 09:39:30.834520261,99971,588,99935,88,99995,185,99934,185,100011,185,99922,185,100018,100,99890,100,100054,100,99881,100,100055,100,99877,100,100058,100,99871,100,100072,100,99842,100,100077,100,99724,100,100116,100,99651,100
2019-06-28 09:39:40.000000000,99971,552,99934,152,99995,152,99922,152,100011,152,99890,152,100018,152,99881,152,100054,152,99877,152,100055,100,99871,100,100058,100,99842,100,100072,100,99724,100,100077,100,99651,100,100116,100,99561,100
2019-06-28 09:39:46.412463899,99971,552,99934,52,99995,152,99922,152,100011,152,99890,152,100018,152,99881,52,100054,152,99877,152,100055,100,99871,100,100058,100,99842,100,100072,100,99724,100,100077,100,99651,100,100116,100,99561,100
2019-06-28 09:39:50.000000000,99971,564,99922,164,99995,164,99890,164,100011,164,99877,164,100018,164,99871,164,100054,100,99842,100,100055,100,99724,100,100058,100,99651,100,100072,100,99561,100,100077,100,99496,100,100116,100,99419,100
2019-06-28 09:39:52.100159317,99971,564,99922,164,99995,164,99890,164,100011,164,99877,164,100018,164,99871,164,100054,100,99842,100,100055,100,99724,100,100058,100,99651,100,100072,100,99561,100,100077,100,99501,100,100116,100,99496,100
2019-06-28 09:40:00.000000000,99971,629,99922,229,99995,229,99890,229,100011,100,99877,100,100018,100,99871,100,100054,100,99842,100,100055,100,99724,100,100058,100,99651,100,100072,100,99561,100,100077,100,99501,100,100116,100,99496,100
2019-06-28 09:40:10.000000000,99971,758,99922,358,99995,100,99890,100,100011,100,99877,100,100018,100,99871,100,100054,100,99842,100,100055,100,99724,100,100058,100,99651,100,100072,100,99561,100,100077,100,99501,100,100116,100,99496,100
2019-06-28 09:40:14.910151059,99971,758,99922,358,99995,100,99890,100,100018,100,99877,100,100054,100,99871,100,100055,100,99842,100,100058,100,99724,100,100072,100,99651,100,100077,100,99561,100,100116,100,99501,100,100126,100,99496,100
2019-06-28 09:40:20.000000000,99971,588,99922,188,99995,185,99890,185,100018,185,99877,185,100054,100,99871,100,100055,100,99842,100,100058,100,99724,100,100072,100,99651,100,100077,100,99561,100,100116,100,99501,100,100126,100,99496,100
2019-06-28 09:40:30.000000000,99971,758,99922,358,99995,100,99890,100,100018,100,99877,100,100054,100,99871,100,100055,100,99842,100,100058,100,99724,100,100072,100,99651,100,100077,100,99561,100,100116,100,99501,100,100126,100,99496,100
2019-06-28 09:40:40.000000000,99971,588,99922,188,99995,185,99890,185,100018,185,99877,185,100054,100,99871,100,100055,100,99842,100,100058,100,99724,100,100072,100,99651,100,100077,100,99561,100,100116,100,99501,100,100126,100,99496,100
2019-06-28 09:40:40.891690939,99971,588,99922,188,99995,185,99890,185,100018,185,99877,185,100054,100,99871,100,100055,100,99858,100,100058,100,99842,100,100072,100,99724,100,100077,100,99651,100,100116,100,99561,100,100126,100,99501,100
2019-06-28 09:40:50.000000000,99971,758,99922,358,99995,100,99890,100,100018,100,99877,100,100054,100,99871,100,100055,100,99858,100,100058,100,99842,100,100072,100,99724,100,100077,100,99651,100,100116,100,99561,100,100126,100,99501,100
2019-06-28 09:40:53.907521917,99935,100,99922,358,99971,758,99890,100,99995,100,99877,100,100018,100,99871,100,100054,100,99858,100,100055,100,99842,100,100058,100,99724,100,100072,100,99651,100,100077,100,99561,100,100116,100,99501,100
2019-06-28 09:41:00.000000000,99935,358,99922,358,99971,500,99890,100,99995,100,99877,100,100018,100,99871,100,100054,100,99858,100,100055,100,99842,100,100058,100,99724,100,100072,100,99651,100,100077,100,99561,100,100116,100,99501,100
2019-06-28 09:41:04.333681713,99935,458,99922,358,99971,500,99890,100,99995,100,99877,100,100018,100,99871,100,100054,100,99858,100,100055,100,99842,100,100058,100,99724,100,100072,100,99651,100,100077,100,99561,100,100116,100,99501,100
2019-06-28 09:41:05.948517946,99935,458,99922,358,99971,500,99890,100,99995,100,99877,100,100018,100,99871,100,100054,100,99858,100,100055,100,99842,100,100058,100,99724,100,100072,100,99651,100,100077,100,99561,100,100116,100,99501,100
2019-06-28 09:41:10.000000000,99935,329,99922,229,99971,629,99890,229,99995,100,99877,100,100018,100,99871,100,100054,100,99858,100,100055,100,99842,100,100058,100,99724,100,100072,100,99651,100,100077,100,99561,100,100116,100,99501,100
2019-06-28 09:41:20.000000000,99935,458,99922,358,99971,500,99890,100,99995,100,99877,100,100018,100,99871,100,100054,100,99858,100,100055,100,99842,100,100058,100,99724,100,100072,100,99651,100,100077,100,99561,100,100116,100,99501,100
2019-06-28 09:41:30.000000000,99935,252,99922,152,99971,552,99890,152,99995,152,99877,152,100018,152,99871,152,100054,152,99858,152,100055,100,99842,100,100058,100,99724,100,100072,100,99651,100,100077,100,99561,100,100116,100,99501,100
2019-06-28 09:41:40.000000000,99935,288,99922,188,99971,585,99890,185,99995,185,99877,185,100018,100,99871,100,100054,100,99858,100,100055,100,99842,100,100058,100,99724,100,100072,100,99651,100,100077,100,99561,100,100116,100,99501,100
2019-06-28 09:41:50.000000000,99935,329,99922,229,99971,629,99890,229,99995,100,99877,100,100018,100,99871,100,100054,100,99858,100,100055,100,99842,100,100058,100,99724,100,100072,100,99651,100,100077,100,99561,100,100116,100,99501,100
2019-06-28 09:41:52.045019112,99935,329,99922,129,99971,629,99890,229,99995,100,99877,100,100018,100,99871,100,100054,100,99858,100,100055,100,99842,100,100058,100,99724,100,100072,100,99651,100,100077,100,99561,100,100116,100,99501,100
2019-06-28 09:41:54.351337574,99935,329,99922,129,99971,629,99890,229,99995,100,99877,100,100018,100,99871,100,100054,100,99858,100,100058,100,99842,100,100072,100,99724,100,100077,100,99651,100,100116,100,99628,100,100126,100,99561,100
2019-06-28 09:42:00.000000000,99935,288,99890,188,99971,585,99877,185,99995,185,99871,185,100018,100,99858,100,100054,100,99842,100,100058,100,99724,100,100072,100,99651,100,100077,100,99628,100,100116,100,99561,100,100126,100,99501,100
2019-06-28 09:42:03.176562048,99928,100,99890,188,99935,288,99877,185,99971,585,99871,185,99995,185,99858,100,100018,100,99842,100,100054,100,99724,100,100058,100,99651,100,100072,100,99628,100,100077,100,99561,100,100116,100,99465,100
2019-06-28 09:42:07.423996697,99928,100,99890,188,99935,188,99877,185,99971,585,99871,185,99995,185,99858,100,100018,100,99842,100,100054,100,99724,100,100058,100,99651,100,100072,100,99628,100,100077,100,99561,100,100116,100,99465,100
2019-06-28 09:42:10.000000000,99928,229,99890,229,99935,229,99877,229,99971,500,99871,100,99995,100,99858,100,100018,100,99842,100,100054,100,99724,100,100058,100,99651,100,100072,100,99628,100,100077,100,99561,100,100116,100,99465,100
2019-06-28 09:42:20.000000000,99928,188,99890,188,99935,185,99877,185,99971,585,99871,185,99995,100,99858,100,100018,100,99842,100,100054,100,99724,100,100058,100,99651,100,100072,100,99628,100,100077,100,99561,100,100116,100,99465,100
2019-06-28 09:42:24.896834776,99928,188,99890,188,99934,100,99877,185,99935,185,99871,185,99971,585,99858,100,99995,100,99842,100,100018,100,99724,100,100054,100,99651,100,100058,100,99628,100,100072,100,99561,100,100077,100,99465,100
2019-06-28 09:42:30.000000000,99928,152,99890,152,99934,152,99877,152,99935,152,99871,152,99971,552,99858,152,99995,152,99842,152,100018,100,99724,100,100054,100,99651,100,100058,100,99628,100,100072,100,99561,100,100077,100,99465,100
2019-06-28 09:42:32.549168799,99928,152,99890,152,99934,252,99877,152,99935,152,99871,152,99971,552,99858,152,99995,152,99842,152,100018,100,99724,100,100054,100,99651,100,100058,100,99628,100,100072,100,99561,100,100077,100,99465,100
2019-06-28 09:42:40.000000000,99928,188,99890,188,99934,285,99877,185,99935,185,99871,185,99971,500,99858,100,99995,100,99842,100,100018,100,99724,100,100054,100,99651,100,100058,100,99628,100,100072,100,99561,100,100077,100,99465,100
2019-06-28 09:42:50.000000000,99928,229,99890,229,99934,329,99877,229,99935,100,99871,100,99971,500,99858,100,99995,100,99842,100,100018,100,99724,100,100054,100,99651,100,100058,100,99628,100,100072,100,99561,100,100077,100,99465,100
2019-06-28 09:42:52.836385921,99928,229,99896,100,99934,329,99890,229,99935,100,99877,229,99971,500,99871,100,99995,100,99858,100,100018,100,99842,100,100054,100,99724,100,100058,100,99651,100,100072,100,99628,100,100077,100,99561,100
2019-06-28 09:43:00.000000000,99928,358,99896,358,99934,200,99890,100,99935,100,99877,100,99971,500,99871,100,99995,100,99858,100,100018,100,99842,100,100054,100,99724,100,100058,100,99651,100,100072,100,99628,100,100077,100,99561,100
2019-06-28 09:43:10.000000000,99928,358,99896,358,99934,200,99890,100,99935,100,99877,100,99971,500,99871,100,99995,100,99858,100,100018,100,99842,100,100054,100,99724,100,100058,100,99651,100,100072,100,99628,100,100077,100,99561,100
2019-06-28 09:43:20.000000000,99928,229,99896,229,99934,329,99890,229,99935,100,99877,100,99971,500,99871,100,99995,100,99858,100,100018,100,99842,100,100054,100,99724,100,100058,100,99651,100,100072,100,99628,100,100077,100,99561,100
2019-06-28 09:43:30.000000000,99928,152,99896,152,99934,252,99890,152,99935,152,99877,152,99971,552,99871,152,99995,152,99858,152,100018,100,99842,100,100054,100,99724,100,100058,100,99651,100,100072,100,99628,100,100077,100,99561,100
2019-06-28 09:43:40.000000000,99928,358,99896,358,99934,200,99890,100,99935,100,99877,100,99971,500,99871,100,99995,100,99858,100,100018,100,99842,100,100054,100,99724,100,100058,100,99651,100,100072,100,99628,100,100077,100,99561,100
2019-06-28 09:43:41.634759049,99928,258,99896,358,99934,200,99890,100,99935,100,99877,100,99971,500,99871,100,99995,100,99858,100,100018,100,99842,100,100054,100,99724,100,100058,100,99651,100,100072,100,99628,100,100116,100,99561,100
2019-06-28 09:43:50.000000000,99934,288,99896,188,99935,185,99890,185,99971,585,99877,185,99995,100,99871,100,100018,100,99858,100,100054,100,99842,100,100058,100,99724,100,100072,100,99651,100,100116,100,99628,100,100126,100,99561,100
2019-06-28 09:43:53.157307041,99934,288,99896,188,99935,85,99890,185,99971,585,99877,185,99995,100,99871,100,100018,100,99858,100,100054,100,99842,100,100058,100,99724,100,100072,100,99651,100,100116,100,99628,100,100126,100,99561,100
2019-06-28 09:44:00.000000000,99934,264,99896,164,99971,564,99890,164,99995,164,99877,164,100018,164,99871,164,100054,100,99858,100,100058,100,99842,100,100072,100,99724,100,100116,100,99651,100,100126,100,99628,100,100137,100,99561,100
2019-06-28 09:44:10.000000000,99934,458,99896,358,99971,500,99890,100,99995,100,99877,100,100018,100,99871,100,100054,100,99858,100,100058,100,99842,100,100072,100,99724,100,100116,100,99651,100,100126,100,99628,100,100137,100,99561,100
2019-06-28 09:44:11.544974081,99934,458,99896,358,99971,500,99890,100,99995,100,99877,100,100018,100,99858,100,100054,100,99842,100,100058,100,99724,100,100072,100,99651,100,100116,100,99628,100,100126,100,99561,100,100137,100,99465,100
2019-06-28 09:44:20.000000000,99934,288,99896,188,99971,585,99890,185,99995,185,99877,185,100018,100,99858,100,100054,100,99842,100,100058,100,99724,100,100072,100,99651,100,100116,100,99628,100,100126,100,99561,100,100137,100,99465,100
2019-06-28 09:44:22.721632632,99934,288,99896,188,99971,585,99890,185,99995,185,99877,185,100018,100,99858,100,100046,100,99842,100,100054,100,99724,100,100058,100,99651,100,100072,100,99628,100,100116,100,99561,100,100126,100,99465,100
2019-06-28 09:44:23.598150584,99934,288,99923,100,99971,585,99896,188,99995,185,99890,185,100018,100,99877,185,100046,100,99858,100,100054,100,99842,100,100058,100,99724,100,100072,100,99651,100,100116,100,99628,100,100126,100,99561,100
2019-06-28 09:44:30.000000000,99934,252,99923,152,99971,552,99896,152,99995,152,99890,152,100018,152,99877,152,100046,152,99858,152,100054,100,99842,100,100058,100,99724,100,100072,100,99651,100,100116,100,99628,100,100126,100,99561,100
2019-06-28 09:44:40.000000000,99934,458,99923,358,99971,500,99896,100,99995,100,99890,100,100018,100,99877,100,100046,100,99858,100,100054,100,99842,100,100058,100,99724,100,100072,100,99651,100,100116,100,99628,100,100126,100,99561,100
2019-06-28 09:44:50.000000000,99934,329,99923,229,99971,629,99896,229,99995,100,99890,100,100018,100,99877,100,100046,100,99858,100,100054,100,99842,100,100058,100,99724,100,100072,100,99651,100,100116,100,99628,100,100126,100,99561,100
2019-06-28 09:45:00.000000000,99934,264,99923,164,99971,564,99896,164,99995,164,99890,164,100018,164,99877,164,100046,100,99858,100,100054,100,99842,100,100058,100,99724,100,100072,100,99651,100,100116,100,99628,100,100126,100,99561,100
2019-06-28 09:45:10.000000000,99934,288,99923,188,99971,585,99896,185,99995,185,99890,185,100018,100,99877,100,100046,100,99858,100,100054,100,99842,100,100058,100,99724,100,100072,100,99651,100,100116,100,99628,100,100126,100,99561,100
2019-06-28 09:45:12.502184897,99934,188,99923,188,99971,585,99896,185,99995,185,99890,185,100018,100,99877,100,100046,100,99858,100,100054,100,99842,100,100058,100,99724,100,100072,100,99651,100,100116,100,99628,100,100126,100,99561,100
2019-06-28 09:45:20.000000000,99934,188,99923,188,99971,585,99896,185,99995,185,99890,185,100018,100,99877,100,100046,100,99858,100,100054,100,99842,100,100058,100,99724,100,100072,100,99651,100,100116,100,99628,100,100126,100,99561,100
2019-06-28 09:45:30.000000000,99934,229,99923,229,99971,629,99896,229,99995,100,99890,100,100018,100,99877,100,100046,100,99858,100,100054,100,99842,100,100058,100,99724,100,100072,100,99651,100,100116,100,99628,100,100126,100,99561,100
2019-06-28 09:45:33.831363893,99934,229,99923,229,99971,629,99896,229,99995,100,99890,100,100018,100,99877,100,100046,100,99858,100,100054,100,99842,100,100058,100,99724,100,100072,100,99651,100,100116,100,99628,100,100126,100,99561,100
2019-06-28 09:45:39.935802310,99934,129,99923,229,99971,629,99896,229,99995,100,99890,100,100018,100,99877,100,100046,100,99858,100,100054,100,99842,100,100058,100,99724,100,100072,100,99651,100,100116,100,99628,100,100126,100,99561,100
2019-06-28 09:45:40.000000000,99971,629,99923,229,99995,229,99896,229,100018,100,99890,100,100046,100,99877,100,100054,100,99858,100,100058,100,99842,100,100072,100,99724,100,100116,100,99651,100,100126,100,99628,100,100137,100,99561,100
2019-06-28 09:45:49.676881314,99971,629,99923,229,99995,229,99896,229,100018,100,99890,100,100046,100,99877,100,100054,100,99842,100,100058,100,99724,100,100072,100,99651,100,100116,100,99628,100,100126,100,99561,100,100137,100,99465,100
2019-06-28 09:45:50.000000000,99971,588,99923,188,99995,185,99896,185,100018,185,99890,185,100046,100,99877,100,100054,100,99842,100,100058,100,99724,100,100072,100,99651,100,100116,100,99628,100,100126,100,99561,100,100137,100,99465,100
2019-06-28 09:45:56.684881078,99971,588,99923,188,99995,185,99896,185,100018,185,99890,185,100046,100,99877,100,100054,100,99842,100,100058,100,99724,100,100072,100,99651,100,100116,100,99628,100,100126,100,99561,100,100137,100,99465,100
2019-06-28 09:46:00.000000000,99971,552,99923,152,99995,152,99896,152,100018,152,99890,152,100046,152,99877,152,100054,152,99842,152,100058,100,99724,100,100072,100,99651,100,100116,100,99628,100,100126,100,99561,100,100137,100,99465,100
2019-06-28 09:46:04.586919401,99971,552,99923,152,99995,152,99896,152,100018,152,99890,152,100046,52,99877,152,100054,152,99842,152,100058,100,99724,100,100072,100,99651,100,100116,100,99628,100,100126,100,99561,100,100137,100,99465,100
2019-06-28 09:46:10.000000000,99971,564,99923,164,99995,164,99896,164,100018,164,99890,164,100054,164,99877,164,100058,100,99842,100,100072,100,99724,100,100116,100,99651,100,100126,100,99628,100,100137,100,99561,100,100155,200,99465,100
2019-06-28 09:46:19.228858822,99971,464,99923,164,99995,164,99896,164,100018,164,99890,64,100054,164,99877,164,100058,100,99842,100,100072,100,99724,100,100116,100,99651,100,100126,100,99628,100,100137,100,99561,100,100155,200,99465,100
2019-06-28 09:46:20.000000000,99971,464,99923,164,99995,164,99896,164,100018,164,99877,164,100054,164,99842,164,100058,100,99724,100,100072,100,99651,100,100116,100,99628,100,100126,100,99561,100,100137,100,99465,100,100155,200,99356,100
2019-06-28 09:46:30.000000000,99971,658,99923,358,99995,100,99896,100,100018,100,99877,100,100054,100,99842,100,100058,100,99724,100,100072,100,99651,100,100116,100,99628,100,100126,100,99561,100,100137,100,99465,100,100155,200,99356,100
2019-06-28 09:46:37.951907459,99971,558,99934,100,99995,100,99923,358,100018,100,99896,100,100054,100,99877,100,100058,100,99842,100,100072,100,99724,100,100116,100,99651,100,100126,100,99628,100,100137,100,99561,100,100155,200,99465,100
2019-06-28 09:46:40.000000000,99971,352,99934,152,99995,152,99923,152,100018,152,99896,152,100054,152,99877,152,100058,152,99842,152,100072,100,99724,100,100116,100,99651,100,100126,100,99628,100,100137,100,99561,100,100155,200,99465,100
2019-06-28 09:46:50.000000000,99971,388,99934,188,99995,185,99923,185,100018,185,99896,185,100054,100,99877,100,100058,100,99842,100,100072,100,99724,100,100116,100,99651,100,100126,100,99628,100,100137,100,99561,100,100155,200,99465,100
2019-06-28 09:47:00.000000000,99971,558,99934,358,99995,100,99923,100,100018,100,99896,100,100054,100,99877,100,100058,100,99842,100,100072,100,99724,100,100116,100,99651,100,100126,100,99628,100,100137,100,99561,100,100155,200,99465,100
2019-06-28 09:47:04.721202709,99971,458,99934,358,99995,100,99923,100,100018,100,99896,100,100054,100,99877,100,100058,100,99842,100,100072,100,99724,100,100116,100,99651,100,100137,100,99628,100,100155,200,99561,100,100167,100,99465,100
2019-06-28 09:47:06.183347997,99971,358,99934,358,99995,100,99923,100,100018,100,99877,100,100054,100,99842,100,100058,100,99724,100,100072,100,99651,100,100116,100,99628,100,100137,100,99561,100,100155,200,99465,100,100167,100,99356,100
2019-06-28 09:47:10.000000000,99971,152,99934,152,99995,152,99923,152,100018,152,99877,152,100054,152,99842,152,100058,152,99724,152,100072,100,99651,100,100116,100,99628,100,100137,100,99561,100,100155,200,99465,100,100167,100,99356,100
2019-06-28 09:47:15.237717963,99971,52,99934,152,99995,152,99923,152,100018,152,99877,152,100054,152,99842,152,100058,152,99724,152,100072,100,99651,100,100116,100,99628,100,100137,100,99561,100,100155,200,99356,100,100167,100,99349,100
2019-06-28 09:47:20.000000000,99995,188,99934,188,100018,185,99923,185,100054,185,99877,185,100058,100,99842,100,100072,100,99724,100,100116,100,99651,100,100137,100,99628,100,100155,200,99561,100,100167,100,99356,100,100219,100,99349,100
2019-06-28 09:47:30.000000000,99995,152,99934,152,100018,152,99923,152,100054,152,99877,152,100058,152,99842,152,100072,152,99724,152,100116,100,99651,100,100137,100,99628,100,100155,200,99561,100,100167,100,99356,100,100219,100,99349,100
2019-06-28 09:47:40.000000000,99995,188,99934,188,100018,185,99923,185,100054,185,99877,185,100058,100,99842,100,100072,100,99724,100,100116,100,99651,100,100137,100,99628,100,100155,200,99561,100,100167,100,99356,100,100219,100,99349,100
2019-06-28 09:47:50.000000000,99995,188,99934,188,100018,185,99923,185,100054,185,99877,185,100058,100,99842,100,100072,100,99724,100,100116,100,99651,100,100137,100,99628,100,100155,200,99561,100,100167,100,99356,100,100219,100,99349,100
2019-06-28 09:47:57.743720341,99995,188,99934,188,100018,185,99923,185,100054,185,99877,185,100058,100,99842,100,100072,100,99724,100,100116,100,99651,100,100137,100,99628,100,100155,100,99561,100,100167,100,99356,100,100219,100,99349,100
2019-06-28 09:48:00.000000000,99995,188,99934,188,100018,185,99923,185,100054,185,99877,185,100058,100,99842,100,100072,100,99724,100,100116,100,99651,100,100137,100,99628,100,100155,100,99561,100,100167,100,99356,100,100219,100,99349,100
2019-06-28 09:48:08.421517582,99995,188,99971,100,100018,185,99934,188,100054,185,99923,185,100058,100,99877,185,100072,100,99842,100,100116,100,99724,100,100137,100,99651,100,100155,100,99628,100,100167,100,99561,100,100219,100,99356,100
2019-06-28 09:48:10.000000000,99995,188,99971,188,100018,185,99934,185,100054,185,99923,185,100058,100,99877,100,100072,100,99842,100,100116,100,99724,100,100137,100,99651,100,100155,100,99628,100,100167,100,99561,100,100219,100,99356,100
2019-06-28 09:48:18.642500065,99995,188,99971,188,100018,185,99934,185,100054,185,99923,185,100058,100,99877,100,100072,100,99842,100,100116,100,99724,100,100137,100,99651,100,100155,100,99628,100,100167,100,99561,100,100219,100,99356,100
2019-06-28 09:48:20.000000000,99995,358,99971,358,100018,100,99934,100,100054,100,99923,100,100058,100,99877,100,100072,100,99842,100,100116,100,99724,100,100137,100,99651,100,100155,100,99628,100,100167,100,99561,100,100219,100,99356,100
2019-06-28 09:48:30.000000000,99995,229,99971,229,100018,229,99934,229,100054,100,99923,100,100058,100,99877,100,100072,100,99842,100,100116,100,99724,100,100137,100,99651,100,100155,100,99628,100,100167,100,99561,100,100219,100,99356,100
2019-06-28 09:48:40.000000000,99995,152,99971,152,100018,152,99934,152,100054,152,99923,152,100058,152,99877,152,100072,152,99842,152,100116,100,99724,100,100137,100,99651,100,100155,100,99628,100,100167,100,99561,100,100219,100,99356,100
2019-06-28 09:48:41.936377019,99995,152,99971,252,100018,152,99934,152,100054,152,99923,152,100058,152,99877,152,100072,152,99842,152,100116,100,99724,100,100137,100,99651,100,100155,100,99628,100,100167,100,99561,100,100219,100,99356,100
2019-06-28 09:48:47.337288296,99995,152,99971,352,100018,152,99934,152,100054,152,99923,152,100058,152,99877,152,100072,152,99842,152,100116,100,99724,100,100137,100,99651,100,100155,100,99628,100,100167,100,99561,100,100219,100,99356,100
2019-06-28 09:48:50.000000000,99995,188,99971,388,100018,185,99934,185,100054,185,99923,185,100058,100,99877,100,100072,100,99842,100,100116,100,99724,100,100137,100,99651,100,100155,100,99628,100,100167,100,99561,100,100219,100,99356,100
2019-06-28 09:49:00.000000000,99995,164,99971,364,100018,164,99934,164,100054,164,99923,164,100058,164,99877,164,100072,100,99842,100,100116,100,99724,100,100137,100,99651,100,100155,100,99628,100,100167,100,99561,100,100219,100,99356,100
2019-06-28 09:49:10.000000000,99995,188,99971,388,100018,185,99934,185,100054,185,99923,185,100058,100,99877,100,100072,100,99842,100,100116,100,99724,100,100137,100,99651,100,100155,100,99628,100,100167,100,99561,100,100219,100,99356,100
2019-06-28 09:49:20.000000000,99995,164,99971,364,100018,164,99934,164,100054,164,99923,164,100058,164,99877,164,100072,100,99842,100,100116,100,99724,100,100137,100,99651,100,100155,100,99628,100,100167,100,99561,100,100219,100,99356,100
2019-06-28 09:49:21.760753788,99995,164,99971,364,100018,164,99934,164,100054,164,99923,164,100058,164,99877,164,100072,100,99842,100,100116,100,99724,100,100137,100,99651,100,100155,100,99628,100,100167,100,99356,100,100219,100,99349,100
2019-06-28 09:49:30.000000000,99995,358,99971,558,100018,100,99934,100,100054,100,99923,100,100058,100,99877,100,100072,100,99842,100,100116,100,99724,100,100137,100,99651,100,100155,100,99628,100,100167,100,99356,100,100219,100,99349,100
2019-06-28 09:49:40.000000000,99995,229,99971,429,100018,229,99934,229,100054,100,99923,100,100058,100,99877,100,100072,100,99842,100,100116,100,99724,100,100137,100,99651,100,100155,100,99628,100,100167,100,99356,100,100219,100,99349,100
2019-06-28 09:49:42.995404730,99995,229,99971,429,100018,229,99934,229,100054,100,99923,100,100058,100,99877,100,100072,100,99842,100,100116,100,99724,100,100155,100,99651,100,100167,100,99628,100,100219,100,99356,100,100277,100,99349,100
2019-06-28 09:49:50.000000000,99995,152,99971,352,100018,152,99934,152,100054,152,99923,152,100058,152,99877,152,100072,152,99842,152,100116,100,99724,100,100155,100,99651,100,100167,100,99628,100,100219,100,99356,100,100277,100,99349,100
2019-06-28 09:50:00.000000000,99995,152,99971,352,100018,152,99934,152,100054,152,99923,152,100058,152,99877,152,100072,152,99842,152,100116,100,99724,100,100155,100,99651,100,100167,100,99628,100,100219,100,99356,100,100277,100,99349,100
2019-06-28 09:50:10.000000000,99995,188,99971,388,100018,185,99934,185,100054,185,99923,185,100058,100,99877,100,100072,100,99842,100,100116,100,99724,100,100155,100,99651,100,100167,100,99628,100,100219,100,99356,100,100277,100,99349,100
2019-06-28 09:50:17.398213163,99995,88,99971,388,100018,85,99934,185,100054,185,99923,185,100058,100,99877,100,100072,100,99842,100,100116,100,99724,100,100155,100,99651,100,100167,100,99628,100,100219,100,99356,100,100277,100,99349,100
2019-06-28 09:50:20.000000000,100054,188,99971,388,100058,185,99934,185,100072,185,99923,185,100116,100,99877,100,100155,100,99842,100,100167,100,99724,100,100219,100,99651,100,100277,100,99628,100,100440,100,99356,100,100493,100,99349,100
2019-06-28 09:50:20.025132714,100054,188,99972,100,100058,185,99971,388,100072,185,99934,185,100116,100,99923,185,100155,100,99877,100,100167,100,99842,100,100219,100,99724,100,100277,100,99651,100,100440,100,99628,100,100493,100,99356,100
2019-06-28 09:50:30.000000000,100054,188,99972,188,100058,185,99971,385,100072,185,99934,185,100116,100,99923,100,100155,100,99877,100,100167,100,99842,100,100219,100,99724,100,100277,100,99651,100,100440,100,99628,100,100493,100,99356,100
2019-06-28 09:50:40.000000000,100054,358,99972,358,100058,100,99971,300,100072,100,99934,100,100116,100,99923,100,100155,100,99877,100,100167,100,99842,100,100219,100,99724,100,100277,100,99651,100,100440,100,99628,100,100493,100,99356,100
2019-06-28 09:50:50.000000000,100054,164,99972,164,100058,164,99971,364,100072,164,99934,164,100116,164,99923,164,100155,100,99877,100,100167,100,99842,100,100219,100,99724,100,100277,100,99651,100,100440,100,99628,100,100493,100,99356,100
2019-06-28 09:51:00.000000000,100054,188,99972,188,100058,185,99971,385,100072,185,99934,185,100116,100,99923,100,100155,100,99877,100,100167,100,99842,100,100219,100,99724,100,100277,100,99651,100,100440,100,99628,100,100493,100,99356,100
2019-06-28 09:51:00.031897552,100054,88,99972,188,100058,185,99971,385,100072,185,99934,185,100116,100,99923,100,100155,100,99877,100,100167,100,99842,100,100219,100,99724,100,100277,100,99651,100,100440,100,99628,100,100493,100,99356,100
2019-06-28 09:51:02.238931870,100058,185,100054,12,100072,185,99972,188,100116,100,99971,385,100155,100,99934,185,100167,100,99923,100,100219,100,99877,100,100277,100,99842,100,100440,100,99724,100,100493,100,99651,100,100533,100,99628,100
2019-06-28 09:51:06.592408527,100058,185,100054,112,100072,185,99972,188,100116,100,99971,385,100155,100,99934,185,100167,100,99923,100,100219,100,99877,100,100277,100,99842,100,100440,100,99724,100,100493,100,99651,100,100533,100,99628,100
2019-06-28 09:51:10.000000000,100058,164,100054,176,100072,164,99972,164,100116,164,99971,364,100155,164,99934,164,100167,100,99923,100,100219,100,99877,100,100277,100,99842,100,100440,100,99724,100,100493,100,99651,100,100533,100,99628,100
2019-06-28 09:51:20.000000000,100058,152,100054,164,100072,152,99972,152,100116,152,99971,352,100155,152,99934,152,100167,152,99923,152,100219,100,99877,100,100277,100,99842,100,100440,100,99724,100,100493,100,99651,100,100533,100,99628,100
2019-06-28 09:51:20.515105028,100058,152,100054,264,100072,152,99972,152,100116,152,99971,352,100155,152,99934,152,100167,152,99923,152,100219,100,99877,100,100277,100,99842,100,100440,100,99724,100,100493,100,99651,100,100533,100,99628,100
2019-06-28 09:51:30.000000000,100058,358,100054,470,100072,100,99972,100,100116,100,99971,300,100155,100,99934,100,100167,100,99923,100,100219,100,99877,100,100277,100,99842,100,100440,100,99724,100,100493,100,99651,100,100533,100,99628,100
2019-06-28 09:51:40.000000000,100058,358,100054,470,100072,100,99972,100,100116,100,99971,300,100155,100,99934,100,100167,100,99923,100,100219,100,99877,100,100277,100,99842,100,100440,100,99724,100,100493,100,99651,100,100533,100,99628,100
2019-06-28 09:51:50.000000000,100058,152,100054,264,100072,152,99972,152,100116,152,99971,352,100155,152,99934,152,100167,152,99923,152,100219,100,99877,100,100277,100,99842,100,100440,100,99724,100,100493,100,99651,100,100533,100,99628,100
2019-06-28 09:52:00.000000000,100058,152,100054,264,100072,152,99972,152,100116,152,99971,352,100155,152,99934,152,100167,152,99923,152,100219,100,99877,100,100277,100,99842,100,100440,100,99724,100,100493,100,99651,100,100533,100,99628,100
2019-06-28 09:52:10.000000000,100058,188,100054,300,100072,185,99972,185,100116,185,99971,385,100155,100,99934,100,100167,100,99923,100,100219,100,99877,100,100277,100,99842,100,100440,100,99724,100,100493,100,99651,100,100533,100,99628,100
2019-06-28 09:52:20.000000000,100058,358,100054,470,100072,100,99972,100,100116,100,99971,300,100155,100,99934,100,100167,100,99923,100,100219,100,99877,100,100277,100,99842,100,100440,100,99724,100,100493,100,99651,100,100533,100,99628,100
2019-06-28 09:52:27.908392124,100058,358,100054,370,100072,100,99972,100,100116,100,99971,300,100155,100,99934,100,100167,100,99923,100,100219,100,99877,100,100277,100,99842,100,100440,100,99724,100,100493,100,99651,100,100533,100,99628,100
2019-06-28 09:52:30.000000000,100058,152,100054,164,100072,152,99972,152,100116,152,99971,352,100155,152,99934,152,100167,152,99923,152,100219,100,99877,100,100277,100,99842,100,100440,100,99724,100,100493,100,99651,100,100533,100,99628,100
2019-06-28 09:52:40.000000000,100058,152,100054,164,100072,152,99972,152,100116,152,99971,352,100155,152,99934,152,100167,152,99923,152,100219,100,99877,100,100277,100,99842,100,100440,100,99724,100,100493,100,99651,100,100533,100,99628,100
2019-06-28 09:52:50.000000000,100058,229,100054,241,100072,229,99972,229,100116,100,99971,300,100155,100,99934,100,100167,100,99923,100,100219,100,99877,100,100277,100,99842,100,100440,100,99724,100,100493,100,99651,100,100533,100,99628,100
2019-06-28 09:53:00.000000000,100058,188,100054,200,100072,185,99972,185,100116,185,99971,385,100155,100,99934,100,100167,100,99923,100,100219,100,99877,100,100277,100,99842,100,100440,100,99724,100,100493,100,99651,100,100533,100,99628,100
2019-06-28 09:53:10.000000000,100058,188,100054,200,100072,185,99972,185,100116,185,99971,385,100155,100,99934,100,100167,100,99923,100,100219,100,99877,100,100277,100,99842,100,100440,100,99724,100,100493,100,99651,100,100533,100,99628,100
2019-06-28 09:53:20.000000000,100058,358,100054,370,100072,100,99972,100,100116,100,99971,300,100155,100,99934,100,100167,100,99923,100,100219,100,99877,100,100277,100,99842,100,100440,100,99724,100,100493,100,99651,100,100533,100,99628,100
2019-06-28 09:53:30.000000000,100058,229,100054,241,100072,229,99972,229,100116,100,99971,300,100155,100,99934,100,100167,100,99923,100,100219,100,99877,100,100277,100,99842,100,100440,100,99724,100,100493,100,99651,100,100533,100,99628,100
2019-06-28 09:53:40.000000000,100058,358,100054,370,100072,100,99972,100,100116,100,99971,300,100155,100,99934,100,100167,100,99923,100,100219,100,99877,100,100277,100,99842,100,100440,100,99724,100,100493,100,99651,100,100533,100,99628,100
2019-06-28 09:53:44.112169467,100058,358,100054,370,100072,100,99972,100,100116,100,99971,300,100155,100,99934,100,100167,100,99877,100,100219,100,99842,100,100277,100,99724,100,100440,100,99651,100,100493,100,99628,100,100533,100,99356,100
2019-06-28 09:53:50.000000000,100058,152,100054,164,100072,152,99972,152,100116,152,99971,352,100155,152,99934,152,100167,152,99877,152,100219,100,99842,100,100277,100,99724,100,100440,100,99651,100,100493,100,99628,100,100533,100,99356,100
2019-06-28 09:53:53.413613268,100058,152,100054,164,100072,152,99972,152,100116,152,99971,352,100155,152,99934,152,100167,152,99877,152,100219,100,99842,100,100277,100,99724,100,100440,100,99651,100,100493,100,99628,100,100533,100,99356,100
2019-06-28 09:53:58.577894097,100058,52,100054,164,100072,152,99972,152,100116,152,99971,352,100155,152,99934,152,100167,152,99877,152,100219,100,99842,100,100277,100,99724,100,100440,100,99651,100,100493,100,99628,100,100533,100,99349,100
2019-06-28 09:54:00.000000000,100072,229,100054,241,100116,229,99972,229,100155,100,99971,300,100167,100,99934,100,100219,100,99877,100,100277,100,99842,100,100440,100,99724,100,100493,100,99651,100,100533,100,99628,100,100545,100,99349,100
2019-06-28 09:54:02.981616740,100072,129,100054,241,100116,229,99972,229,100155,100,99971,300,100167,100,99934,100,100219,100,99877,100,100277,100,99842,100,100440,100,99724,100,100493,100,99651,100,100533,100,99628,100,100545,100,99349,100
2019-06-28 09:54:04.632527161,100072,29,100054,241,100116,229,99972,229,100155,100,99971,300,100167,100,99934,100,100219,100,99877,100,100277,100,99842,100,100493,100,99724,100,100533,100,99651,100,100545,100,99628,100,101077,100,99349,100
2019-06-28 09:54:10.000000000,100116,358,100054,370,100155,100,99972,100,100167,100,99971,300,100219,100,99934,100,100277,100,99877,100,100493,100,99842,100,100533,100,99724,100,100545,100,99651,100,101077,100,99628,100,101226,100,99349,100
2019-06-28 09:54:13.405799473,100116,358,100072,100,100155,100,100054,370,100167,100,99972,100,100219,100,99971,300,100277,100,99934,100,100493,100,99877,100,100533,100,99842,100,100545,100,99724,100,101077,100,99651,100,101226,100,99628,100
2019-06-28 09:54:19.694455330,100116,258,100072,100,100155,100,100054,370,100167,100,99972,100,100219,100,99971,300,100277,100,99934,100,100493,100,99877,100,100533,100,99842,100,100545,100,99724,100,101077,100,99651,100,101226,100,99628,100
2019-06-28 09:54:20.000000000,100155,188,100072,188,100167,185,100054,197,100219,185,99972,185,100277,100,99971,300,100493,100,99934,100,100533,100,99877,100,100545,100,99842,100,101077,100,99724,100,101226,100,99651,100,101384,100,99628,100
2019-06-28 09:54:30.000000000,100155,152,100072,152,100167,152,100054,164,100219,152,99972,152,100277,152,99971,352,100493,152,99934,152,100533,100,99877,100,100545,100,99842,100,101077,100,99724,100,101226,100,99651,100,101384,100,99628,100
2019-06-28 09:54:40.000000000,100155,152,100072,152,100167,152,100054,164,100219,152,99972,152,100277,152,99971,352,100493,152,99934,152,100533,100,99877,100,100545,100,99842,100,101077,100,99724,100,101226,100,99651,100,101384,100,99628,100
2019-06-28 09:54:50.000000000,100155,152,100072,152,100167,152,100054,164,100219,152,99972,152,100277,152,99971,352,100493,152,99934,152,100533,100,99877,100,100545,100,99842,100,101077,100,99724,100,101226,100,99651,100,101384,100,99628,100
2019-06-28 09:54:52.940514073,100155,152,100073,100,100167,152,100072,152,100219,152,100054,164,100277,152,99972,152,100493,152,99971,352,100533,100,99934,152,100545,100,99877,100,101077,100,99842,100,101226,100,99724,100,101384,100,99651,100
2019-06-28 09:55:00.000000000,100155,358,100073,358,100167,100,100072,100,100219,100,100054,112,100277,100,99972,100,100493,100,99971,300,100533,100,99934,100,100545,100,99877,100,101077,100,99842,100,101226,100,99724,100,101384,100,99651,100
2019-06-28 09:55:10.000000000,100155,164,100073,164,100167,164,100072,164,100219,164,100054,176,100277,164,99972,164,100493,100,99971,300,100533,100,99934,100,100545,100,99877,100,101077,100,99842,100,101226,100,99724,100,101384,100,99651,100
2019-06-28 09:55:20.000000000,100155,164,100073,164,100167,164,100072,164,100219,164,100054,176,100277,164,99972,164,100493,100,99971,300,100533,100,99934,100,100545,100,99877,100,101077,100,99842,100,101226,100,99724,100,101384,100,99651,100
2019-06-28 09:55:23.952194061,100155,64,100073,164,100167,164,100072,164,100219,164,100054,176,100277,164,99972,164,100493,100,99971,300,100533,100,99934,100,100545,100,99877,100,101077,100,99842,100,101226,100,99651,100,101384,100,99628,100
2019-06-28 09:55:30.000000000,100167,358,100073,358,100219,100,100072,100,100277,100,100054,112,100493,100,99972,100,100533,100,99971,300,100545,100,99934,100,101077,100,99877,100,101226,100,99842,100,101384,100,99651,100,,,99628,100
2019-06-28 09:55:40.000000000,100167,164,100073,164,100219,164,100072,164,100277,164,100054,176,100493,164,99972,164,100533,100,99971,300,100545,100,99934,100,101077,100,99877,100,101226,100,99842,100,101384,100,99651,100,,,99628,100
2019-06-28 09:55:44.813308541,100167,164,100073,164,100219,164,100072,164,100277,164,100054,176,100493,164,99972,164,100533,100,99971,300,100545,100,99934,100,100828,100,99877,100,101226,100,99842,100,101384,100,99651,100,,,99628,100
2019-06-28 09:55:50.000000000,100167,188,100073,188,100219,185,100072,185,100277,185,100054,197,100493,100,99972,100,100533,100,99971,300,100545,100,99934,100,100828,100,99877,100,101226,100,99842,100,101384,100,99651,100,,,99628,100
2019-06-28 09:55:59.908754911,100167,88,100073,188,100219,185,100072,185,100277,185,100054,185,100493,100,99972,100,100533,100,99971,300,100545,100,99934,100,100828,100,99877,100,101226,100,99842,100,101384,100,99651,100,,,99628,100
2019-06-28 09:56:00.000000000,100219,358,100073,358,100277,100,100072,100,100493,100,100054,100,100533,100,99972,100,100545,100,99971,300,100828,100,99934,100,101226,100,99877,100,101384,100,99842,100,,,99651,100,,,99628,100
2019-06-28 09:56:06.503768185,100219,258,100073,358,100277,100,100072,100,100493,100,100054,100,100533,100,99972,100,100545,100,99971,300,100828,100,99934,100,101226,100,99877,100,101384,100,99842,100,,,99651,100,,,99628,100
2019-06-28 09:56:10.000000000,100277,188,100073,188,100493,185,100072,185,100533,185,100054,185,100545,100,99972,100,100828,100,99971,300,101226,100,99934,100,101384,100,99877,100,,,99842,100,,,99651,100,,,99628,100
2019-06-28 09:56:20.000000000,100277,188,100073,188,100493,185,100072,185,100533,185,100054,185,100545,100,99972,100,100828,100,99971,300,101226,100,99934,100,101384,100,99877,100,,,99842,100,,,99651,100,,,99628,100
2019-06-28 09:56:27.811437786,100277,88,100073,188,100493,185,100072,185,100533,185,100054,185,100545,100,99972,100,100828,100,99971,300,101226,100,99934,100,101384,100,99877,100,,,99842,100,,,99651,100,,,99628,100
2019-06-28 09:56:30.000000000,100493,164,100073,164,100533,164,100072,164,100545,164,100054,164,100828,164,99972,164,101226,100,99971,300,101384,100,99934,100,,,99877,100,,,99842,100,,,99651,100,,,99628,100
2019-06-28 09:56:40.000000000,100493,152,100073,152,100533,152,100072,152,100545,152,100054,152,100828,152,99972,152,101226,152,99971,352,101384,100,99934,100,,,99877,100,,,99842,100,,,99651,100,,,99628,100
2019-06-28 09:56:50.000000000,100493,152,100073,152,100533,152,100072,152,100545,152,100054,152,100828,152,99972,152,101226,152,99971,352,101384,100,99934,100,,,99877,100,,,99842,100,,,99651,100,,,99628,100
2019-06-28 09:56:55.036190345,100493,152,100219,100,100533,152,100073,152,100545,152,100072,152,100828,152,100054,152,101226,152,99972,152,101384,100,99971,352,,,99877,100,,,99842,100,,,99651,100,,,99628,100
2019-06-28 09:57:00.000000000,100493,229,100219,229,100533,229,100073,229,100545,100,100072,100,100828,100,100054,100,101226,100,99972,100,101384,100,99971,300,,,99877,100,,,99842,100,,,99651,100,,,99628,100
2019-06-28 09:57:10.000000000,100493,164,100219,164,100533,164,100073,164,100545,164,100072,164,100828,164,100054,164,101226,100,99972,100,101384,100,99971,300,,,99877,100,,,99842,100,,,99651,100,,,99628,100
2019-06-28 09:57:19.395466480,100493,164,100219,164,100533,164,100073,164,100545,164,100072,164,100625,100,100054,164,100828,164,99972,100,101226,100,99971,300,101384,100,99877,100,,,99842,100,,,99651,100,,,99628,100
2019-06-28 09:57:20.000000000,100493,188,100219,188,100533,185,100073,185,100545,185,100072,185,100625,100,100054,100,100828,100,99972,100,101226,100,99971,300,101384,100,99877,100,,,99842,100,,,99651,100,,,99628,100
2019-06-28 09:57:30.000000000,100493,188,100219,188,100533,185,100073,185,100545,185,100072,185,100625,100,100054,100,100828,100,99972,100,101226,100,99971,300,101384,100,99877,100,,,99842,100,,,99651,100,,,99628,100
2019-06-28 09:57:34.180889071,100493,88,100219,188,100533,185,100073,185,100545,185,100072,185,100625,100,100054,100,100828,100,99972,100,101384,100,99971,300,,,99877,100,,,99842,100,,,99651,100,,,99628,100
2019-06-28 09:57:36.194504428,100493,88,100219,188,100533,185,100073,185,100545,185,100072,185,100625,100,100054,100,100828,100,99972,100,100836,100,99971,300,101384,100,99877,100,,,99842,100,,,99651,100,,,99628,100
2019-06-28 09:57:40.000000000,100533,229,100219,229,100545,229,100073,229,100625,100,100072,100,100828,100,100054,100,100836,100,99972,100,101384,100,99971,300,,,99877,100,,,99842,100,,,99651,100,,,99628,100
2019-06-28 09:57:40.069988639,100366,100,100219,229,100533,229,100073,229,100545,229,100072,100,100625,100,100054,100,100828,100,99972,100,100836,100,99971,300,101384,100,99877,100,,,99842,100,,,99651,100,,,99628,100
2019-06-28 09:57:50.000000000,100366,152,100219,152,100533,152,100073,152,100545,152,100072,152,100625,152,100054,152,100828,152,99972,152,100836,100,99971,300,101384,100,99877,100,,,99842,100,,,99651,100,,,99628,100
2019-06-28 09:57:51.274950471,100366,152,100277,100,100533,152,100219,152,100545,152,100073,152,100625,152,100072,152,100828,152,100054,152,100836,100,99972,152,101384,100,99971,300,,,99877,100,,,99842,100,,,99651,100
2019-06-28 09:58:00.000000000,100366,188,100277,188,100533,185,100219,185,100545,185,100073,185,100625,100,100072,100,100828,100,100054,100,100836,100,99972,100,101384,100,99971,300,,,99877,100,,,99842,100,,,99651,100
2019-06-28 09:58:10.000000000,100366,229,100277,229,100533,229,100219,229,100545,100,100073,100,100625,100,100072,100,100828,100,100054,100,100836,100,99972,100,101384,100,99971,300,,,99877,100,,,99842,100,,,99651,100
2019-06-28 09:58:20.000000000,100366,229,100277,229,100533,229,100219,229,100545,100,100073,100,100625,100,100072,100,100828,100,100054,100,100836,100,99972,100,101384,100,99971,300,,,99877,100,,,99842,100,,,99651,100
2019-06-28 09:58:24.960204778,100366,129,100277,229,100533,229,100219,229,100545,100,100073,100,100625,100,100072,100,100828,100,100054,100,100836,100,99972,100,101384,100,99971,300,,,99877,100,,,99842,100,,,99651,100
2019-06-28 09:58:30.000000000,100533,229,100277,229,100545,229,100219,229,100625,100,100073,100,100828,100,100072,100,100836,100,100054,100,101384,100,99972,100,,,99971,300,,,99877,100,,,99842,100,,,99651,100
2019-06-28 09:58:40.000000000,100533,164,100277,164,100545,164,100219,164,100625,164,100073,164,100828,164,100072,164,100836,100,100054,100,101384,100,99972,100,,,99971,300,,,99877,100,,,99842,100,,,99651,100
2019-06-28 09:58:41.237420848,100533,164,100277,164,100545,164,100219,164,100625,164,100073,164,100696,100,100072,164,100828,164,100054,100,100836,100,99972,100,101384,100,99971,300,,,99877,100,,,99842,100,,,99651,100
2019-06-28 09:58:50.000000000,100533,188,100277,188,100545,185,100219,185,100625,185,100073,185,100696,100,100072,100,100828,100,100054,100,100836,100,99972,100,101384,100,99971,300,,,99877,100,,,99842,100,,,99651,100
2019-06-28 09:58:54.725573278,100533,188,100277,188,100545,185,100219,85,100625,185,100073,185,100696,100,100072,100,100828,100,100054,100,100836,100,99972,100,101384,100,99971,300,,,99877,100,,,99842,100,,,99651,100
2019-06-28 09:59:00.000000000,100533,164,100277,164,100545,164,100073,164,100625,164,100072,164,100696,164,100054,164,100828,100,99972,100,100836,100,99971,300,101384,100,99877,100,,,99842,100,,,99651,100,,,99628,100
2019-06-28 09:59:10.000000000,100533,229,100277,229,100545,229,100073,229,100625,100,100072,100,100696,100,100054,100,100828,100,99972,100,100836,100,99971,300,101384,100,99877,100,,,99842,100,,,99651,100,,,99628,100
2019-06-28 09:59:19.920416046,100533,229,100277,229,100545,229,100144,100,100625,100,100073,229,100696,100,100072,100,100828,100,100054,100,100836,100,99972,100,101384,100,99971,300,,,99877,100,,,99842,100,,,99651,100
2019-06-28 09:59:20.000000000,100533,152,100277,152,100545,152,100144,152,100625,152,100073,152,100696,152,100072,152,100828,152,100054,152,100836,100,99972,100,101384,100,99971,300,,,99877,100,,,99842,100,,,99651,100
2019-06-28 09:59:23.112958210,100533,152,100277,152,100545,152,100144,152,100625,152,100073,152,100696,152,100072,152,100828,152,100054,152,100836,100,99972,100,101384,100,99971,200,,,99877,100,,,99842,100,,,99651,100
2019-06-28 09:59:30.000000000,100533,229,100277,229,100545,229,100144,229,100625,100,100073,100,100696,100,100072,100,100828,100,100054,100,100836,100,99972,100,101384,100,99971,200,,,99877,100,,,99842,100,,,99651,100
2019-06-28 09:59:40.000000000,100533,358,100277,358,100545,100,100144,100,100625,100,100073,100,100696,100,100072,100,100828,100,100054,100,100836,100,99972,100,101384,100,99971,200,,,99877,100,,,99842,100,,,99651,100
2019-06-28 09:59:50.000000000,100533,358,100277,358,100545,100,100144,100,100625,100,100073,100,100696,100,100072,100,100828,100,100054,100,100836,100,99972,100,101384,100,99971,200,,,99877,100,,,99842,100,,,99651,100
2019-06-28 09:59:59.460094915,100365,100,100277,358,100533,358,100144,100,100545,100,100072,100,100625,100,100054,100,100696,100,99972,100,100828,100,99971,200,100836,100,99877,100,101384,100,99842,100,,,99651,100,,,99628,100
2019-06-28 10:00:00.000000000,100365,188,100277,188,100533,185,100144,185,100545,185,100072,185,100625,100,100054,100,100696,100,99972,100,100828,100,99971,200,100836,100,99877,100,101384,100,99842,100,,,99651,100,,,99628,100
2019-06-28 10:00:10.000000000,100365,229,100277,229,100533,229,100144,229,100545,100,100072,100,100625,100,100054,100,100696,100,99972,100,100828,100,99971,200,100836,100,99877,100,101384,100,99842,100,,,99651,100,,,99628,100
2019-06-28 10:00:10.805869380,100365,229,100277,229,100492,100,100144,229,100533,229,100072,100,100545,100,100054,100,100625,100,99971,200,100696,100,99877,100,100828,100,99842,100,100836,100,99651,100,101384,100,99628,100,,,99349,100
2019-06-28 10:00:12.007056907,100365,229,100277,229,100492,200,100144,229,100533,229,100072,100,100545,100,99971,200,100625,100,99877,100,100696,100,99842,100,100828,100,99651,100,100836,100,99628,100,101384,100,99349,100,,,99337,100
2019-06-28 10:00:20.000000000,100365,188,100277,188,100492,285,100144,185,100533,185,100072,185,100545,100,99971,200,100625,100,99877,100,100696,100,99842,100,100828,100,99651,100,100836,100,99628,100,101384,100,99349,100,,,99337,100
2019-06-28 10:00:30.000000000,100365,188,100277,188,100492,285,100144,185,100533,185,100072,185,100545,100,99971,200,100625,100,99877,100,100696,100,99842,100,100828,100,99651,100,100836,100,99628,100,101384,100,99349,100,,,99337,100
2019-06-28 10:00:40.000000000,100365,358,100277,358,100492,200,100144,100,100533,100,100072,100,100545,100,99971,200,100625,100,99877,100,100696,100,99842,100,100828,100,99651,100,100836,100,99628,100,101384,100,99349,100,,,99337,100
2019-06-28 10:00:50.000000000,100365,188,100277,188,100492,285,100144,185,100533,185,100072,185,100545,100,99971,200,100625,100,99877,100,100696,100,99842,100,100828,100,99651,100,100836,100,99628,100,101384,100,99349,100,,,99337,100
2019-06-28 10:01:00.000000000,100365,164,100277,164,100492,264,100144,164,100533,164,100072,164,100545,164,99971,264,100625,100,99877,100,100696,100,99842,100,100828,100,99651,100,100836,100,99628,100,101384,100,99349,100,,,99337,100
2019-06-28 10:01:10.000000000,100365,188,100277,188,100492,285,100144,185,100533,185,100072,185,100545,100,99971,200,100625,100,99877,100,100696,100,99842,100,100828,100,99651,100,100836,100,99628,100,101384,100,99349,100,,,99337,100
2019-06-28 10:01:17.637332844,100365,188,100277,88,100492,285,100144,185,100533,185,100072,185,100545,100,99971,200,100625,100,99877,100,100696,100,99842,100,100828,100,99651,100,100836,100,99628,100,101384,100,99349,100,,,99337,100
2019-06-28 10:01:20.000000000,100365,188,100144,188,100492,285,100072,185,100533,185,99971,285,100545,100,99877,100,100625,100,99842,100,100696,100,99651,100,100828,100,99628,100,100836,100,99349,100,101384,100,99337,100,,,,
2019-06-28 10:01:21.828070555,100364,100,100144,188,100365,188,100072,185,100492,285,99971,285,100533,185,99877,100,100545,100,99842,100,100625,100,99651,100,100696,100,99628,100,100828,100,99349,100,100836,100,99337,100,101384,100,,
2019-06-28 10:01:30.000000000,100364,164,100144,164,100365,164,100072,164,100492,264,99971,264,100533,164,99877,164,100545,100,99842,100,100625,100,99651,100,100696,100,99628,100,100828,100,99349,100,100836,100,99337,100,101384,100,,
2019-06-28 10:01:40.000000000,100364,164,100144,164,100365,164,100072,164,100492,264,99971,264,100533,164,99877,164,100545,100,99842,100,100625,100,99651,100,100696,100,99628,100,100828,100,99349,100,100836,100,99337,100,101384,100,,
2019-06-28 10:01:50.000000000,100364,229,100144,229,100365,229,100072,229,100492,200,99971,200,100533,100,99877,100,100545,100,99842,100,100625,100,99651,100,100696,100,99628,100,100828,100,99349,100,100836,100,99337,100,101384,100,,
2019-06-28 10:02:00.000000000,100364,358,100144,358,100365,100,100072,100,100492,200,99971,200,100533,100,99877,100,100545,100,99842,100,100625,100,99651,100,100696,100,99628,100,100828,100,99349,100,100836,100,99337,100,101384,100,,
2019-06-28 10:02:01.348348096,100364,358,100144,358,100365,100,100072,100,100492,200,99971,200,100533,100,99877,100,100545,100,99842,100,100625,100,99651,100,100696,100,99628,100,100828,100,99544,100,100836,100,99349,100,101384,100,99337,100
2019-06-28 10:02:10.000000000,100364,188,100144,188,100365,185,100072,185,100492,285,99971,285,100533,100,99877,100,100545,100,99842,100,100625,100,99651,100,100696,100,99628,100,100828,100,99544,100,100836,100,99349,100,101384,100,99337,100
2019-06-28 10:02:20.000000000,100364,164,100144,164,100365,164,100072,164,100492,264,99971,264,100533,164,99877,164,100545,100,99842,100,100625,100,99651,100,100696,100,99628,100,100828,100,99544,100,100836,100,99349,100,101384,100,99337,100
2019-06-28 10:02:24.167616220,100364,264,100144,164,100365,164,100072,164,100492,264,99971,264,100533,164,99877,164,100545,100,99842,100,100625,100,99651,100,100696,100,99628,100,100828,100,99544,100,100836,100,99349,100,101384,100,99337,100
2019-06-28 10:02:25.121196193,100364,264,100144,64,100365,164,100072,164,100492,264,99971,264,100533,164,99877,164,100545,100,99842,100,100696,100,99651,100,100828,100,99628,100,100836,100,99544,100,101384,100,99349,100,,,99337,100
2019-06-28 10:02:30.000000000,100364,264,100072,164,100365,164,99971,264,100492,264,99877,164,100533,164,99842,164,100545,100,99651,100,100696,100,99628,100,100828,100,99544,100,100836,100,99349,100,101384,100,99337,100,,,,
2019-06-28 10:02:39.385648361,100364,264,100072,64,100365,164,99971,264,100492,264,99877,164,100533,164,99842,164,100545,100,99651,100,100696,100,99628,100,100828,100,99544,100,100836,100,99349,100,101384,100,99337,100,,,,
2019-06-28 10:02:40.000000000,100364,288,99971,288,100365,185,99877,185,100492,285,99842,185,100533,100,99651,100,100545,100,99628,100,100696,100,99544,100,100828,100,99349,100,100836,100,99337,100,101384,100,,,,,,
2019-06-28 10:02:50.000000000,100364,288,99971,288,100365,185,99877,185,100492,285,99842,185,100533,100,99651,100,100545,100,99628,100,100696,100,99544,100,100828,100,99349,100,100836,100,99337,100,101384,100,,,,,,
2019-06-28 10:02:59.720903870,100364,288,99971,288,100365,185,99877,185,100492,285,99858,100,100533,100,99842,185,100545,100,99651,100,100696,100,99628,100,100828,100,99544,100,100836,100,99349,100,101384,100,99337,100,,,,
2019-06-28 10:02:59.738321374,100364,288,99971,188,100365,185,99877,185,100492,285,99858,100,100533,100,99842,185,100545,100,99651,100,100696,100,99628,100,100828,100,99544,100,100836,100,99349,100,101384,100,99337,100,,,,
2019-06-28 10:03:00.000000000,100364,264,99971,164,100365,164,99877,164,100492,264,99858,164,100533,164,99842,164,100545,100,99651,100,100696,100,99628,100,100828,100,99544,100,100836,100,99349,100,101384,100,99337,100,,,,
2019-06-28 10:03:10.000000000,100364,288,99971,188,100365,185,99877,185,100492,285,99858,185,100533,100,99842,100,100545,100,99651,100,100696,100,99628,100,100828,100,99544,100,100836,100,99349,100,101384,100,99337,100,,,,
2019-06-28 10:03:20.000000000,100364,329,99971,229,100365,229,99877,229,100492,200,99858,100,100533,100,99842,100,100545,100,99651,100,100696,100,99628,100,100828,100,99544,100,100836,100,99349,100,101384,100,99337,100,,,,
2019-06-28 10:03:28.399606492,100364,329,99971,229,100365,229,99877,229,100492,100,99858,100,100533,100,99842,100,100545,100,99651,100,100696,100,99628,100,100828,100,99544,100,100836,100,99349,100,101384,100,99337,100,,,,
2019-06-28 10:03:30.000000000,100364,264,99971,164,100365,164,99877,164,100492,164,99858,164,100533,164,99842,164,100545,100,99651,100,100696,100,99628,100,100828,100,99544,100,100836,100,99349,100,101384,100,99337,100,,,,
2019-06-28 10:03:40.000000000,100364,329,99971,229,100365,229,99877,229,100492,100,99858,100,100533,100,99842,100,100545,100,99651,100,100696,100,99628,100,100828,100,99544,100,100836,100,99349,100,101384,100,99337,100,,,,
2019-06-28 10:03:50.000000000,100364,264,99971,164,100365,164,99877,164,100492,164,99858,164,100533,164,99842,164,100545,100,99651,100,100696,100,99628,100,100828,100,99544,100,100836,100,99349,100,101384,100,99337,100,,,,
2019-06-28 10:04:00.000000000,100364,288,99971,188,100365,185,99877,185,100492,185,99858,185,100533,100,99842,100,100545,100,99651,100,100696,100,99628,100,100828,100,99544,100,100836,100,99349,100,101384,100,99337,100,,,,
2019-06-28 10:04:04.284010230,100364,288,99971,188,100365,185,99877,185,100492,185,99858,185,100533,100,99651,100,100545,100,99628,100,100696,100,99544,100,100828,100,99443,100,100836,100,99349,100,101384,100,99337,100,,,,
2019-06-28 10:04:10.000000000,100364,252,99971,152,100365,152,99877,152,100492,152,99858,152,100533,152,99651,152,100545,152,99628,152,100696,100,99544,100,100828,100,99443,100,100836,100,99349,100,101384,100,99337,100,,,,
2019-06-28 10:04:20.000000000,100364,458,99971,358,100365,100,99877,100,100492,100,99858,100,100533,100,99651,100,100545,100,99628,100,100696,100,99544,100,100828,100,99443,100,100836,100,99349,100,101384,100,99337,100,,,,
2019-06-28 10:04:29.981437154,100364,458,99971,358,100365,100,99877,100,100492,100,99858,100,100533,100,99651,100,100545,100,99628,100,100696,100,99544,100,100828,100,99443,100,100836,100,99337,100,101384,100,99116,100,,,,
2019-06-28 10:04:30.000000000,100364,252,99971,152,100365,152,99877,152,100492,152,99858,152,100533,152,99651,152,100545,152,99628,152,100696,100,99544,100,100828,100,99443,100,100836,100,99337,100,101384,100,99116,100,,,,
2019-06-28 10:04:33.162565194,100072,100,99971,152,100364,252,99877,152,100365,152,99858,152,100492,152,99651,152,100533,152,99628,152,100545,152,99544,100,100696,100,99443,100,100828,100,99337,100,100836,100,99116,100,101384,100,,
2019-06-28 10:04:39.612644044,100072,100,99971,152,100364,252,99877,152,100365,152,99858,152,100492,152,99651,152,100533,152,99628,152,100545,152,99544,100,100696,100,99443,100,100828,100,99337,100,100836,100,99137,100,101384,100,99116,100
2019-06-28 10:04:40.000000000,100072,152,99971,152,100364,252,99877,152,100365,152,99858,152,100492,152,99651,152,100533,152,99628,152,100545,100,99544,100,100696,100,99443,100,100828,100,99337,100,100836,100,99137,100,101384,100,99116,100
2019-06-28 10:04:50.000000000,100072,358,99971,358,100364,200,99877,100,100365,100,99858,100,100492,100,99651,100,100533,100,99628,100,100545,100,99544,100,100696,100,99443,100,100828,100,99337,100,100836,100,99137,100,101384,100,99116,100
2019-06-28 10:05:00.000000000,100072,188,99971,188,100364,285,99877,185,100365,185,99858,185,100492,100,99651,100,100533,100,99628,100,100545,100,99544,100,100696,100,99443,100,100828,100,99337,100,100836,100,99137,100,101384,100,99116,100
2019-06-28 10:05:03.050437347,100072,188,99971,188,100364,285,99877,185,100365,185,99858,185,100492,100,99651,100,100533,100,99628,100,100545,100,99544,100,100696,100,99538,100,100828,100,99443,100,100836,100,99337,100,101384,100,99137,100
2019-06-28 10:05:03.585411484,100072,188,99971,188,100364,285,99877,185,100365,185,99858,185,100492,100,99651,100,100533,100,99628,100,100545,100,99588,100,100696,100,99544,100,100828,100,99538,100,100836,100,99443,100,101384,100,99337,100
2019-06-28 10:05:10.000000000,100072,358,99971,358,100364,200,99877,100,100365,100,99858,100,100492,100,99651,100,100533,100,99628,100,100545,100,99588,100,100696,100,99544,100,100828,100,99538,100,100836,100,99443,100,101384,100,99337,100
2019-06-28 10:05:20.000000000,100072,188,99971,188,100364,285,99877,185,100365,185,99858,185,100492,100,99651,100,100533,100,99628,100,100545,100,99588,100,100696,100,99544,100,100828,100,99538,100,100836,100,99443,100,101384,100,99337,100
2019-06-28 10:05:22.811856286,100072,288,99971,188,100364,285,99877,185,100365,185,99858,185,100492,100,99651,100,100533,100,99628,100,100545,100,99588,100,100696,100,99544,100,100828,100,99538,100,100836,100,99443,100,101384,100,99337,100
2019-06-28 10:05:30.000000000,100072,329,99971,229,100364,329,99877,229,100365,100,99858,100,100492,100,99651,100,100533,100,99628,100,100545,100,99588,100,100696,100,99544,100,100828,100,99538,100,100836,100,99443,100,101384,100,99337,100
2019-06-28 10:05:40.000000000,100072,264,99971,164,100364,264,99877,164,100365,164,99858,164,100492,164,99651,164,100533,100,99628,100,100545,100,99588,100,100696,100,99544,100,100828,100,99538,100,100836,100,99443,100,101384,100,99337,100
2019-06-28 10:05:41.594358555,100072,364,99971,164,100364,264,99877,164,100365,164,99858,164,100492,164,99651,164,100533,100,99628,100,100545,100,99588,100,100696,100,99544,100,100828,100,99538,100,100836,100,99443,100,101384,100,99337,100
2019-06-28 10:05:50.000000000,100072,429,99971,229,100364,329,99877,229,100365,100,99858,100,100492,100,99651,100,100533,100,99628,100,100545,100,99588,100,100696,100,99544,100,100828,100,99538,100,100836,100,99443,100,101384,100,99337,100
2019-06-28 10:05:50.755435037,100072,429,99971,229,100364,329,99877,229,100365,100,99858,100,100492,100,99651,100,100533,100,99628,100,100545,100,99588,100,100696,100,99544,100,100828,100,99538,100,100836,100,99443,100,101384,100,99337,100
2019-06-28 10:06:00.000000000,100072,352,99971,152,100364,252,99877,152,100365,152,99858,152,100492,152,99651,152,100533,152,99628,152,100545,100,99588,100,100696,100,99544,100,100828,100,99538,100,100836,100,99443,100,101384,100,99337,100
2019-06-28 10:06:10.000000000,100072,388,99971,188,100364,285,99877,185,100365,185,99858,185,100492,100,99651,100,100533,100,99628,100,100545,100,99588,100,100696,100,99544,100,100828,100,99538,100,100836,100,99443,100,101384,100,99337,100
2019-06-28 10:06:20.000000000,100072,429,99971,229,100364,329,99877,229,100365,100,99858,100,100492,100,99651,100,100533,100,99628,100,100545,100,99588,100,100696,100,99544,100,100828,100,99538,100,100836,100,99443,100,101384,100,99337,100
2019-06-28 10:06:22.892936778,100072,429,99971,229,100364,329,99877,229,100365,100,99858,100,100492,100,99651,100,100533,100,99628,100,100545,100,99588,100,100696,100,99544,100,100828,100,99538,100,100836,100,99443,100,101384,100,99337,100
2019-06-28 10:06:30.000000000,100072,352,99971,152,100364,252,99877,152,100365,152,99858,152,100492,152,99651,152,100533,152,99628,152,100545,100,99588,100,100696,100,99544,100,100828,100,99538,100,100836,100,99443,100,101384,100,99337,100
2019-06-28 10:06:38.508649869,100072,352,99971,52,100364,252,99877,152,100365,152,99858,152,100492,152,99651,152,100533,152,99628,152,100545,100,99588,100,100696,100,99544,100,100828,100,99538,100,100836,100,99443,100,101384,100,99337,100
2019-06-28 10:06:40.000000000,100072,388,99877,188,100364,285,99858,185,100365,185,99651,185,100492,100,99628,100,100533,100,99588,100,100545,100,99544,100,100696,100,99538,100,100828,100,99443,100,100836,100,99337,100,101384,100,99320,100
2019-06-28 10:06:50.000000000,100072,558,99877,358,100364,200,99858,100,100365,100,99651,100,100492,100,99628,100,100533,100,99588,100,100545,100,99544,100,100696,100,99538,100,100828,100,99443,100,100836,100,99337,100,101384,100,99320,100
2019-06-28 10:06:56.313119056,100072,558,99877,358,100364,200,99858,100,100365,100,99651,100,100492,100,99628,100,100533,100,99588,100,100545,100,99544,100,100696,100,99538,100,100828,100,99443,100,100836,100,99337,100,,,99320,100
2019-06-28 10:06:57.108514603,99971,100,99877,358,100072,558,99858,100,100364,200,99651,100,100365,100,99628,100,100492,100,99588,100,100533,100,99544,100,100545,100,99538,100,100696,100,99443,100,100828,100,99337,100,100836,100,99320,100
2019-06-28 10:07:00.000000000,99971,358,99877,358,100072,300,99858,100,100364,200,99651,100,100365,100,99628,100,100492,100,99588,100,100533,100,99544,100,100545,100,99538,100,100696,100,99443,100,100828,100,99337,100,100836,100,99320,100
2019-06-28 10:07:10.000000000,99971,164,99877,164,100072,364,99858,164,100364,264,99651,164,100365,164,99628,164,100492,100,99588,100,100533,100,99544,100,100545,100,99538,100,100696,100,99443,100,100828,100,99337,100,100836,100,99320,100
2019-06-28 10:07:16.389423351,99960,100,99877,164,99971,164,99858,164,100072,364,99651,164,100364,264,99628,164,100365,164,99588,100,100492,100,99544,100,100533,100,99538,100,100545,100,99443,100,100696,100,99337,100,100828,100,99320,100
2019-06-28 10:07:19.967620101,99960,100,99877,164,99971,264,99858,164,100072,364,99651,164,100364,264,99628,164,100365,164,99588,100,100492,100,99544,100,100533,100,99538,100,100545,100,99443,100,100696,100,99337,100,100828,100,99320,100
2019-06-28 10:07:20.000000000,99960,229,99877,229,99971,329,99858,229,100072,300,99651,100,100364,200,99628,100,100365,100,99588,100,100492,100,99544,100,100533,100,99538,100,100545,100,99443,100,100696,100,99337,100,100828,100,99320,100
2019-06-28 10:07:22.041385872,99960,229,99877,229,99971,329,99858,229,100072,300,99651,100,100364,200,99628,100,100365,100,99588,100,100492,100,99544,100,100545,100,99538,100,100696,100,99519,100,100828,100,99443,100,100836,100,99337,100
2019-06-28 10:07:30.000000000,99960,164,99877,164,99971,264,99858,164,100072,364,99651,164,100364,264,99628,164,100365,100,99588,100,100492,100,99544,100,100545,100,99538,100,100696,100,99519,100,100828,100,99443,100,100836,100,99337,100
2019-06-28 10:07:31.757320877,99960,164,99877,164,99971,264,99858,164,100072,364,99651,164,100364,264,99628,164,100365,100,99588,100,100492,100,99544,100,100545,100,99538,100,100696,100,99519,100,100828,100,99443,100,100836,100,99353,100
2019-06-28 10:07:35.915467845,99960,164,99877,64,99971,264,99858,164,100072,364,99651,164,100364,264,99628,164,100365,100,99588,100,100492,100,99544,100,100545,100,99538,100,100696,100,99519,100,100828,100,99443,100,100836,100,99353,100
2019-06-28 10:07:40.000000000,99960,229,99858,229,99971,329,99651,229,100072,300,99628,100,100364,200,99588,100,100365,100,99544,100,100492,100,99538,100,100545,100,99519,100,100696,100,99443,100,100828,100,99353,100,100836,100,99337,100
2019-06-28 10:07:48.138566064,99960,229,99858,229,99971,229,99651,229,100072,300,99628,100,100364,200,99588,100,100365,100,99544,100,100492,100,99538,100,100545,100,99519,100,100696,100,99443,100,100828,100,99353,100,100836,100,99337,100
2019-06-28 10:07:50.000000000,99960,152,99858,152,99971,152,99651,152,100072,352,99628,152,100364,252,99588,152,100365,152,99544,152,100492,100,99538,100,100545,100,99519,100,100696,100,99443,100,100828,100,99353,100,100836,100,99337,100
2019-06-28 10:07:50.599143915,99960,52,99858,152,99971,152,99651,152,100072,352,99628,152,100134,100,99588,152,100364,252,99544,152,100365,152,99538,100,100492,100,99519,100,100545,100,99443,100,100696,100,99353,100,100828,100,99337,100
2019-06-28 10:07:52.662539543,99959,100,99858,152,99960,52,99651,152,99971,152,99628,152,100072,352,99588,152,100134,100,99544,152,100364,252,99538,100,100365,152,99519,100,100492,100,99443,100,100545,100,99353,100,100696,100,99337,100
2019-06-28 10:07:52.727625610,99959,100,99858,152,99960,52,99791,100,99971,152,99651,152,100072,352,99628,152,100134,100,99588,52,100364,252,99544,152,100365,152,99538,100,100492,100,99519,100,100545,100,99443,100,100696,100,99353,100
2019-06-28 10:08:00.000000000,99959,358,99858,358,99971,100,99791,100,100072,300,99651,100,100134,100,99628,100,100364,200,99544,100,100365,100,99538,100,100492,100,99519,100,100545,100,99443,100,100696,100,99353,100,100828,100,99337,100
2019-06-28 10:08:03.446713484,99959,258,99858,358,99971,100,99791,100,100072,300,99651,100,100134,100,99628,100,100364,200,99544,100,100365,100,99538,100,100492,100,99519,100,100545,100,99443,100,100696,100,99353,100,100828,100,99337,100
2019-06-28 10:08:08.525699593,99959,258,99878,100,99971,100,99858,358,100072,300,99791,100,100134,100,99651,100,100364,200,99628,100,100365,100,99544,100,100492,100,99538,100,100545,100,99519,100,100696,100,99443,100,100828,100,99353,100
2019-06-28 10:08:10.000000000,99971,229,99878,229,100072,429,99858,229,100134,100,99791,100,100364,200,99651,100,100365,100,99628,100,100492,100,99544,100,100545,100,99538,100,100696,100,99519,100,100828,100,99443,100,100836,100,99353,100
2019-06-28 10:08:19.215734244,99971,229,99958,100,100072,429,99878,229,100134,100,99858,229,100364,200,99791,100,100365,100,99651,100,100492,100,99628,100,100545,100,99544,100,100696,100,99538,100,100828,100,99519,100,100836,100,99443,100
2019-06-28 10:08:19.588887317,99971,129,99878,229,100072,429,99858,229,100134,100,99791,100,100364,200,99651,100,100365,100,99628,100,100492,100,99544,100,100545,100,99538,100,100696,100,99519,100,100828,100,99443,100,100836,100,99353,100
2019-06-28 10:08:20.000000000,100072,429,99878,229,100134,229,99858,229,100364,200,99791,100,100365,100,99651,100,100492,100,99628,100,100545,100,99544,100,100696,100,99538,100,100828,100,99519,100,100836,100,99443,100,,,99353,100
2019-06-28 10:08:21.341188249,100072,429,100055,100,100134,229,99878,229,100364,200,99858,229,100365,100,99791,100,100492,100,99651,100,100545,100,99628,100,100696,100,99544,100,100828,100,99538,100,100836,100,99519,100,,,99443,100
2019-06-28 10:08:30.000000000,100072,352,100055,152,100134,152,99878,152,100364,252,99858,152,100365,152,99791,152,100492,152,99651,152,100545,100,99628,100,100696,100,99544,100,100828,100,99538,100,100836,100,99519,100,,,99443,100
2019-06-28 10:08:32.002356667,100072,352,100055,152,100134,152,99878,152,100364,152,99858,152,100365,152,99791,152,100492,152,99651,152,100545,100,99628,100,100696,100,99544,100,100828,100,99538,100,100836,100,99519,100,,,99443,100
2019-06-28 10:08:40.000000000,100072,388,100055,188,100134,185,99878,185,100364,185,99858,185,100365,100,99791,100,100492,100,99651,100,100545,100,99628,100,100696,100,99544,100,100828,100,99538,100,100836,100,99519,100,,,99443,100
2019-06-28 10:08:46.865094034,100072,388,100055,88,100134,185,99878,185,100364,185,99858,185,100365,100,99791,100,100492,100,99651,100,100545,100,99628,100,100696,100,99544,100,100828,100,99538,100,100836,100,99519,100,,,99443,100
2019-06-28 10:08:50.000000000,100072,388,99878,188,100134,185,99858,185,100364,185,99791,185,100365,100,99651,100,100492,100,99628,100,100545,100,99544,100,100696,100,99538,100,100828,100,99519,100,100836,100,99443,100,,,99353,100
2019-06-28 10:09:00.000000000,100072,352,99878,152,100134,152,99858,152,100364,152,99791,152,100365,152,99651,152,100492,152,99628,152,100545,100,99544,100,100696,100,99538,100,100828,100,99519,100,100836,100,99443,100,,,99353,100
2019-06-28 10:09:10.000000000,100072,388,99878,188,100134,185,99858,185,100364,185,99791,185,100365,100,99651,100,100492,100,99628,100,100545,100,99544,100,100696,100,99538,100,100828,100,99519,100,100836,100,99443,100,,,99353,100
2019-06-28 10:09:20.000000000,100072,429,99878,229,100134,229,99858,229,100364,100,99791,100,100365,100,99651,100,100492,100,99628,100,100545,100,99544,100,100696,100,99538,100,100828,100,99519,100,100836,100,99443,100,,,99353,100
2019-06-28 10:09:30.000000000,100072,364,99878,164,100134,164,99858,164,100364,164,99791,164,100365,164,99651,164,100492,100,99628,100,100545,100,99544,100,100696,100,99538,100,100828,100,99519,100,100836,100,99443,100,,,99353,100
2019-06-28 10:09:40.000000000,100072,558,99878,358,100134,100,99858,100,100364,100,99791,100,100365,100,99651,100,100492,100,99628,100,100545,100,99544,100,100696,100,99538,100,100828,100,99519,100,100836,100,99443,100,,,99353,100
2019-06-28 10:09:50.000000000,100072,388,99878,188,100134,185,99858,185,100364,185,99791,185,100365,100,99651,100,100492,100,99628,100,100545,100,99544,100,100696,100,99538,100,100828,100,99519,100,100836,100,99443,100,,,99353,100
2019-06-28 10:09:52.605576224,99970,100,99878,188,100072,388,99858,185,100134,185,99791,185,100364,185,99651,100,100365,100,99628,100,100492,100,99544,100,100545,100,99538,100,100696,100,99519,100,100828,100,99443,100,100836,100,99353,100
2019-06-28 10:10:00.000000000,99970,188,99878,188,100072,385,99858,185,100134,185,99791,185,100364,100,99651,100,100365,100,99628,100,100492,100,99544,100,100545,100,99538,100,100696,100,99519,100,100828,100,99443,100,100836,100,99353,100
2019-06-28 10:10:10.000000000,99970,188,99878,188,100072,385,99858,185,100134,185,99791,185,100364,100,99651,100,100365,100,99628,100,100492,100,99544,100,100545,100,99538,100,100696,100,99519,100,100828,100,99443,100,100836,100,99353,100
2019-06-28 10:10:17.213884570,99970,188,99878,188,100072,285,99858,185,100134,185,99791,185,100364,100,99651,100,100365,100,99628,100,100492,100,99544,100,100545,100,99538,100,100696,100,99519,100,100828,100,99443,100,100836,100,99353,100
2019-06-28 10:10:20.000000000,99970,164,99878,164,100072,264,99858,164,100134,164,99791,164,100364,164,99651,164,100365,100,99628,100,100492,100,99544,100,100545,100,99538,100,100696,100,99519,100,100828,100,99443,100,100836,100,99353,100
2019-06-28 10:10:30.000000000,99970,358,99878,358,100072,200,99858,100,100134,100,99791,100,100364,100,99651,100,100365,100,99628,100,100492,100,99544,100,100545,100,99538,100,100696,100,99519,100,100828,100,99443,100,100836,100,99353,100
2019-06-28 10:10:40.000000000,99970,164,99878,164,100072,264,99858,164,100134,164,99791,164,100364,164,99651,164,100365,100,99628,100,100492,100,99544,100,100545,100,99538,100,100696,100,99519,100,100828,100,99443,100,100836,100,99353,100
