,ask_price_1,ask_size_1,bid_price_1,bid_size_1,ask_price_2,ask_size_2,bid_price_2,bid_size_2,ask_price_3,ask_size_3,bid_price_3,bid_size_3,ask_price_4,ask_size_4,bid_price_4,bid_size_4,ask_price_5,ask_size_5,bid_price_5,bid_size_5,ask_price_6,ask_size_6,bid_price_6,bid_size_6,ask_price_7,ask_size_7,bid_price_7,bid_size_7,ask_price_8,ask_size_8,bid_price_8,bid_size_8,ask_price_9,ask_size_9,bid_price_9,bid_size_9,ask_price_10,ask_size_10,bid_price_10,bid_size_10
2019-06-28 09:30:00.000000000,100107,100,,,,,,,,,,,,,,,,,,,,,,,,,,,,,,,,,,,,,,
2019-06-28 09:30:00.000000002,100107,100,99965,100,,,99894,100,,,,,,,,,,,,,,,,,,,,,,,,,,,,,,,,
2019-06-28 09:30:00.000000003,100047,100,99894,100,100069,100,,,100107,100,,,100126,100,,,,,,,,,,,,,,,,,,,,,,,,,,
2019-06-28 09:30:00.000000005,100047,100,99894,100,100069,100,99878,100,100107,100,99843,100,100126,100,,,,,,,,,,,,,,,,,,,,,,,,,,
2019-06-28 09:30:00.000000006,100047,100,99898,100,100069,100,99894,100,100107,100,99878,100,100126,100,99843,100,,,,,,,,,,,,,,,,,,,,,,,,
2019-06-28 09:30:00.000000007,100029,100,99898,100,100047,100,99894,100,100069,100,99878,100,100107,100,99843,100,100126,100,,,,,,,,,,,,,,,,,,,,,,
2019-06-28 09:30:00.000000008,100029,100,99898,100,100047,100,99894,100,100069,100,99878,100,100107,100,99843,100,100126,100,,,100136,100,,,,,,,,,,,,,,,,,,
2019-06-28 09:30:00.000000009,100029,100,99898,100,100047,100,99894,100,100069,100,99878,100,100091,100,99843,100,100107,100,,,100126,100,,,100136,100,,,,,,,,,,,,,,
2019-06-28 09:30:00.000000010,100029,100,99902,100,100047,100,99898,100,100069,100,99894,100,100075,100,99878,100,100091,100,99843,100,100107,100,,,100126,100,,,100136,100,,,,,,,,,,
2019-06-28 09:30:00.000000012,100029,100,99905,100,100047,100,99902,100,100069,100,99898,100,100075,100,99894,100,100091,100,99878,100,100107,100,99843,100,100126,100,,,100136,100,,,,,,,,,,
2019-06-28 09:30:00.000000013,100029,100,99905,100,100047,100,99902,100,100069,100,99898,100,100075,100,99897,100,100091,100,99894,100,100107,100,99878,100,100126,100,99852,100,100136,100,99843,100,,,,,,,,
2019-06-28 09:30:00.000000015,99968,100,99905,100,100000,100,99902,100,100029,100,99898,100,100047,100,99897,100,100069,100,99894,100,100075,100,99878,100,100091,100,99852,100,100107,100,99843,100,100126,100,,,100136,100,,
2019-06-28 09:30:00.000000017,99968,100,99905,100,100000,100,99902,100,100029,100,99898,100,100047,100,99897,100,100069,100,99894,100,100075,100,99889,100,100091,100,99878,100,100107,100,99852,100,100126,100,99843,100,100136,100,,
2019-06-28 09:30:00.000000018,100000,100,99905,100,100029,100,99902,100,100047,100,99898,100,100069,100,99897,100,100075,100,99894,100,100091,100,99889,100,100107,100,99878,100,100126,100,99852,100,100136,100,99843,100,,,,
2019-06-28 09:30:00.000000020,100000,100,99905,100,100029,100,99902,100,100047,100,99898,100,100069,100,99897,100,100075,100,99894,100,100091,100,99889,100,100107,100,99878,100,100126,100,99852,100,100136,100,99843,100,,,99818,100
2019-06-28 09:30:00.000000021,100000,100,99913,100,100029,100,99905,100,100047,100,99902,100,100069,100,99898,100,100075,100,99897,100,100091,100,99894,100,100107,100,99889,100,100126,100,99878,100,100136,100,99852,100,,,99843,100
2019-06-28 09:30:00.000000022,100000,100,99913,100,100029,100,99905,100,100047,100,99902,100,100069,100,99898,100,100075,100,99897,100,100091,100,99894,100,100107,100,99889,100,100126,100,99878,100,100136,100,99852,100,100200,100,99843,100
2019-06-28 09:30:00.000000024,100029,100,99913,100,100047,100,99905,100,100069,100,99902,100,100075,100,99898,100,100091,100,99897,100,100107,100,99894,100,100110,100,99889,100,100126,100,99878,100,100136,100,99852,100,100200,100,99843,100
2019-06-28 09:30:00.000000025,100029,100,99913,100,100047,100,99905,100,100069,100,99902,100,100075,100,99898,100,100091,100,99897,100,100107,100,99894,100,100110,100,99889,200,100126,100,99878,100,100136,100,99852,100,100200,100,99843,100
2019-06-28 09:30:00.000000026,100029,100,99913,100,100047,100,99905,100,100069,100,99902,100,100075,100,99898,100,100091,100,99897,100,100107,100,99894,100,100110,100,99889,200,100113,100,99878,100,100126,100,99852,100,100136,100,99843,100
2019-06-28 09:30:00.000000027,99980,100,99913,100,100029,100,99905,100,100047,100,99902,100,100069,100,99898,100,100075,100,99897,100,100091,100,99894,100,100107,100,99889,200,100110,100,99878,100,100113,100,99852,100,100126,100,99843,100
2019-06-28 09:30:00.000000028,99980,100,99913,100,100029,100,99905,100,100047,100,99902,100,100069,100,99898,100,100075,100,99897,100,100091,100,99894,100,100098,100,99889,200,100107,100,99878,100,100110,100,99857,100,100113,100,99852,100
2019-06-28 09:30:00.000000029,100029,100,99913,100,100047,100,99905,100,100069,100,99902,100,100075,100,99898,100,100091,100,99897,100,100098,100,99894,100,100107,100,99889,200,100110,100,99878,100,100113,100,99857,100,100126,100,99852,100
2019-06-28 09:30:00.000000036,100000,100,99913,100,100029,100,99905,100,100047,100,99902,100,100069,100,99898,100,100075,100,99897,100,100091,100,99894,100,100098,100,99889,200,100107,100,99878,100,100110,100,99857,100,100113,100,99852,100
2019-06-28 09:30:00.000000040,100029,100,99913,100,100047,100,99905,100,100069,100,99902,100,100075,100,99898,100,100091,100,99897,100,100098,100,99894,100,100107,100,99889,200,100110,100,99878,100,100113,100,99857,100,100126,100,99852,100
2019-06-28 09:30:00.000000046,100029,100,99980,100,100047,100,99913,100,100069,100,99905,100,100075,100,99902,100,100091,100,99898,100,100098,100,99897,100,100107,100,99894,100,100110,100,99889,200,100113,100,99878,100,100119,100,99857,100
2019-06-28 09:30:00.000000048,100029,100,99980,100,100047,100,99965,100,100069,100,99913,100,100075,100,99905,100,100091,100,99902,100,100098,100,99898,100,100107,100,99897,100,100110,100,99894,100,100113,100,99889,200,100119,100,99878,100
2019-06-28 09:30:00.000000053,100029,100,99980,100,100047,100,99965,100,100069,100,99913,100,100075,100,99905,100,100091,100,99902,100,100098,100,99898,100,100107,100,99897,100,100110,100,99894,100,100113,100,99889,200,100119,100,99878,100
2019-06-28 09:30:00.000000054,100029,100,99980,200,100047,100,99965,100,100069,100,99913,100,100075,100,99905,100,100091,100,99902,100,100098,100,99898,100,100107,100,99897,100,100110,100,99894,100,100113,100,99889,200,100119,100,99878,100
2019-06-28 09:30:00.000000055,100029,100,99980,200,100047,100,99965,100,100069,100,99913,100,100075,100,99905,100,100091,100,99902,100,100098,100,99898,100,100107,100,99897,100,100110,100,99894,100,100113,100,99889,200,100119,100,99878,100
2019-06-28 09:30:00.000000056,100029,100,99980,200,100040,100,99965,100,100047,100,99913,100,100069,100,99905,100,100075,100,99902,100,100091,100,99898,100,100098,100,99897,100,100107,100,99894,100,100110,100,99889,200,100113,100,99878,100
2019-06-28 09:30:00.000000057,100029,100,99980,200,100040,100,99965,100,100047,100,99941,100,100069,100,99913,100,100075,100,99905,100,100091,100,99902,100,100098,100,99898,100,100107,100,99897,100,100110,100,99894,100,100113,100,99892,100
2019-06-28 09:30:00.000000059,100029,100,99980,200,100036,100,99965,100,100040,100,99941,100,100047,100,99913,100,100069,100,99905,100,100075,100,99902,100,100091,100,99898,100,100098,100,99897,100,100107,100,99894,100,100110,100,99892,100
2019-06-28 09:30:00.000000062,100029,100,99980,300,100036,100,99965,100,100040,100,99941,100,100047,100,99913,100,100069,100,99905,100,100075,100,99902,100,100091,100,99898,100,100098,100,99897,100,100107,100,99894,100,100110,100,99892,100
2019-06-28 09:30:00.000000063,100029,100,99980,300,100036,100,99965,100,100040,100,99941,100,100047,100,99913,100,100069,100,99905,100,100075,100,99902,100,100091,100,99898,100,100098,100,99897,100,100100,100,99894,100,100107,100,99892,100
2019-06-28 09:30:00.000000069,100029,100,99980,300,100036,100,99965,100,100040,100,99941,100,100047,100,99913,100,100069,100,99905,100,100075,100,99902,100,100091,100,99898,100,100098,100,99897,100,100100,100,99894,100,100107,100,99892,100
2019-06-28 09:30:00.000000071,100029,100,99980,300,100036,100,99965,100,100040,100,99941,100,100047,100,99913,100,100069,100,99905,100,100075,100,99902,100,100091,100,99898,100,100098,100,99897,100,100100,100,99896,100,100107,100,99894,100
2019-06-28 09:30:00.000000072,100029,100,99980,300,100036,100,99965,100,100037,100,99941,100,100040,100,99913,100,100047,100,99905,100,100069,100,99902,100,100075,100,99898,100,100091,100,99897,100,100098,100,99896,100,100100,100,99894,100
2019-06-28 09:30:00.000000073,100029,100,99980,300,100036,100,99965,100,100037,100,99941,100,100040,100,99913,100,100047,100,99907,100,100069,100,99905,100,100075,100,99902,100,100091,100,99898,100,100098,100,99897,100,100100,100,99896,100
2019-06-28 09:30:00.000000074,100029,100,99980,400,100036,100,99965,100,100037,100,99941,100,100040,100,99913,100,100047,100,99907,100,100069,100,99905,100,100075,100,99902,100,100091,100,99898,100,100098,100,99897,100,100100,100,99896,100
2019-06-28 09:30:00.000000076,100003,100,99980,400,100029,100,99965,100,100036,100,99941,100,100037,100,99913,100,100040,100,99907,100,100047,100,99905,100,100069,100,99902,100,100075,100,99898,100,100091,100,99897,100,100098,100,99896,100
2019-06-28 09:30:00.000000079,100003,100,99980,400,100029,100,99965,100,100036,100,99941,100,100037,100,99913,100,100040,100,99907,100,100047,100,99905,100,100069,100,99902,100,100075,100,99898,100,100091,100,99897,200,100098,100,99896,100
2019-06-28 09:30:00.000000081,100000,100,99980,400,100003,100,99965,100,100029,100,99941,100,100036,100,99913,100,100037,100,99907,100,100040,100,99905,100,100047,100,99902,100,100069,100,99898,100,100075,100,99897,200,100091,100,99896,100
2019-06-28 09:30:00.000000082,100000,200,99980,400,100003,100,99965,100,100029,100,99941,100,100036,100,99913,100,100037,100,99907,100,100040,100,99905,100,100047,100,99902,100,100069,100,99898,100,100075,100,99897,200,100091,100,99896,100
2019-06-28 09:30:00.000000085,100000,200,99980,400,100003,100,99965,100,100007,100,99941,100,100029,100,99913,100,100036,100,99907,100,100037,100,99905,100,100040,100,99902,100,100047,100,99898,100,100069,100,99897,200,100075,100,99896,100
2019-06-28 09:30:00.000000087,100000,200,99980,400,100003,100,99965,100,100007,100,99941,100,100029,100,99913,100,100032,100,99907,100,100036,100,99905,100,100037,100,99902,100,100040,100,99898,100,100047,100,99897,200,100069,100,99896,100
2019-06-28 09:30:00.000000088,100000,200,99980,400,100003,100,99965,100,100007,100,99941,100,100029,100,99913,100,100032,100,99907,100,100036,100,99905,100,100037,100,99902,100,100040,100,99898,100,100047,100,99897,200,100069,100,99896,100
2019-06-28 09:30:00.000000092,100000,200,99980,400,100003,100,99965,100,100007,100,99941,100,100029,100,99918,100,100032,100,99913,100,100036,100,99907,100,100037,100,99905,100,100040,100,99902,100,100047,100,99898,100,100069,100,99897,200
2019-06-28 09:30:00.000000094,100000,300,99980,400,100003,100,99965,100,100007,100,99941,100,100029,100,99918,100,100032,100,99913,100,100036,100,99907,100,100037,100,99905,100,100040,100,99902,100,100047,100,99898,100,100069,100,99897,200
2019-06-28 09:30:00.000000099,100000,300,99980,400,100003,100,99965,100,100007,100,99941,100,100029,100,99924,100,100032,100,99918,100,100036,100,99913,100,100037,100,99907,100,100040,100,99905,100,100047,100,99902,100,100069,100,99898,100
2019-06-28 09:30:10.000000000,100000,398,99980,498,100003,198,99965,198,100007,198,99941,198,100029,198,99924,198,100032,198,99918,198,100036,100,99913,100,100037,100,99907,100,100040,100,99905,100,100047,100,99902,100,100069,100,99898,100
2019-06-28 09:30:11.593759344,100000,398,99980,398,100003,198,99965,198,100007,198,99941,198,100029,198,99924,198,100032,198,99918,198,100036,100,99913,100,100037,100,99907,100,100040,100,99905,100,100047,100,99902,100,100069,100,99898,100
2019-06-28 09:30:20.000000000,100000,398,99980,398,100003,198,99965,198,100007,198,99941,198,100029,198,99924,198,100032,198,99918,198,100036,100,99913,100,100037,100,99907,100,100040,100,99905,100,100047,100,99902,100,100069,100,99898,100
2019-06-28 09:30:24.010602850,100000,398,99980,398,100003,198,99965,198,100007,198,99941,198,100029,198,99924,198,100032,198,99918,198,100036,100,99913,100,100037,100,99907,100,100040,100,99905,100,100047,100,99902,100,100069,100,99898,100
2019-06-28 09:30:30.000000000,100000,398,99980,398,100003,198,99965,198,100007,198,99941,198,100029,198,99924,198,100032,198,99918,198,100036,100,99913,100,100037,100,99907,100,100040,100,99905,100,100047,100,99902,100,100069,100,99898,100
2019-06-28 09:30:40.000000000,100000,467,99980,467,100003,262,99965,262,100007,262,99941,262,100029,100,99924,100,100032,100,99918,100,100036,100,99913,100,100037,100,99907,100,100040,100,99905,100,100047,100,99902,100,100069,100,99898,100
2019-06-28 09:30:50.000000000,100000,792,99980,792,100003,100,99965,100,100007,100,99941,100,100029,100,99924,100,100032,100,99918,100,100036,100,99913,100,100037,100,99907,100,100040,100,99905,100,100047,100,99902,100,100069,100,99898,100
2019-06-28 09:31:00.000000000,100000,423,99980,423,100003,223,99965,223,100007,223,99941,223,100029,223,99924,223,100032,100,99918,100,100036,100,99913,100,100037,100,99907,100,100040,100,99905,100,100047,100,99902,100,100069,100,99898,100
2019-06-28 09:31:10.000000000,100000,423,99980,423,100003,223,99965,223,100007,223,99941,223,100029,223,99924,223,100032,100,99918,100,100036,100,99913,100,100037,100,99907,100,100040,100,99905,100,100047,100,99902,100,100069,100,99898,100
2019-06-28 09:31:20.000000000,100000,792,99980,792,100003,100,99965,100,100007,100,99941,100,100029,100,99924,100,100032,100,99918,100,100036,100,99913,100,100037,100,99907,100,100040,100,99905,100,100047,100,99902,100,100069,100,99898,100
2019-06-28 09:31:30.000000000,100000,546,99980,546,100003,346,99965,346,100007,100,99941,100,100029,100,99924,100,100032,100,99918,100,100036,100,99913,100,100037,100,99907,100,100040,100,99905,100,100047,100,99902,100,100069,100,99898,100
2019-06-28 09:31:40.000000000,100000,423,99980,423,100003,223,99965,223,100007,223,99941,223,100029,223,99924,223,100032,100,99918,100,100036,100,99913,100,100037,100,99907,100,100040,100,99905,100,100047,100,99902,100,100069,100,99898,100
2019-06-28 09:31:50.000000000,100000,792,99980,792,100003,100,99965,100,100007,100,99941,100,100029,100,99924,100,100032,100,99918,100,100036,100,99913,100,100037,100,99907,100,100040,100,99905,100,100047,100,99902,100,100069,100,99898,100
2019-06-28 09:31:59.775697732,100000,792,99980,692,100003,100,99965,100,100007,100,99941,100,100029,100,99924,100,100032,100,99918,100,100036,100,99913,100,100037,100,99907,100,100040,100,99905,100,100047,100,99902,100,100069,100,99898,100
2019-06-28 09:32:00.000000000,100000,792,99980,692,100003,100,99965,100,100007,100,99941,100,100029,100,99924,100,100032,100,99918,100,100036,100,99913,100,100037,100,99907,100,100040,100,99905,100,100047,100,99902,100,100069,100,99898,100
2019-06-28 09:32:04.409501485,100000,792,99980,592,100003,100,99965,100,100007,100,99941,100,100029,100,99924,100,100032,100,99918,100,100036,100,99913,100,100037,100,99907,100,100040,100,99905,100,100047,100,99902,100,100075,100,99898,100
2019-06-28 09:32:10.000000000,100000,546,99980,346,100003,346,99965,346,100007,100,99941,100,100029,100,99924,100,100032,100,99918,100,100036,100,99913,100,100037,100,99907,100,100040,100,99905,100,100047,100,99902,100,100075,100,99898,100
2019-06-28 09:32:10.961607158,100000,546,99980,246,100003,346,99965,346,100007,100,99941,100,100029,100,99924,100,100032,100,99918,100,100036,100,99913,100,100037,100,99907,100,100040,100,99905,100,100047,100,99902,100,100075,100,99898,100
2019-06-28 09:32:11.626938424,100000,546,99980,146,100003,346,99965,346,100007,100,99941,100,100029,100,99924,100,100032,100,99918,100,100036,100,99913,100,100037,100,99907,100,100040,100,99905,100,100047,100,99902,100,100075,100,99898,100
2019-06-28 09:32:20.000000000,100000,467,99965,267,100003,262,99941,262,100007,262,99924,262,100029,100,99918,100,100032,100,99913,100,100036,100,99907,100,100037,100,99905,100,100040,100,99902,100,100047,100,99898,100,100075,100,99897,200
2019-06-28 09:32:22.439232554,100000,467,99965,167,100003,262,99941,262,100007,262,99924,262,100029,100,99918,100,100032,100,99913,100,100036,100,99907,100,100037,100,99905,100,100040,100,99902,100,100047,100,99898,100,100075,100,99897,200
2019-06-28 09:32:30.000000000,100000,546,99941,346,100003,346,99924,346,100007,100,99918,100,100029,100,99913,100,100032,100,99907,100,100036,100,99905,100,100037,100,99902,100,100040,100,99898,100,100047,100,99897,200,100075,100,99896,100
2019-06-28 09:32:32.102710372,100000,546,99941,246,100003,346,99924,346,100007,100,99918,100,100029,100,99913,100,100032,100,99907,100,100036,100,99905,100,100037,100,99902,100,100040,100,99898,100,100047,100,99897,200,100075,100,99896,100
2019-06-28 09:32:36.632388199,100000,546,99941,146,100003,346,99924,346,100007,100,99918,100,100029,100,99913,100,100032,100,99907,100,100036,100,99905,100,100040,100,99902,100,100047,100,99898,100,100075,100,99897,200,100091,100,99896,100
2019-06-28 09:32:39.190304132,100000,546,99941,46,100003,346,99924,346,100029,100,99918,100,100032,100,99913,100,100036,100,99907,100,100040,100,99905,100,100047,100,99902,100,100075,100,99898,100,100091,100,99897,200,100092,100,99896,100
2019-06-28 09:32:40.000000000,100000,467,99924,267,100003,262,99918,262,100029,262,99913,262,100032,100,99907,100,100036,100,99905,100,100040,100,99902,100,100047,100,99898,100,100075,100,99897,200,100091,100,99896,100,100092,100,99894,100
2019-06-28 09:32:50.000000000,100000,467,99924,267,100003,262,99918,262,100029,262,99913,262,100032,100,99907,100,100036,100,99905,100,100040,100,99902,100,100047,100,99898,100,100075,100,99897,200,100091,100,99896,100,100092,100,99894,100
2019-06-28 09:32:52.826184775,99941,100,99924,267,100000,467,99918,262,100003,262,99913,262,100029,262,99907,100,100032,100,99905,100,100036,100,99902,100,100040,100,99898,100,100047,100,99897,200,100075,100,99896,100,100091,100,99894,100
2019-06-28 09:32:55.836552682,99941,100,99924,167,100000,467,99918,262,100003,262,99913,262,100029,262,99907,100,100032,100,99905,100,100036,100,99902,100,100040,100,99898,100,100047,100,99897,200,100075,100,99896,100,100091,100,99894,100
2019-06-28 09:32:58.900251669,99940,100,99924,167,99941,100,99918,262,100000,467,99913,262,100003,262,99907,100,100029,262,99905,100,100032,100,99902,100,100036,100,99898,100,100040,100,99897,200,100047,100,99896,100,100075,100,99894,100
2019-06-28 09:32:59.944259549,99940,100,99924,167,99941,100,99918,262,100000,467,99913,262,100003,262,99907,100,100029,262,99905,100,100032,100,99902,100,100036,100,99898,100,100040,100,99897,200,100047,100,99896,100,100075,100,99894,100
2019-06-28 09:33:00.000000000,99940,267,99918,267,99941,262,99913,262,100000,462,99907,262,100003,100,99905,100,100029,100,99902,100,100032,100,99898,100,100036,100,99897,200,100040,100,99896,100,100047,100,99894,100,100075,100,99892,100
2019-06-28 09:33:09.088974383,99940,367,99918,267,99941,262,99913,262,100000,462,99907,262,100003,100,99905,100,100029,100,99902,100,100032,100,99898,100,100036,100,99897,200,100040,100,99896,100,100047,100,99894,100,100075,100,99892,100
2019-06-28 09:33:10.000000000,99940,367,99918,267,99941,262,99913,262,100000,462,99907,262,100003,100,99905,100,100029,100,99902,100,100032,100,99898,100,100036,100,99897,200,100040,100,99896,100,100047,100,99894,100,100075,100,99892,100
2019-06-28 09:33:20.000000000,99940,298,99918,198,99941,198,99913,198,100000,398,99907,198,100003,198,99905,198,100029,198,99902,198,100032,100,99898,100,100036,100,99897,200,100040,100,99896,100,100047,100,99894,100,100075,100,99892,100
2019-06-28 09:33:30.000000000,99940,446,99918,346,99941,346,99913,346,100000,300,99907,100,100003,100,99905,100,100029,100,99902,100,100032,100,99898,100,100036,100,99897,200,100040,100,99896,100,100047,100,99894,100,100075,100,99892,100
2019-06-28 09:33:40.000000000,99940,367,99918,267,99941,262,99913,262,100000,462,99907,262,100003,100,99905,100,100029,100,99902,100,100032,100,99898,100,100036,100,99897,200,100040,100,99896,100,100047,100,99894,100,100075,100,99892,100
2019-06-28 09:33:48.524837659,99940,367,99918,167,99941,262,99913,262,100000,462,99907,262,100003,100,99905,100,100029,100,99902,100,100032,100,99898,100,100036,100,99897,200,100040,100,99896,100,100047,100,99894,100,100075,100,99892,100
2019-06-28 09:33:50.000000000,99940,446,99913,346,99941,346,99907,346,100000,300,99905,100,100003,100,99902,100,100029,100,99898,100,100032,100,99897,200,100036,100,99896,100,100040,100,99894,100,100047,100,99892,100,100075,100,99889,200
2019-06-28 09:33:55.087705807,99940,446,99913,346,99941,346,99907,346,100000,300,99905,100,100003,100,99902,100,100029,100,99898,100,100032,100,99897,200,100036,100,99896,100,100040,100,99894,100,100047,100,99892,100,100075,100,99889,200
2019-06-28 09:33:59.759305141,99940,446,99913,346,99941,346,99907,346,100000,300,99905,100,100003,100,99902,100,100029,100,99897,200,100032,100,99896,100,100036,100,99894,100,100040,100,99892,100,100047,100,99889,200,100075,100,99859,100
2019-06-28 09:34:00.000000000,99940,298,99913,198,99941,198,99907,198,100000,398,99905,198,100003,198,99902,198,100029,198,99897,298,100032,100,99896,100,100036,100,99894,100,100040,100,99892,100,100047,100,99889,200,100075,100,99859,100
2019-06-28 09:34:10.000000000,99940,323,99913,223,99941,223,99907,223,100000,423,99905,223,100003,223,99902,223,100029,100,99897,200,100032,100,99896,100,100036,100,99894,100,100040,100,99892,100,100047,100,99889,200,100075,100,99859,100
2019-06-28 09:34:20.000000000,99940,298,99913,198,99941,198,99907,198,100000,398,99905,198,100003,198,99902,198,100029,198,99897,298,100032,100,99896,100,100036,100,99894,100,100040,100,99892,100,100047,100,99889,200,100075,100,99859,100
2019-06-28 09:34:30.000000000,99940,298,99913,198,99941,198,99907,198,100000,398,99905,198,100003,198,99902,198,100029,198,99897,298,100032,100,99896,100,100036,100,99894,100,100040,100,99892,100,100047,100,99889,200,100075,100,99859,100
2019-06-28 09:34:36.650917445,99940,298,99913,198,99941,198,99907,198,100000,398,99905,198,100003,198,99902,198,100029,198,99897,198,100032,100,99896,100,100036,100,99894,100,100040,100,99892,100,100047,100,99889,200,100075,100,99859,100
2019-06-28 09:34:40.000000000,99940,298,99913,198,99941,198,99907,198,100000,398,99905,198,100003,198,99902,198,100029,198,99897,198,100032,100,99896,100,100036,100,99894,100,100040,100,99892,100,100047,100,99889,200,100075,100,99859,100
2019-06-28 09:34:41.683471762,99940,298,99913,198,99941,198,99907,198,100000,398,99905,198,100003,198,99902,198,100029,98,99897,198,100032,100,99896,100,100036,100,99894,100,100040,100,99892,100,100047,100,99889,200,100075,100,99859,100
2019-06-28 09:34:50.000000000,99940,367,99913,267,99941,262,99907,262,100000,462,99905,262,100003,100,99902,100,100032,100,99897,100,100036,100,99896,100,100040,100,99894,100,100047,100,99892,100,100075,100,99889,200,100091,100,99859,100
2019-06-28 09:34:57.011590381,99940,367,99913,167,99941,262,99907,262,100000,462,99905,262,100003,100,99902,100,100032,100,99897,100,100036,100,99896,100,100040,100,99894,100,100047,100,99892,100,100075,100,99889,100,100091,100,99859,100
2019-06-28 09:35:00.000000000,99940,367,99907,267,99941,262,99905,262,100000,462,99902,262,100003,100,99897,100,100032,100,99896,100,100036,100,99894,100,100040,100,99892,100,100047,100,99889,100,100075,100,99859,100,100091,100,99857,100
2019-06-28 09:35:10.000000000,99940,692,99907,592,99941,100,99905,100,100000,300,99902,100,100003,100,99897,100,100032,100,99896,100,100036,100,99894,100,100040,100,99892,100,100047,100,99889,100,100075,100,99859,100,100091,100,99857,100
2019-06-28 09:35:14.278482858,99940,692,99919,100,99941,100,99907,592,100000,300,99905,100,100003,100,99902,100,100032,100,99897,100,100036,100,99896,100,100040,100,99894,100,100047,100,99892,100,100075,100,99889,100,100091,100,99859,100
2019-06-28 09:35:20.000000000,99940,692,99919,592,99941,100,99907,100,100000,300,99905,100,100003,100,99902,100,100032,100,99897,100,100036,100,99896,100,100040,100,99894,100,100047,100,99892,100,100075,100,99889,100,100091,100,99859,100
2019-06-28 09:35:30.000000000,99940,323,99919,223,99941,223,99907,223,100000,423,99905,223,100003,223,99902,223,100032,100,99897,100,100036,100,99896,100,100040,100,99894,100,100047,100,99892,100,100075,100,99889,100,100091,100,99859,100
2019-06-28 09:35:40.000000000,99940,323,99919,223,99941,223,99907,223,100000,423,99905,223,100003,223,99902,223,100032,100,99897,100,100036,100,99896,100,100040,100,99894,100,100047,100,99892,100,100075,100,99889,100,100091,100,99859,100
2019-06-28 09:35:50.000000000,99940,298,99919,198,99941,198,99907,198,100000,398,99905,198,100003,198,99902,198,100032,198,99897,198,100036,100,99896,100,100040,100,99894,100,100047,100,99892,100,100075,100,99889,100,100091,100,99859,100
2019-06-28 09:36:00.000000000,99940,298,99919,198,99941,198,99907,198,100000,398,99905,198,100003,198,99902,198,100032,198,99897,198,100036,100,99896,100,100040,100,99894,100,100047,100,99892,100,100075,100,99889,100,100091,100,99859,100
2019-06-28 09:36:10.000000000,99940,446,99919,346,99941,346,99907,346,100000,300,99905,100,100003,100,99902,100,100032,100,99897,100,100036,100,99896,100,100040,100,99894,100,100047,100,99892,100,100075,100,99889,100,100091,100,99859,100
2019-06-28 09:36:12.024359240,99940,446,99919,346,99941,346,99907,346,100000,300,99905,100,100003,100,99902,100,100032,100,99897,100,100036,100,99896,100,100040,100,99894,100,100047,100,99892,100,100075,100,99889,100,100091,100,99859,100
2019-06-28 09:36:14.297361519,99940,446,99919,346,99941,346,99907,346,100000,200,99905,100,100003,100,99902,100,100032,100,99897,100,100036,100,99896,100,100040,100,99894,100,100047,100,99892,100,100075,100,99889,100,100091,100,99859,100
2019-06-28 09:36:20.000000000,99940,298,99919,198,99941,198,99907,198,100000,298,99905,198,100003,198,99902,198,100032,198,99897,198,100036,100,99896,100,100040,100,99894,100,100047,100,99892,100,100075,100,99889,100,100091,100,99859,100
2019-06-28 09:36:30.000000000,99940,446,99919,346,99941,346,99907,346,100000,200,99905,100,100003,100,99902,100,100032,100,99897,100,100036,100,99896,100,100040,100,99894,100,100047,100,99892,100,100075,100,99889,100,100091,100,99859,100
2019-06-28 09:36:40.000000000,99940,367,99919,267,99941,262,99907,262,100000,362,99905,262,100003,100,99902,100,100032,100,99897,100,100036,100,99896,100,100040,100,99894,100,100047,100,99892,100,100075,100,99889,100,100091,100,99859,100
2019-06-28 09:36:42.872222377,99940,367,99919,267,99941,262,99907,262,100000,362,99905,262,100003,100,99902,100,100032,100,99897,100,100036,100,99896,100,100040,100,99894,100,100047,100,99892,100,100075,100,99889,100,100091,100,99859,100
2019-06-28 09:36:50.000000000,99940,323,99919,223,99941,223,99907,223,100000,323,99905,223,100003,223,99902,223,100032,100,99897,100,100036,100,99896,100,100040,100,99894,100,100047,100,99892,100,100075,100,99889,100,100091,100,99859,100
2019-06-28 09:36:51.170075703,99940,323,99919,123,99941,223,99907,223,100000,323,99905,223,100003,223,99902,223,100032,100,99897,100,100036,100,99896,100,100040,100,99894,100,100047,100,99892,100,100075,100,99889,100,100091,100,99859,100
2019-06-28 09:37:00.000000000,99940,323,99907,223,99941,223,99905,223,100000,323,99902,223,100003,223,99897,223,100032,100,99896,100,100036,100,99894,100,100040,100,99892,100,100047,100,99889,100,100075,100,99859,100,100091,100,99857,100
2019-06-28 09:37:01.509749130,99940,323,99907,123,99941,223,99905,223,100000,323,99902,223,100003,223,99897,223,100032,100,99894,100,100036,100,99892,100,100040,100,99889,100,100047,100,99859,100,100075,100,99857,100,100091,100,99855,100
2019-06-28 09:37:10.000000000,99940,367,99905,267,99941,262,99902,262,100000,362,99897,262,100003,100,99894,100,100032,100,99892,100,100036,100,99889,100,100040,100,99859,100,100047,100,99857,100,100075,100,99855,100,100091,100,99853,100
2019-06-28 09:37:10.763623866,99919,100,99905,267,99940,367,99902,262,99941,262,99897,262,100000,362,99894,100,100003,100,99892,100,100032,100,99889,100,100036,100,99859,100,100040,100,99857,100,100047,100,99855,100,100075,100,99853,100
2019-06-28 09:37:13.138495753,99919,100,99905,267,99940,367,99902,262,99941,262,99897,262,100000,362,99894,100,100003,100,99892,100,100032,100,99889,100,100036,100,99859,100,100040,100,99857,100,100047,100,99855,100,100075,100,99853,100
2019-06-28 09:37:14.821056048,99919,100,99905,167,99940,367,99902,262,99941,262,99897,262,100000,362,99894,100,100003,100,99892,100,100036,100,99889,100,100040,100,99859,100,100047,100,99857,100,100075,100,99855,100,100091,100,99853,100
2019-06-28 09:37:19.592581342,99919,100,99905,167,99940,367,99902,262,99941,262,99897,262,100000,362,99894,100,100003,100,99892,100,100036,100,99889,100,100040,100,99859,100,100047,100,99857,100,100075,100,99855,100,100091,100,99853,100
2019-06-28 09:37:20.000000000,99919,267,99902,267,99940,362,99897,262,99941,262,99894,262,100000,200,99892,100,100003,100,99889,100,100036,100,99859,100,100040,100,99857,100,100047,100,99855,100,100075,100,99853,100,100091,100,99843,100
2019-06-28 09:37:30.000000000,99919,346,99902,346,99940,446,99897,346,99941,100,99894,100,100000,200,99892,100,100003,100,99889,100,100036,100,99859,100,100040,100,99857,100,100047,100,99855,100,100075,100,99853,100,100091,100,99843,100
2019-06-28 09:37:37.454458212,99919,346,99902,346,99940,446,99897,346,99941,100,99894,100,100000,200,99892,100,100003,100,99889,100,100036,100,99859,100,100040,100,99857,100,100047,100,99855,100,100075,100,99853,100,100091,100,99843,100
2019-06-28 09:37:40.000000000,99919,198,99902,198,99940,298,99897,198,99941,198,99894,198,100000,298,99892,198,100003,198,99889,198,100036,100,99859,100,100040,100,99857,100,100047,100,99855,100,100075,100,99853,100,100091,100,99843,100
2019-06-28 09:37:45.758423717,99919,198,99902,198,99940,298,99897,198,99941,198,99894,198,100000,298,99892,198,100003,198,99889,198,100036,100,99859,100,100040,100,99857,100,100047,100,99855,100,100075,100,99853,100,100091,100,99843,100
2019-06-28 09:37:50.000000000,99919,592,99902,592,99940,200,99897,100,99941,100,99894,100,100000,200,99892,100,100003,100,99889,100,100036,100,99859,100,100040,100,99857,100,100047,100,99855,100,100075,100,99853,100,100091,100,99843,100
2019-06-28 09:37:54.901689520,99919,592,99902,592,99940,200,99897,100,100000,200,99894,100,100003,100,99892,100,100036,100,99889,100,100040,100,99859,100,100047,100,99857,100,100075,100,99855,100,100091,100,99853,100,100092,100,99843,100
2019-06-28 09:38:00.000000000,99919,198,99902,198,99940,298,99897,198,100000,298,99894,198,100003,198,99892,198,100036,198,99889,198,100040,100,99859,100,100047,100,99857,100,100075,100,99855,100,100091,100,99853,100,100092,100,99843,100
2019-06-28 09:38:10.000000000,99919,267,99902,267,99940,362,99897,262,100000,362,99894,262,100003,100,99892,100,100036,100,99889,100,100040,100,99859,100,100047,100,99857,100,100075,100,99855,100,100091,100,99853,100,100092,100,99843,100
2019-06-28 09:38:13.788341508,99919,267,99902,167,99940,362,99897,262,100000,362,99894,262,100003,100,99892,100,100036,100,99889,100,100040,100,99859,100,100047,100,99857,100,100075,100,99855,100,100091,100,99853,100,100092,100,99843,100
2019-06-28 09:38:20.000000000,99919,223,99897,223,99940,323,99894,223,100000,323,99892,223,100003,223,99889,223,100036,100,99859,100,100040,100,99857,100,100047,100,99855,100,100075,100,99853,100,100091,100,99843,100,100092,100,99838,100
2019-06-28 09:38:30.000000000,99919,223,99897,223,99940,323,99894,223,100000,323,99892,223,100003,223,99889,223,100036,100,99859,100,100040,100,99857,100,100047,100,99855,100,100075,100,99853,100,100091,100,99843,100,100092,100,99838,100
2019-06-28 09:38:35.405698610,99919,223,99897,223,99940,323,99894,223,100000,323,99892,223,100003,223,99889,223,100036,100,99859,100,100040,100,99857,100,100047,100,99855,100,100075,100,99853,100,100091,100,99843,100,100092,100,99838,100
2019-06-28 09:38:40.000000000,99919,223,99897,223,99940,323,99894,223,100000,323,99892,223,100003,223,99889,223,100036,100,99859,100,100040,100,99857,100,100047,100,99855,100,100075,100,99853,100,100091,100,99843,100,100092,100,99838,100
2019-06-28 09:38:50.000000000,99919,223,99897,223,99940,323,99894,223,100000,323,99892,223,100003,223,99889,223,100036,100,99859,100,100040,100,99857,100,100047,100,99855,100,100075,100,99853,100,100091,100,99843,100,100092,100,99838,100
2019-06-28 09:39:00.000000000,99919,223,99897,223,99940,323,99894,223,100000,323,99892,223,100003,223,99889,223,100036,100,99859,100,100040,100,99857,100,100047,100,99855,100,100075,100,99853,100,100091,100,99843,100,100092,100,99838,100
2019-06-28 09:39:10.000000000,99919,346,99897,346,99940,446,99894,346,100000,200,99892,100,100003,100,99889,100,100036,100,99859,100,100040,100,99857,100,100047,100,99855,100,100075,100,99853,100,100091,100,99843,100,100092,100,99838,100
2019-06-28 09:39:10.952034402,99919,346,99897,246,99940,446,99894,346,100000,200,99892,100,100003,100,99889,100,100036,100,99859,100,100040,100,99857,100,100075,100,99855,100,100091,100,99853,100,100092,100,99843,100,100100,100,99838,100
2019-06-28 09:39:20.000000000,99919,223,99894,223,99940,323,99892,223,100000,323,99889,223,100003,223,99859,223,100036,100,99857,100,100040,100,99855,100,100075,100,99853,100,100091,100,99843,100,100092,100,99838,100,100100,100,99818,100
2019-06-28 09:39:28.470567503,99919,223,99894,223,99940,323,99892,223,100000,323,99889,223,100003,223,99859,223,100036,100,99857,100,100040,100,99855,100,100075,100,99853,100,100091,100,99843,100,100092,100,99838,100,100100,100,99818,100
2019-06-28 09:39:28.931208259,99919,223,99894,123,99940,323,99892,223,100000,323,99889,223,100003,223,99859,223,100036,100,99857,100,100040,100,99855,100,100075,100,99853,100,100091,100,99843,100,100092,100,99838,100,100100,100,99818,100
2019-06-28 09:39:30.000000000,99919,267,99892,267,99940,362,99889,262,100000,362,99859,262,100003,100,99857,100,100036,100,99855,100,100040,100,99853,100,100075,100,99843,100,100091,100,99838,100,100092,100,99818,100,100100,100,99672,100
2019-06-28 09:39:40.000000000,99919,198,99892,198,99940,298,99889,198,100000,298,99859,198,100003,198,99857,198,100036,198,99855,198,100040,100,99853,100,100075,100,99843,100,100091,100,99838,100,100092,100,99818,100,100100,100,99672,100
2019-06-28 09:39:50.000000000,99919,267,99892,267,99940,362,99889,262,100000,362,99859,262,100003,100,99857,100,100036,100,99855,100,100040,100,99853,100,100075,100,99843,100,100091,100,99838,100,100092,100,99818,100,100100,100,99672,100
2019-06-28 09:39:57.023867313,99919,267,99892,267,99940,362,99889,262,100000,362,99859,162,100003,100,99857,100,100036,100,99855,100,100040,100,99853,100,100075,100,99843,100,100091,100,99838,100,100092,100,99818,100,100100,100,99672,100
2019-06-28 09:40:00.000000000,99919,267,99892,267,99940,362,99889,262,100000,362,99857,262,100003,100,99855,100,100036,100,99853,100,100040,100,99843,100,100075,100,99838,100,100091,100,99818,100,100092,100,99672,100,100100,100,99467,100
2019-06-28 09:40:10.000000000,99919,592,99892,592,99940,200,99889,100,100000,200,99857,100,100003,100,99855,100,100036,100,99853,100,100040,100,99843,100,100075,100,99838,100,100091,100,99818,100,100092,100,99672,100,100100,100,99467,100
2019-06-28 09:40:20.000000000,99919,198,99892,198,99940,298,99889,198,100000,298,99857,198,100003,198,99855,198,100036,198,99853,198,100040,100,99843,100,100075,100,99838,100,100091,100,99818,100,100092,100,99672,100,100100,100,99467,100
2019-06-28 09:40:30.000000000,99919,346,99892,346,99940,446,99889,346,100000,200,99857,100,100003,100,99855,100,100036,100,99853,100,100040,100,99843,100,100075,100,99838,100,100091,100,99818,100,100092,100,99672,100,100100,100,99467,100
2019-06-28 09:40:38.111260137,99919,346,99898,100,99940,446,99892,346,100000,200,99889,346,100003,100,99857,100,100036,100,99855,100,100040,100,99853,100,100075,100,99843,100,100091,100,99838,100,100092,100,99818,100,100100,100,99672,100
2019-06-28 09:40:40.000000000,99919,592,99898,592,99940,200,99892,100,100000,200,99889,100,100003,100,99857,100,100036,100,99855,100,100040,100,99853,100,100075,100,99843,100,100091,100,99838,100,100092,100,99818,100,100100,100,99672,100
2019-06-28 09:40:40.223272164,99919,592,99898,592,99940,200,99892,100,100000,200,99889,100,100003,100,99857,100,100036,100,99855,100,100040,100,99853,100,100075,100,99843,100,100091,100,99838,100,100092,100,99818,100,100100,100,99672,100
2019-06-28 09:40:48.525819999,99919,492,99898,592,99940,200,99892,100,100000,200,99889,100,100003,100,99857,100,100036,100,99855,100,100040,100,99853,100,100075,100,99843,100,100091,100,99838,100,100092,100,99818,100,100100,100,99672,100
2019-06-28 09:40:50.000000000,99940,446,99898,346,100000,446,99892,346,100003,100,99889,100,100036,100,99857,100,100040,100,99855,100,100075,100,99853,100,100091,100,99843,100,100092,100,99838,100,100100,100,99818,100,100107,100,99672,100
2019-06-28 09:40:50.837043324,99940,346,99898,346,100000,446,99892,346,100003,100,99889,100,100036,100,99857,100,100040,100,99855,100,100075,100,99853,100,100091,100,99843,100,100092,100,99838,100,100100,100,99818,100,100107,100,99672,100
2019-06-28 09:41:00.000000000,99940,223,99898,223,100000,323,99892,223,100003,223,99889,223,100036,223,99857,223,100040,100,99855,100,100075,100,99853,100,100091,100,99843,100,100092,100,99838,100,100100,100,99818,100,100107,100,99672,100
2019-06-28 09:41:10.000000000,99940,198,99898,198,100000,298,99892,198,100003,198,99889,198,100036,198,99857,198,100040,198,99855,198,100075,100,99853,100,100091,100,99843,100,100092,100,99838,100,100100,100,99818,100,100107,100,99672,100
2019-06-28 09:41:20.000000000,99940,592,99898,592,100000,200,99892,100,100003,100,99889,100,100036,100,99857,100,100040,100,99855,100,100075,100,99853,100,100091,100,99843,100,100092,100,99838,100,100100,100,99818,100,100107,100,99672,100
2019-06-28 09:41:30.000000000,99940,198,99898,198,100000,298,99892,198,100003,198,99889,198,100036,198,99857,198,100040,198,99855,198,100075,100,99853,100,100091,100,99843,100,100092,100,99838,100,100100,100,99818,100,100107,100,99672,100
2019-06-28 09:41:40.000000000,99940,198,99898,198,100000,298,99892,198,100003,198,99889,198,100036,198,99857,198,100040,198,99855,198,100075,100,99853,100,100091,100,99843,100,100092,100,99838,100,100100,100,99818,100,100107,100,99672,100
2019-06-28 09:41:47.636073828,99940,198,99898,198,100000,298,99892,198,100003,198,99889,198,100036,198,99857,198,100040,198,99855,198,100075,100,99853,100,100091,100,99843,100,100092,100,99838,100,100100,100,99818,100,100107,100,99672,100
2019-06-28 09:41:48.143840615,99940,198,99899,100,100000,298,99898,198,100003,198,99892,198,100036,198,99889,198,100040,198,99857,198,100075,100,99855,198,100091,100,99853,100,100092,100,99843,100,100100,100,99838,100,100107,100,99818,100
2019-06-28 09:41:48.758515845,99940,98,99899,100,100000,298,99898,198,100003,198,99892,198,100036,198,99889,198,100040,198,99857,198,100075,100,99855,198,100091,100,99853,100,100092,100,99843,100,100100,100,99838,100,100107,100,99818,100
2019-06-28 09:41:50.000000000,100000,367,99899,267,100003,262,99898,262,100036,262,99892,262,100040,100,99889,100,100075,100,99857,100,100091,100,99855,100,100092,100,99853,100,100100,100,99843,100,100107,100,99838,100,100110,100,99818,100
2019-06-28 09:42:00.000000000,100000,367,99899,267,100003,262,99898,262,100036,262,99892,262,100040,100,99889,100,100075,100,99857,100,100091,100,99855,100,100092,100,99853,100,100100,100,99843,100,100107,100,99838,100,100110,100,99818,100
2019-06-28 09:42:10.000000000,100000,323,99899,223,100003,223,99898,223,100036,223,99892,223,100040,223,99889,223,100075,100,99857,100,100091,100,99855,100,100092,100,99853,100,100100,100,99843,100,100107,100,99838,100,100110,100,99818,100
2019-06-28 09:42:20.000000000,100000,298,99899,198,100003,198,99898,198,100036,198,99892,198,100040,198,99889,198,100075,198,99857,198,100091,100,99855,100,100092,100,99853,100,100100,100,99843,100,100107,100,99838,100,100110,100,99818,100
2019-06-28 09:42:29.178503349,100000,298,99899,198,100003,198,99898,198,100036,198,99892,198,100040,98,99889,198,100075,198,99857,198,100091,100,99855,100,100092,100,99853,100,100100,100,99843,100,100107,100,99838,100,100110,100,99818,100
2019-06-28 09:42:30.000000000,100000,298,99899,198,100003,198,99898,198,100036,198,99892,198,100075,198,99889,198,100091,198,99857,198,100092,100,99855,100,100100,100,99853,100,100107,100,99843,100,100110,100,99838,100,100152,100,99818,100
2019-06-28 09:42:40.000000000,100000,367,99899,267,100003,262,99898,262,100036,262,99892,262,100075,100,99889,100,100091,100,99857,100,100092,100,99855,100,100100,100,99853,100,100107,100,99843,100,100110,100,99838,100,100152,100,99818,100
2019-06-28 09:42:50.000000000,100000,367,99899,267,100003,262,99898,262,100036,262,99892,262,100075,100,99889,100,100091,100,99857,100,100092,100,99855,100,100100,100,99853,100,100107,100,99843,100,100110,100,99838,100,100152,100,99818,100
2019-06-28 09:42:54.923258773,100000,267,99899,267,100003,262,99898,262,100036,262,99892,262,100075,100,99889,100,100091,100,99857,100,100092,100,99855,100,100100,100,99853,100,100107,100,99843,100,100110,100,99838,100,100152,100,99818,100
2019-06-28 09:42:55.956857346,100000,267,99899,267,100003,262,99898,262,100036,262,99892,262,100075,100,99889,100,100091,100,99857,100,100092,100,99855,100,100100,100,99853,100,100107,100,99843,100,100110,100,99838,100,100152,100,99818,100
2019-06-28 09:43:00.000000000,100000,267,99899,267,100003,262,99898,262,100036,262,99892,262,100075,100,99889,100,100091,100,99857,100,100092,100,99855,100,100100,100,99853,100,100107,100,99843,100,100110,100,99838,100,100152,100,99818,100
2019-06-28 09:43:10.000000000,100000,198,99899,198,100003,198,99898,198,100036,198,99892,198,100075,198,99889,198,100091,198,99857,198,100092,100,99855,100,100100,100,99853,100,100107,100,99843,100,100110,100,99838,100,100152,100,99818,100
2019-06-28 09:43:13.298108216,100000,198,99899,198,100003,198,99898,198,100036,198,99892,198,100075,198,99889,198,100091,198,99857,198,100100,100,99855,100,100107,100,99853,100,100110,100,99843,100,100152,100,99838,100,100194,100,99818,100
2019-06-28 09:43:16.693312579,100000,198,99899,198,100003,198,99898,198,100036,198,99892,198,100075,198,99889,198,100091,198,99857,198,100100,100,99855,100,100107,100,99853,100,100110,100,99843,100,100152,100,99838,100,100194,100,99818,100
2019-06-28 09:43:20.000000000,100000,223,99899,223,100003,223,99898,223,100036,223,99892,223,100075,223,99889,223,100091,100,99857,100,100100,100,99855,100,100107,100,99853,100,100110,100,99843,100,100152,100,99838,100,100194,100,99818,100
2019-06-28 09:43:30.000000000,100000,198,99899,198,100003,198,99898,198,100036,198,99892,198,100075,198,99889,198,100091,198,99857,198,100100,100,99855,100,100107,100,99853,100,100110,100,99843,100,100152,100,99838,100,100194,100,99818,100
2019-06-28 09:43:33.600529361,100000,198,99899,198,100003,198,99898,198,100036,198,99892,198,100075,198,99889,198,100091,198,99857,98,100100,100,99855,100,100107,100,99853,100,100110,100,99843,100,100152,100,99838,100,100194,100,99818,100
2019-06-28 09:43:40.000000000,100000,346,99899,346,100003,346,99898,346,100036,100,99892,100,100075,100,99889,100,100091,100,99855,100,100100,100,99853,100,100107,100,99843,100,100110,100,99838,100,100152,100,99818,100,100194,100,99672,100
2019-06-28 09:43:43.332138991,100000,246,99899,346,100003,346,99898,346,100036,100,99892,100,100091,100,99889,100,100100,100,99855,100,100107,100,99853,100,100110,100,99843,100,100152,100,99838,100,100194,100,99818,100,100568,100,99672,100
2019-06-28 09:43:50.000000000,100003,346,99899,346,100036,346,99898,346,100091,100,99892,100,100100,100,99889,100,100107,100,99855,100,100110,100,99853,100,100152,100,99843,100,100194,100,99838,100,100568,100,99818,100,100608,100,99672,100
2019-06-28 09:44:00.000000000,100003,346,99899,346,100036,346,99898,346,100091,100,99892,100,100100,100,99889,100,100107,100,99855,100,100110,100,99853,100,100152,100,99843,100,100194,100,99838,100,100568,100,99818,100,100608,100,99672,100
2019-06-28 09:44:10.000000000,100003,267,99899,267,100036,262,99898,262,100091,262,99892,262,100100,100,99889,100,100107,100,99855,100,100110,100,99853,100,100152,100,99843,100,100194,100,99838,100,100568,100,99818,100,100608,100,99672,100
2019-06-28 09:44:20.000000000,100003,223,99899,223,100036,223,99898,223,100091,223,99892,223,100100,223,99889,223,100107,100,99855,100,100110,100,99853,100,100152,100,99843,100,100194,100,99838,100,100568,100,99818,100,100608,100,99672,100
2019-06-28 09:44:22.300655234,100003,223,99899,223,100036,223,99898,223,100091,223,99892,223,100100,223,99889,223,100107,100,99855,100,100110,100,99853,100,100152,100,99843,100,100194,100,99838,100,100266,100,99818,100,100568,100,99672,100
2019-06-28 09:44:25.410490827,100003,223,100000,100,100036,223,99899,223,100091,223,99898,223,100100,223,99892,223,100107,100,99889,223,100110,100,99855,100,100152,100,99853,100,100194,100,99843,100,100266,100,99838,100,100568,100,99818,100
2019-06-28 09:44:30.000000000,100003,346,100000,346,100036,346,99899,346,100091,100,99898,100,100100,100,99892,100,100107,100,99889,100,100110,100,99855,100,100152,100,99853,100,100194,100,99843,100,100266,100,99838,100,100568,100,99818,100
2019-06-28 09:44:40.000000000,100003,267,100000,267,100036,262,99899,262,100091,262,99898,262,100100,100,99892,100,100107,100,99889,100,100110,100,99855,100,100152,100,99853,100,100194,100,99843,100,100266,100,99838,100,100568,100,99818,100
2019-06-28 09:44:50.000000000,100003,346,100000,346,100036,346,99899,346,100091,100,99898,100,100100,100,99892,100,100107,100,99889,100,100110,100,99855,100,100152,100,99853,100,100194,100,99843,100,100266,100,99838,100,100568,100,99818,100
2019-06-28 09:45:00.000000000,100003,198,100000,198,100036,198,99899,198,100091,198,99898,198,100100,198,99892,198,100107,198,99889,198,100110,100,99855,100,100152,100,99853,100,100194,100,99843,100,100266,100,99838,100,100568,100,99818,100
2019-06-28 09:45:09.262537030,100003,198,100000,98,100036,198,99899,198,100091,198,99898,198,100100,198,99892,198,100107,198,99889,198,100110,100,99855,100,100152,100,99853,100,100194,100,99843,100,100266,100,99838,100,100568,100,99818,100
2019-06-28 09:45:10.000000000,100003,223,99899,223,100036,223,99898,223,100091,223,99892,223,100100,223,99889,223,100107,100,99855,100,100110,100,99853,100,100152,100,99843,100,100194,100,99838,100,100266,100,99818,100,100568,100,99672,100
2019-06-28 09:45:14.541892949,100003,123,99899,223,100036,223,99898,223,100091,223,99892,223,100100,223,99889,223,100107,100,99855,100,100110,100,99853,100,100152,100,99843,100,100194,100,99838,100,100266,100,99818,100,100568,100,99672,100
2019-06-28 09:45:16.496881135,100003,123,99899,223,100036,223,99898,223,100091,223,99892,223,100100,223,99889,223,100107,100,99855,100,100110,100,99853,100,100152,100,99843,100,100194,100,99838,100,100266,100,99818,100,100568,100,99722,100
2019-06-28 09:45:20.000000000,100036,223,99899,223,100091,223,99898,223,100100,223,99892,223,100107,223,99889,223,100110,100,99855,100,100152,100,99853,100,100194,100,99843,100,100266,100,99838,100,100568,100,99818,100,100608,100,99722,100
2019-06-28 09:45:23.270633242,100036,223,99971,100,100091,223,99899,223,100100,223,99898,223,100107,223,99892,223,100110,100,99889,223,100152,100,99855,100,100194,100,99853,100,100266,100,99843,100,100568,100,99838,100,100608,100,99818,100
2019-06-28 09:45:25.709520064,100036,223,99982,100,100091,223,99971,100,100100,223,99899,223,100107,223,99898,223,100110,100,99892,223,100152,100,99889,223,100194,100,99855,100,100266,100,99853,100,100568,100,99843,100,100608,100,99838,100
2019-06-28 09:45:30.000000000,100036,198,99982,198,100091,198,99971,198,100100,198,99899,198,100107,198,99898,198,100110,198,99892,198,100152,100,99889,100,100194,100,99855,100,100266,100,99853,100,100568,100,99843,100,100608,100,99838,100
2019-06-28 09:45:38.432293669,100036,198,99982,98,100091,198,99971,198,100100,198,99899,198,100107,198,99898,198,100110,198,99892,198,100152,100,99889,100,100194,100,99855,100,100266,100,99853,100,100568,100,99843,100,100608,100,99838,100
2019-06-28 09:45:40.000000000,100036,198,99971,198,100091,198,99899,198,100100,198,99898,198,100107,198,99892,198,100110,198,99889,198,100152,100,99855,100,100194,100,99853,100,100266,100,99843,100,100568,100,99838,100,100608,100,99818,100
2019-06-28 09:45:41.028435061,100002,100,99971,198,100036,198,99899,198,100091,198,99898,198,100100,198,99892,198,100107,198,99889,198,100110,198,99855,100,100152,100,99853,100,100194,100,99843,100,100266,100,99838,100,100568,100,99818,100
2019-06-28 09:45:50.000000000,100002,223,99971,223,100036,223,99899,223,100091,223,99898,223,100100,223,99892,223,100107,100,99889,100,100110,100,99855,100,100152,100,99853,100,100194,100,99843,100,100266,100,99838,100,100568,100,99818,100
2019-06-28 09:45:52.377354659,100002,223,99971,223,100036,223,99899,123,100091,223,99898,223,100100,223,99892,223,100107,100,99889,100,100110,100,99855,100,100152,100,99853,100,100194,100,99843,100,100266,100,99838,100,100568,100,99818,100
2019-06-28 09:46:00.000000000,100002,267,99971,267,100036,262,99898,262,100091,262,99892,262,100100,100,99889,100,100107,100,99855,100,100110,100,99853,100,100152,100,99843,100,100194,100,99838,100,100266,100,99818,100,100568,100,99722,100
2019-06-28 09:46:10.000000000,100002,592,99971,592,100036,100,99898,100,100091,100,99892,100,100100,100,99889,100,100107,100,99855,100,100110,100,99853,100,100152,100,99843,100,100194,100,99838,100,100266,100,99818,100,100568,100,99722,100
2019-06-28 09:46:20.000000000,100002,346,99971,346,100036,346,99898,346,100091,100,99892,100,100100,100,99889,100,100107,100,99855,100,100110,100,99853,100,100152,100,99843,100,100194,100,99838,100,100266,100,99818,100,100568,100,99722,100
2019-06-28 09:46:29.829176684,100002,346,99971,346,100017,100,99898,346,100036,346,99892,100,100091,100,99889,100,100100,100,99855,100,100107,100,99853,100,100110,100,99838,100,100152,100,99818,100,100194,100,99722,100,100266,100,99672,100
2019-06-28 09:46:30.000000000,100002,592,99971,592,100017,100,99898,100,100036,100,99892,100,100091,100,99889,100,100100,100,99855,100,100107,100,99853,100,100110,100,99838,100,100152,100,99818,100,100194,100,99722,100,100266,100,99672,100
2019-06-28 09:46:40.000000000,100002,592,99971,592,100017,100,99898,100,100036,100,99892,100,100091,100,99889,100,100100,100,99855,100,100107,100,99853,100,100110,100,99838,100,100152,100,99818,100,100194,100,99722,100,100266,100,99672,100
2019-06-28 09:46:40.448407967,100002,592,99971,592,100017,100,99898,100,100036,100,99892,100,100091,100,99889,100,100100,100,99855,100,100107,100,99853,100,100110,100,99838,100,100152,100,99831,100,100194,100,99818,100,100266,100,99722,100
2019-06-28 09:46:50.000000000,100002,267,99971,267,100017,262,99898,262,100036,262,99892,262,100091,100,99889,100,100100,100,99855,100,100107,100,99853,100,100110,100,99838,100,100152,100,99831,100,100194,100,99818,100,100266,100,99722,100
2019-06-28 09:47:00.000000000,100002,223,99971,223,100017,223,99898,223,100036,223,99892,223,100091,223,99889,223,100100,100,99855,100,100107,100,99853,100,100110,100,99838,100,100152,100,99831,100,100194,100,99818,100,100266,100,99722,100
2019-06-28 09:47:09.080687404,100002,123,99971,223,100017,223,99898,223,100036,223,99892,223,100091,223,99889,223,100100,100,99855,100,100107,100,99853,100,100110,100,99838,100,100152,100,99831,100,100194,100,99818,100,100266,100,99722,100
2019-06-28 09:47:10.000000000,100017,198,99971,198,100036,198,99898,198,100091,198,99892,198,100100,198,99889,198,100107,198,99855,198,100110,100,99853,100,100152,100,99838,100,100194,100,99831,100,100266,100,99818,100,100568,100,99722,100
2019-06-28 09:47:20.000000000,100017,592,99971,592,100036,100,99898,100,100091,100,99892,100,100100,100,99889,100,100107,100,99855,100,100110,100,99853,100,100152,100,99838,100,100194,100,99831,100,100266,100,99818,100,100568,100,99722,100
2019-06-28 09:47:20.525036440,100017,592,99983,100,100036,100,99971,592,100091,100,99898,100,100100,100,99892,100,100107,100,99889,100,100110,100,99855,100,100152,100,99853,100,100194,100,99838,100,100266,100,99831,100,100568,100,99818,100
2019-06-28 09:47:30.000000000,100017,592,99983,592,100036,100,99971,100,100091,100,99898,100,100100,100,99892,100,100107,100,99889,100,100110,100,99855,100,100152,100,99853,100,100194,100,99838,100,100266,100,99831,100,100568,100,99818,100
2019-06-28 09:47:40.000000000,100017,346,99983,346,100036,346,99971,346,100091,100,99898,100,100100,100,99892,100,100107,100,99889,100,100110,100,99855,100,100152,100,99853,100,100194,100,99838,100,100266,100,99831,100,100568,100,99818,100
2019-06-28 09:47:50.000000000,100017,223,99983,223,100036,223,99971,223,100091,223,99898,223,100100,223,99892,223,100107,100,99889,100,100110,100,99855,100,100152,100,99853,100,100194,100,99838,100,100266,100,99831,100,100568,100,99818,100
2019-06-28 09:47:53.687824197,100017,223,99983,223,100036,223,99971,223,100091,223,99898,223,100100,223,99892,223,100107,100,99889,100,100110,100,99855,100,100152,100,99853,100,100194,100,99838,100,100266,100,99831,100,100568,100,99818,100
2019-06-28 09:48:00.000000000,100017,346,99983,346,100036,346,99971,346,100091,100,99898,100,100100,100,99892,100,100107,100,99889,100,100110,100,99855,100,100152,100,99853,100,100194,100,99838,100,100266,100,99831,100,100568,100,99818,100
2019-06-28 09:48:10.000000000,100017,267,99983,267,100036,262,99971,262,100091,262,99898,262,100100,100,99892,100,100107,100,99889,100,100110,100,99855,100,100152,100,99853,100,100194,100,99838,100,100266,100,99831,100,100568,100,99818,100
2019-06-28 09:48:15.845754404,100017,267,99983,167,100036,262,99971,262,100091,262,99898,262,100100,100,99892,100,100107,100,99889,100,100110,100,99855,100,100152,100,99853,100,100194,100,99838,100,100266,100,99831,100,100568,100,99818,100
2019-06-28 09:48:20.000000000,100017,198,99971,198,100036,198,99898,198,100091,198,99892,198,100100,198,99889,198,100107,198,99855,198,100110,100,99853,100,100152,100,99838,100,100194,100,99831,100,100266,100,99818,100,100568,100,99722,100
2019-06-28 09:48:22.012299015,100017,198,99971,198,100036,198,99898,198,100091,198,99892,198,100100,198,99889,198,100107,198,99855,198,100110,100,99853,100,100152,100,99838,100,100194,100,99831,100,100266,100,99818,100,100568,100,99731,100
2019-06-28 09:48:30.000000000,100017,198,99971,198,100036,198,99898,198,100091,198,99892,198,100100,198,99889,198,100107,198,99855,198,100110,100,99853,100,100152,100,99838,100,100194,100,99831,100,100266,100,99818,100,100568,100,99731,100
2019-06-28 09:48:40.000000000,100017,592,99971,592,100036,100,99898,100,100091,100,99892,100,100100,100,99889,100,100107,100,99855,100,100110,100,99853,100,100152,100,99838,100,100194,100,99831,100,100266,100,99818,100,100568,100,99731,100
2019-06-28 09:48:50.000000000,100017,223,99971,223,100036,223,99898,223,100091,223,99892,223,100100,223,99889,223,100107,100,99855,100,100110,100,99853,100,100152,100,99838,100,100194,100,99831,100,100266,100,99818,100,100568,100,99731,100
2019-06-28 09:49:00.000000000,100017,267,99971,267,100036,262,99898,262,100091,262,99892,262,100100,100,99889,100,100107,100,99855,100,100110,100,99853,100,100152,100,99838,100,100194,100,99831,100,100266,100,99818,100,100568,100,99731,100
2019-06-28 09:49:10.000000000,100017,346,99971,346,100036,346,99898,346,100091,100,99892,100,100100,100,99889,100,100107,100,99855,100,100110,100,99853,100,100152,100,99838,100,100194,100,99831,100,100266,100,99818,100,100568,100,99731,100
2019-06-28 09:49:17.448397010,100017,346,99971,246,100036,346,99898,346,100091,100,99892,100,100100,100,99889,100,100107,100,99855,100,100110,100,99853,100,100152,100,99838,100,100194,100,99831,100,100266,100,99818,100,100568,100,99731,100
2019-06-28 09:49:20.000000000,100017,223,99898,223,100036,223,99892,223,100091,223,99889,223,100100,223,99855,223,100107,100,99853,100,100110,100,99838,100,100152,100,99831,100,100194,100,99818,100,100266,100,99731,100,100568,100,99722,100
2019-06-28 09:49:30.000000000,100017,198,99898,198,100036,198,99892,198,100091,198,99889,198,100100,198,99855,198,100107,198,99853,198,100110,100,99838,100,100152,100,99831,100,100194,100,99818,100,100266,100,99731,100,100568,100,99722,100
2019-06-28 09:49:40.000000000,100017,592,99898,592,100036,100,99892,100,100091,100,99889,100,100100,100,99855,100,100107,100,99853,100,100110,100,99838,100,100152,100,99831,100,100194,100,99818,100,100266,100,99731,100,100568,100,99722,100
2019-06-28 09:49:48.283514602,99983,100,99898,592,100017,592,99892,100,100036,100,99855,100,100091,100,99853,100,100100,100,99838,100,100107,100,99831,100,100110,100,99818,100,100152,100,99731,100,100194,100,99722,100,100266,100,99672,100
2019-06-28 09:49:50.000000000,99983,592,99898,592,100017,100,99892,100,100036,100,99855,100,100091,100,99853,100,100100,100,99838,100,100107,100,99831,100,100110,100,99818,100,100152,100,99731,100,100194,100,99722,100,100266,100,99672,100
2019-06-28 09:49:51.721937407,99983,592,99898,492,100017,100,99892,100,100036,100,99855,100,100091,100,99853,100,100100,100,99838,100,100107,100,99831,100,100110,100,99818,100,100152,100,99731,100,100194,100,99722,100,100266,100,99672,100
2019-06-28 09:50:00.000000000,99983,346,99892,346,100017,346,99855,346,100036,100,99853,100,100091,100,99838,100,100100,100,99831,100,100107,100,99818,100,100110,100,99731,100,100152,100,99722,100,100194,100,99672,100,100266,100,99434,100
2019-06-28 09:50:10.000000000,99983,592,99892,592,100017,100,99855,100,100036,100,99853,100,100091,100,99838,100,100100,100,99831,100,100107,100,99818,100,100110,100,99731,100,100152,100,99722,100,100194,100,99672,100,100266,100,99434,100
2019-06-28 09:50:20.000000000,99983,267,99892,267,100017,262,99855,262,100036,262,99853,262,100091,100,99838,100,100100,100,99831,100,100107,100,99818,100,100110,100,99731,100,100152,100,99722,100,100194,100,99672,100,100266,100,99434,100
2019-06-28 09:50:30.000000000,99983,592,99892,592,100017,100,99855,100,100036,100,99853,100,100091,100,99838,100,100100,100,99831,100,100107,100,99818,100,100110,100,99731,100,100152,100,99722,100,100194,100,99672,100,100266,100,99434,100
2019-06-28 09:50:39.602227018,99983,592,99892,592,100017,100,99855,100,100036,100,99853,100,100091,100,99838,100,100100,100,99818,100,100107,100,99731,100,100110,100,99722,100,100152,100,99672,100,100194,100,99434,100,100266,100,99408,100
2019-06-28 09:50:40.000000000,99983,592,99892,592,100017,100,99855,100,100036,100,99853,100,100091,100,99838,100,100100,100,99818,100,100107,100,99731,100,100110,100,99722,100,100152,100,99672,100,100194,100,99434,100,100266,100,99408,100
2019-06-28 09:50:50.000000000,99983,223,99892,223,100017,223,99855,223,100036,223,99853,223,100091,223,99838,223,100100,100,99818,100,100107,100,99731,100,100110,100,99722,100,100152,100,99672,100,100194,100,99434,100,100266,100,99408,100
2019-06-28 09:51:00.000000000,99983,198,99892,198,100017,198,99855,198,100036,198,99853,198,100091,198,99838,198,100100,198,99818,198,100107,100,99731,100,100110,100,99722,100,100152,100,99672,100,100194,100,99434,100,100266,100,99408,100
2019-06-28 09:51:10.000000000,99983,267,99892,267,100017,262,99855,262,100036,262,99853,262,100091,100,99838,100,100100,100,99818,100,100107,100,99731,100,100110,100,99722,100,100152,100,99672,100,100194,100,99434,100,100266,100,99408,100
2019-06-28 09:51:20.000000000,99983,346,99892,346,100017,346,99855,346,100036,100,99853,100,100091,100,99838,100,100100,100,99818,100,100107,100,99731,100,100110,100,99722,100,100152,100,99672,100,100194,100,99434,100,100266,100,99408,100
2019-06-28 09:51:22.992866671,99983,346,99892,346,100017,346,99855,346,100036,100,99853,100,100091,100,99840,100,100100,100,99838,100,100107,100,99818,100,100110,100,99731,100,100152,100,99722,100,100266,100,99672,100,100568,100,99434,100
2019-06-28 09:51:28.510288820,99983,346,99892,246,100017,346,99855,346,100036,100,99853,100,100091,100,99840,100,100100,100,99838,100,100107,100,99818,100,100110,100,99731,100,100152,100,99722,100,100266,100,99672,100,100568,100,99434,100
2019-06-28 09:51:29.138133980,99983,246,99892,246,100017,346,99855,346,100036,100,99853,100,100091,100,99840,100,100100,100,99838,100,100107,100,99818,100,100110,100,99731,100,100152,100,99722,100,100266,100,99672,100,100568,100,99434,100
2019-06-28 09:51:30.000000000,100017,346,99855,346,100036,346,99853,346,100091,100,99840,100,100100,100,99838,100,100107,100,99818,100,100110,100,99731,100,100152,100,99722,100,100266,100,99672,100,100568,100,99434,100,100608,100,99408,100
2019-06-28 09:51:40.000000000,100017,223,99855,223,100036,223,99853,223,100091,223,99840,223,100100,223,99838,223,100107,100,99818,100,100110,100,99731,100,100152,100,99722,100,100266,100,99672,100,100568,100,99434,100,100608,100,99408,100
2019-06-28 09:51:45.387116140,99999,100,99855,223,100017,223,99853,223,100036,223,99840,223,100091,223,99838,223,100100,223,99818,100,100107,100,99731,100,100110,100,99722,100,100152,100,99672,100,100568,100,99434,100,100608,100,99408,100
2019-06-28 09:51:50.000000000,99999,198,99855,198,100017,198,99853,198,100036,198,99840,198,100091,198,99838,198,100100,198,99818,198,100107,100,99731,100,100110,100,99722,100,100152,100,99672,100,100568,100,99434,100,100608,100,99408,100
2019-06-28 09:52:00.000000000,99999,267,99855,267,100017,262,99853,262,100036,262,99840,262,100091,100,99838,100,100100,100,99818,100,100107,100,99731,100,100110,100,99722,100,100152,100,99672,100,100568,100,99434,100,100608,100,99408,100
2019-06-28 09:52:04.762652573,99999,267,99855,267,100017,262,99853,262,100036,262,99840,162,100091,100,99838,100,100100,100,99818,100,100107,100,99783,100,100110,100,99731,100,100152,100,99722,100,100568,100,99672,100,100608,100,99434,100
2019-06-28 09:52:10.000000000,99999,223,99855,223,100017,223,99853,223,100036,223,99838,223,100091,223,99818,223,100100,100,99783,100,100107,100,99731,100,100110,100,99722,100,100152,100,99672,100,100568,100,99434,100,100608,100,99408,100
2019-06-28 09:52:16.752980525,99999,223,99855,223,100017,223,99853,223,100036,223,99838,223,100091,223,99818,223,100100,100,99783,100,100107,100,99731,100,100110,100,99722,100,100152,100,99706,100,100568,100,99672,100,100608,100,99434,100
2019-06-28 09:52:20.000000000,99999,198,99855,198,100017,198,99853,198,100036,198,99838,198,100091,198,99818,198,100100,198,99783,198,100107,100,99731,100,100110,100,99722,100,100152,100,99706,100,100568,100,99672,100,100608,100,99434,100
2019-06-28 09:52:30.000000000,99999,267,99855,267,100017,262,99853,262,100036,262,99838,262,100091,100,99818,100,100100,100,99783,100,100107,100,99731,100,100110,100,99722,100,100152,100,99706,100,100568,100,99672,100,100608,100,99434,100
2019-06-28 09:52:40.000000000,99999,267,99855,267,100017,262,99853,262,100036,262,99838,262,100091,100,99818,100,100100,100,99783,100,100107,100,99731,100,100110,100,99722,100,100152,100,99706,100,100568,100,99672,100,100608,100,99434,100
2019-06-28 09:52:50.000000000,99999,592,99855,592,100017,100,99853,100,100036,100,99838,100,100091,100,99818,100,100100,100,99783,100,100107,100,99731,100,100110,100,99722,100,100152,100,99706,100,100568,100,99672,100,100608,100,99434,100
2019-06-28 09:52:53.627019162,99999,592,99855,592,100017,100,99853,100,100036,100,99818,100,100091,100,99783,100,100100,100,99731,100,100107,100,99722,100,100110,100,99706,100,100152,100,99672,100,100568,100,99434,100,100608,100,99408,100
2019-06-28 09:52:57.539569723,99999,592,99855,492,100017,100,99853,100,100091,100,99818,100,100100,100,99783,100,100107,100,99731,100,100110,100,99722,100,100152,100,99706,100,100568,100,99672,100,100608,100,99434,100,101007,100,99408,100
2019-06-28 09:53:00.000000000,99999,267,99853,267,100017,262,99818,262,100091,262,99783,262,100100,100,99731,100,100107,100,99722,100,100110,100,99706,100,100152,100,99672,100,100568,100,99434,100,100608,100,99408,100,101007,100,99207,100
2019-06-28 09:53:07.252394627,99999,267,99853,167,100017,262,99818,262,100091,262,99783,262,100100,100,99731,100,100107,100,99722,100,100110,100,99706,100,100152,100,99672,100,100568,100,99434,100,100608,100,99408,100,101007,100,99207,100
2019-06-28 09:53:10.000000000,99999,198,99818,198,100017,198,99783,198,100091,198,99731,198,100100,198,99722,198,100107,198,99706,198,100110,100,99672,100,100152,100,99434,100,100568,100,99408,100,100608,100,99207,100,101007,100,99018,100
2019-06-28 09:53:20.000000000,99999,223,99818,223,100017,223,99783,223,100091,223,99731,223,100100,223,99722,223,100107,100,99706,100,100110,100,99672,100,100152,100,99434,100,100568,100,99408,100,100608,100,99207,100,101007,100,99018,100
2019-06-28 09:53:23.632823099,99999,223,99818,123,100017,123,99783,223,100091,223,99731,223,100100,223,99722,223,100107,100,99706,100,100110,100,99672,100,100152,100,99434,100,100568,100,99408,100,100608,100,99207,100,101007,100,99018,100
2019-06-28 09:53:24.198710176,99999,223,99818,123,100017,123,99783,223,100091,223,99731,223,100100,223,99722,223,100107,100,99706,100,100110,100,99672,100,100152,100,99434,100,100568,100,99408,100,100608,100,99207,100,101007,100,99018,100
2019-06-28 09:53:30.000000000,99999,346,99783,346,100091,346,99731,346,100100,100,99722,100,100107,100,99706,100,100110,100,99672,100,100152,100,99434,100,100568,100,99408,100,100608,100,99207,100,101007,100,99018,100,101015,100,99016,100
2019-06-28 09:53:40.000000000,99999,223,99783,223,100091,223,99731,223,100100,223,99722,223,100107,223,99706,223,100110,100,99672,100,100152,100,99434,100,100568,100,99408,100,100608,100,99207,100,101007,100,99018,100,101015,100,99016,100
2019-06-28 09:53:50.000000000,99999,198,99783,198,100091,198,99731,198,100100,198,99722,198,100107,198,99706,198,100110,198,99672,198,100152,100,99434,100,100568,100,99408,100,100608,100,99207,100,101007,100,99018,100,101015,100,99016,100
2019-06-28 09:53:52.748223105,99999,198,99783,98,100091,198,99731,198,100100,198,99722,198,100107,198,99706,198,100110,198,99672,198,100152,100,99434,100,100568,100,99408,100,100608,100,99207,100,101007,100,99018,100,101015,100,99016,100
2019-06-28 09:54:00.000000000,99999,267,99731,267,100091,262,99722,262,100100,262,99706,262,100107,100,99672,100,100110,100,99434,100,100152,100,99408,100,100568,100,99207,100,100608,100,99018,100,101007,100,99016,100,101015,100,,
2019-06-28 09:54:10.000000000,99999,198,99731,198,100091,198,99722,198,100100,198,99706,198,100107,198,99672,198,100110,198,99434,198,100152,100,99408,100,100568,100,99207,100,100608,100,99018,100,101007,100,99016,100,101015,100,,
2019-06-28 09:54:20.000000000,99999,198,99731,198,100091,198,99722,198,100100,198,99706,198,100107,198,99672,198,100110,198,99434,198,100152,100,99408,100,100568,100,99207,100,100608,100,99018,100,101007,100,99016,100,101015,100,,
2019-06-28 09:54:30.000000000,99999,223,99731,223,100091,223,99722,223,100100,223,99706,223,100107,223,99672,223,100110,100,99434,100,100152,100,99408,100,100568,100,99207,100,100608,100,99018,100,101007,100,99016,100,101015,100,,
2019-06-28 09:54:30.527226758,99999,223,99731,223,100091,223,99722,223,100100,223,99706,223,100107,223,99672,223,100110,100,99434,100,100152,100,99408,100,100568,100,99207,100,100608,100,99018,100,101007,100,99016,100,101015,100,98558,100
2019-06-28 09:54:40.000000000,99999,592,99731,592,100091,100,99722,100,100100,100,99706,100,100107,100,99672,100,100110,100,99434,100,100152,100,99408,100,100568,100,99207,100,100608,100,99018,100,101007,100,99016,100,101015,100,98558,100
2019-06-28 09:54:50.000000000,99999,223,99731,223,100091,223,99722,223,100100,223,99706,223,100107,223,99672,223,100110,100,99434,100,100152,100,99408,100,100568,100,99207,100,100608,100,99018,100,101007,100,99016,100,101015,100,98558,100
2019-06-28 09:55:00.000000000,99999,223,99731,223,100091,223,99722,223,100100,223,99706,223,100107,223,99672,223,100110,100,99434,100,100152,100,99408,100,100568,100,99207,100,100608,100,99018,100,101007,100,99016,100,101015,100,98558,100
2019-06-28 09:55:10.000000000,99999,223,99731,223,100091,223,99722,223,100100,223,99706,223,100107,223,99672,223,100110,100,99434,100,100152,100,99408,100,100568,100,99207,100,100608,100,99018,100,101007,100,99016,100,101015,100,98558,100
2019-06-28 09:55:20.000000000,99999,223,99731,223,100091,223,99722,223,100100,223,99706,223,100107,223,99672,223,100110,100,99434,100,100152,100,99408,100,100568,100,99207,100,100608,100,99018,100,101007,100,99016,100,101015,100,98558,100
2019-06-28 09:55:30.000000000,99999,346,99731,346,100091,346,99722,346,100100,100,99706,100,100107,100,99672,100,100110,100,99434,100,100152,100,99408,100,100568,100,99207,100,100608,100,99018,100,101007,100,99016,100,101015,100,98558,100
2019-06-28 09:55:40.000000000,99999,198,99731,198,100091,198,99722,198,100100,198,99706,198,100107,198,99672,198,100110,198,99434,198,100152,100,99408,100,100568,100,99207,100,100608,100,99018,100,101007,100,99016,100,101015,100,98558,100
2019-06-28 09:55:50.000000000,99999,346,99731,346,100091,346,99722,346,100100,100,99706,100,100107,100,99672,100,100110,100,99434,100,100152,100,99408,100,100568,100,99207,100,100608,100,99018,100,101007,100,99016,100,101015,100,98558,100
2019-06-28 09:56:00.000000000,99999,592,99731,592,100091,100,99722,100,100100,100,99706,100,100107,100,99672,100,100110,100,99434,100,100152,100,99408,100,100568,100,99207,100,100608,100,99018,100,101007,100,99016,100,101015,100,98558,100
2019-06-28 09:56:08.540091814,99999,592,99731,492,100091,100,99722,100,100100,100,99706,100,100107,100,99672,100,100110,100,99434,100,100152,100,99408,100,100568,100,99207,100,100608,100,99018,100,101015,100,99016,100,,,98558,100
2019-06-28 09:56:10.000000000,99999,346,99722,346,100091,346,99706,346,100100,100,99672,100,100107,100,99434,100,100110,100,99408,100,100152,100,99207,100,100568,100,99018,100,100608,100,99016,100,101015,100,98558,100,,,,
2019-06-28 09:56:20.000000000,99999,223,99722,223,100091,223,99706,223,100100,223,99672,223,100107,223,99434,223,100110,100,99408,100,100152,100,99207,100,100568,100,99018,100,100608,100,99016,100,101015,100,98558,100,,,,
2019-06-28 09:56:30.000000000,99999,198,99722,198,100091,198,99706,198,100100,198,99672,198,100107,198,99434,198,100110,198,99408,198,100152,100,99207,100,100568,100,99018,100,100608,100,99016,100,101015,100,98558,100,,,,
2019-06-28 09:56:40.000000000,99999,223,99722,223,100091,223,99706,223,100100,223,99672,223,100107,223,99434,223,100110,100,99408,100,100152,100,99207,100,100568,100,99018,100,100608,100,99016,100,101015,100,98558,100,,,,
2019-06-28 09:56:50.000000000,99999,267,99722,267,100091,262,99706,262,100100,262,99672,262,100107,100,99434,100,100110,100,99408,100,100152,100,99207,100,100568,100,99018,100,100608,100,99016,100,101015,100,98558,100,,,,
2019-06-28 09:56:55.163049923,99999,267,99722,267,100091,262,99706,262,100100,262,99672,262,100107,100,99434,100,100110,100,99408,100,100152,100,99207,100,100568,100,99018,100,100608,100,99016,100,101015,100,98558,100,,,98054,100
2019-06-28 09:57:00.000000000,99999,267,99722,267,100091,262,99706,262,100100,262,99672,262,100107,100,99434,100,100110,100,99408,100,100152,100,99207,100,100568,100,99018,100,100608,100,99016,100,101015,100,98558,100,,,98054,100
2019-06-28 09:57:00.023685932,99999,267,99722,167,100091,262,99706,262,100100,262,99672,262,100107,100,99434,100,100110,100,99408,100,100152,100,99207,100,100568,100,99018,100,100608,100,99016,100,101015,100,98558,100,,,98054,100
2019-06-28 09:57:10.000000000,99999,198,99706,198,100091,198,99672,198,100100,198,99434,198,100107,198,99408,198,100110,198,99207,198,100152,100,99018,100,100568,100,99016,100,100608,100,98558,100,101015,100,98054,100,,,,
2019-06-28 09:57:14.175402180,99731,100,99706,198,99999,198,99672,198,100091,198,99434,198,100100,198,99408,198,100107,198,99207,198,100110,198,99018,100,100152,100,99016,100,100568,100,98558,100,100608,100,98054,100,101015,100,,
2019-06-28 09:57:16.108262320,99731,100,99706,198,99999,198,99672,198,100091,98,99434,198,100100,198,99408,198,100107,198,99207,198,100110,198,99018,100,100152,100,99016,100,100568,100,98575,100,100608,100,98558,100,101015,100,98054,100
2019-06-28 09:57:20.000000000,99731,223,99706,223,99999,223,99672,223,100100,223,99434,223,100107,223,99408,223,100110,100,99207,100,100152,100,99018,100,100568,100,99016,100,100608,100,98575,100,101015,100,98558,100,,,98054,100
2019-06-28 09:57:30.000000000,99731,223,99706,223,99999,223,99672,223,100100,223,99434,223,100107,223,99408,223,100110,100,99207,100,100152,100,99018,100,100568,100,99016,100,100608,100,98575,100,101015,100,98558,100,,,98054,100
2019-06-28 09:57:40.000000000,99731,592,99706,592,99999,100,99672,100,100100,100,99434,100,100107,100,99408,100,100110,100,99207,100,100152,100,99018,100,100568,100,99016,100,100608,100,98575,100,101015,100,98558,100,,,98054,100
2019-06-28 09:57:50.000000000,99731,267,99706,267,99999,262,99672,262,100100,262,99434,262,100107,100,99408,100,100110,100,99207,100,100152,100,99018,100,100568,100,99016,100,100608,100,98575,100,101015,100,98558,100,,,98054,100
2019-06-28 09:58:00.000000000,99731,592,99706,592,99999,100,99672,100,100100,100,99434,100,100107,100,99408,100,100110,100,99207,100,100152,100,99018,100,100568,100,99016,100,100608,100,98575,100,101015,100,98558,100,,,98054,100
2019-06-28 09:58:10.000000000,99731,346,99706,346,99999,346,99672,346,100100,100,99434,100,100107,100,99408,100,100110,100,99207,100,100152,100,99018,100,100568,100,99016,100,100608,100,98575,100,101015,100,98558,100,,,98054,100
2019-06-28 09:58:15.195210522,99731,346,99706,346,99999,346,99672,346,100100,100,99434,100,100107,100,99408,100,100110,100,99314,100,100152,100,99207,100,100568,100,99018,100,100608,100,99016,100,101015,100,98575,100,,,98558,100
2019-06-28 09:58:20.000000000,99731,223,99706,223,99999,223,99672,223,100100,223,99434,223,100107,223,99408,223,100110,100,99314,100,100152,100,99207,100,100568,100,99018,100,100608,100,99016,100,101015,100,98575,100,,,98558,100
2019-06-28 09:58:24.646375515,99731,223,99706,123,99999,223,99672,223,100100,223,99434,223,100107,223,99408,223,100110,100,99314,100,100152,100,99207,100,100568,100,99018,100,100608,100,99016,100,101015,100,98575,100,,,98558,100
2019-06-28 09:58:30.000000000,99731,223,99672,223,99999,223,99434,223,100100,223,99408,223,100107,223,99314,223,100110,100,99207,100,100152,100,99018,100,100568,100,99016,100,100608,100,98575,100,101015,100,98558,100,,,98054,100
2019-06-28 09:58:40.000000000,99731,346,99672,346,99999,346,99434,346,100100,100,99408,100,100107,100,99314,100,100110,100,99207,100,100152,100,99018,100,100568,100,99016,100,100608,100,98575,100,101015,100,98558,100,,,98054,100
2019-06-28 09:58:42.957356867,99722,100,99672,346,99731,346,99434,346,99999,346,99408,100,100100,100,99314,100,100107,100,99207,100,100110,100,99018,100,100152,100,99016,100,100568,100,98575,100,100608,100,98558,100,101015,100,98054,100
2019-06-28 09:58:50.000000000,99722,267,99672,267,99731,262,99434,262,99999,262,99408,262,100100,100,99314,100,100107,100,99207,100,100110,100,99018,100,100152,100,99016,100,100568,100,98575,100,100608,100,98558,100,101015,100,98054,100
2019-06-28 09:58:57.975120993,99722,267,99679,100,99731,262,99672,267,99999,262,99434,262,100100,100,99408,262,100107,100,99314,100,100110,100,99207,100,100568,100,99018,100,100608,100,99016,100,101015,100,98575,100,,,98558,100
2019-06-28 09:59:00.000000000,99722,267,99679,267,99731,262,99672,262,99999,262,99434,262,100100,100,99408,100,100107,100,99314,100,100110,100,99207,100,100568,100,99018,100,100608,100,99016,100,101015,100,98575,100,,,98558,100
2019-06-28 09:59:09.246336963,99722,267,99679,267,99731,262,99672,262,99999,262,99627,100,100100,100,99434,262,100107,100,99408,100,100110,100,99314,100,100568,100,99207,100,100608,100,99018,100,101015,100,99016,100,,,98575,100
2019-06-28 09:59:10.000000000,99722,198,99679,198,99731,198,99672,198,99999,198,99627,198,100100,198,99434,198,100107,198,99408,198,100110,100,99314,100,100568,100,99207,100,100608,100,99018,100,101015,100,99016,100,,,98575,100
2019-06-28 09:59:16.644909728,99722,98,99679,198,99731,198,99672,198,99999,198,99627,198,100100,198,99434,198,100107,198,99408,198,100110,100,99314,100,100568,100,99207,100,100608,100,99018,100,101015,100,99016,100,,,98575,100
2019-06-28 09:59:20.000000000,99731,592,99679,592,99999,100,99672,100,100100,100,99627,100,100107,100,99434,100,100110,100,99408,100,100568,100,99314,100,100608,100,99207,100,101015,100,99018,100,,,99016,100,,,98575,100
2019-06-28 09:59:30.000000000,99731,198,99679,198,99999,198,99672,198,100100,198,99627,198,100107,198,99434,198,100110,198,99408,198,100568,100,99314,100,100608,100,99207,100,101015,100,99018,100,,,99016,100,,,98575,100
2019-06-28 09:59:40.000000000,99731,267,99679,267,99999,262,99672,262,100100,262,99627,262,100107,100,99434,100,100110,100,99408,100,100568,100,99314,100,100608,100,99207,100,101015,100,99018,100,,,99016,100,,,98575,100
2019-06-28 09:59:50.000000000,99731,346,99679,346,99999,346,99672,346,100100,100,99627,100,100107,100,99434,100,100110,100,99408,100,100568,100,99314,100,100608,100,99207,100,101015,100,99018,100,,,99016,100,,,98575,100
2019-06-28 09:59:56.214889834,99731,346,99679,246,99999,346,99672,346,100100,100,99627,100,100107,100,99434,100,100110,100,99408,100,100568,100,99314,100,100608,100,99018,100,101015,100,99016,100,,,98575,100,,,98558,100
2019-06-28 09:59:56.579112547,99731,346,99679,246,99999,346,99672,346,100100,100,99627,100,100107,100,99550,100,100110,100,99434,100,100568,100,99408,100,100608,100,99314,100,101015,100,99018,100,,,99016,100,,,98575,100
2019-06-28 09:59:58.282516030,99731,346,99679,146,99999,346,99672,346,100100,100,99627,100,100107,100,99550,100,100110,100,99434,100,100568,100,99408,100,100608,100,99314,100,101015,100,99016,100,,,98575,100,,,98558,100
2019-06-28 10:00:00.000000000,99731,267,99672,267,99999,262,99627,262,100100,262,99550,262,100107,100,99434,100,100110,100,99408,100,100568,100,99314,100,100608,100,99016,100,101015,100,98575,100,,,98558,100,,,98054,100
2019-06-28 10:00:04.217451420,99731,267,99724,100,99999,262,99672,267,100100,262,99627,262,100107,100,99550,262,100110,100,99434,100,100568,100,99408,100,100608,100,99314,100,101015,100,99016,100,,,98575,100,,,98558,100
2019-06-28 10:00:10.000000000,99731,198,99724,198,99999,198,99672,198,100100,198,99627,198,100107,198,99550,198,100110,198,99434,198,100568,100,99408,100,100608,100,99314,100,101015,100,99016,100,,,98575,100,,,98558,100
2019-06-28 10:00:16.311199668,99731,198,99724,198,99999,198,99685,100,100100,198,99672,98,100107,198,99627,198,100110,198,99550,198,100568,100,99434,198,100608,100,99408,100,101015,100,99314,100,,,99016,100,,,98575,100
2019-06-28 10:00:20.000000000,99731,198,99724,198,99999,198,99685,198,100100,198,99627,198,100107,198,99550,198,100110,198,99434,198,100568,100,99408,100,100608,100,99314,100,101015,100,99016,100,,,98575,100,,,98558,100
2019-06-28 10:00:30.000000000,99731,346,99724,346,99999,346,99685,346,100100,100,99627,100,100107,100,99550,100,100110,100,99434,100,100568,100,99408,100,100608,100,99314,100,101015,100,99016,100,,,98575,100,,,98558,100
2019-06-28 10:00:35.512048867,99731,346,99724,246,99999,346,99685,346,100100,100,99627,100,100107,100,99603,100,100110,100,99550,100,100568,100,99434,100,100608,100,99408,100,101015,100,99314,100,,,99016,100,,,98575,100
2019-06-28 10:00:38.801256536,99731,346,99724,246,99999,346,99685,346,100100,100,99627,100,100107,100,99603,100,100110,100,99550,100,100568,100,99531,100,100608,100,99434,100,101015,100,99408,100,,,99314,100,,,99016,100
2019-06-28 10:00:40.000000000,99731,592,99685,592,99999,100,99627,100,100100,100,99603,100,100107,100,99550,100,100110,100,99531,100,100568,100,99434,100,100608,100,99408,100,101015,100,99314,100,,,99016,100,,,98575,100
2019-06-28 10:00:41.065837997,99731,592,99685,492,99999,100,99627,100,100100,100,99603,100,100107,100,99550,100,100110,100,99531,100,100568,100,99434,100,100608,100,99408,100,101015,100,99314,100,,,99016,100,,,98575,100
2019-06-28 10:00:50.000000000,99731,267,99627,267,99999,262,99603,262,100100,262,99550,262,100107,100,99531,100,100110,100,99434,100,100568,100,99408,100,100608,100,99314,100,101015,100,99016,100,,,98575,100,,,98558,100
2019-06-28 10:01:00.000000000,99731,223,99627,223,99999,223,99603,223,100100,223,99550,223,100107,223,99531,223,100110,100,99434,100,100568,100,99408,100,100608,100,99314,100,101015,100,99016,100,,,98575,100,,,98558,100
2019-06-28 10:01:10.000000000,99731,223,99627,223,99999,223,99603,223,100100,223,99550,223,100107,223,99531,223,100110,100,99434,100,100568,100,99408,100,100608,100,99314,100,101015,100,99016,100,,,98575,100,,,98558,100
2019-06-28 10:01:20.000000000,99731,223,99627,223,99999,223,99603,223,100100,223,99550,223,100107,223,99531,223,100110,100,99434,100,100568,100,99408,100,100608,100,99314,100,101015,100,99016,100,,,98575,100,,,98558,100
2019-06-28 10:01:24.136374756,99731,123,99627,223,99999,223,99603,223,100100,223,99550,223,100107,223,99531,223,100110,100,99434,100,100568,100,99408,100,100608,100,99314,100,101015,100,98575,100,,,98558,100,,,98054,100
2019-06-28 10:01:27.126570753,99731,23,99627,223,99999,223,99603,223,100100,223,99550,223,100107,223,99531,223,100110,100,99434,100,100568,100,99408,100,100608,100,99314,100,101015,100,98575,100,,,98558,100,,,98054,100
2019-06-28 10:01:30.000000000,99999,346,99627,346,100100,346,99603,346,100107,100,99550,100,100110,100,99531,100,100568,100,99434,100,100608,100,99408,100,101015,100,99314,100,,,98575,100,,,98558,100,,,98054,100
2019-06-28 10:01:38.829202037,99999,246,99627,346,100100,346,99603,346,100107,100,99550,100,100110,100,99531,100,100568,100,99434,100,100608,100,99408,100,101015,100,98575,100,,,98558,100,,,98054,100,,,,
2019-06-28 10:01:40.000000000,100100,346,99627,346,100107,346,99603,346,100110,100,99550,100,100568,100,99531,100,100608,100,99434,100,101015,100,99408,100,,,98575,100,,,98558,100,,,98054,100,,,,
2019-06-28 10:01:47.534056264,100100,346,99627,346,100107,346,99603,346,100110,100,99550,100,100377,100,99531,100,100568,100,99434,100,100608,100,99408,100,101015,100,98575,100,,,98558,100,,,98054,100,,,,
2019-06-28 10:01:50.000000000,100100,592,99627,592,100107,100,99603,100,100110,100,99550,100,100377,100,99531,100,100568,100,99434,100,100608,100,99408,100,101015,100,98575,100,,,98558,100,,,98054,100,,,,
2019-06-28 10:02:00.000000000,100100,346,99627,346,100107,346,99603,346,100110,100,99550,100,100377,100,99531,100,100568,100,99434,100,100608,100,99408,100,101015,100,98575,100,,,98558,100,,,98054,100,,,,
2019-06-28 10:02:10.000000000,100100,346,99627,346,100107,346,99603,346,100110,100,99550,100,100377,100,99531,100,100568,100,99434,100,100608,100,99408,100,101015,100,98575,100,,,98558,100,,,98054,100,,,,
2019-06-28 10:02:20.000000000,100100,198,99627,198,100107,198,99603,198,100110,198,99550,198,100377,198,99531,198,100568,198,99434,198,100608,100,99408,100,101015,100,98575,100,,,98558,100,,,98054,100,,,,
2019-06-28 10:02:30.000000000,100100,592,99627,592,100107,100,99603,100,100110,100,99550,100,100377,100,99531,100,100568,100,99434,100,100608,100,99408,100,101015,100,98575,100,,,98558,100,,,98054,100,,,,
2019-06-28 10:02:30.249806869,100100,592,99627,592,100107,100,99603,100,100110,100,99550,100,100377,100,99531,100,100568,100,99434,100,100608,100,99408,100,101015,100,98575,100,101373,100,98558,100,,,98054,100,,,,
2019-06-28 10:02:40.000000000,100100,592,99627,592,100107,100,99603,100,100110,100,99550,100,100377,100,99531,100,100568,100,99434,100,100608,100,99408,100,101015,100,98575,100,101373,100,98558,100,,,98054,100,,,,
2019-06-28 10:02:50.000000000,100100,346,99627,346,100107,346,99603,346,100110,100,99550,100,100377,100,99531,100,100568,100,99434,100,100608,100,99408,100,101015,100,98575,100,101373,100,98558,100,,,98054,100,,,,
2019-06-28 10:02:51.691104064,100100,246,99627,346,100107,346,99603,346,100110,100,99550,100,100377,100,99531,100,100568,100,99434,100,100608,100,98575,100,101015,100,98558,100,101373,100,98054,100,,,,,,,,
2019-06-28 10:03:00.000000000,100107,592,99627,592,100110,100,99603,100,100377,100,99550,100,100568,100,99531,100,100608,100,99434,100,101015,100,98575,100,101373,100,98558,100,,,98054,100,,,,,,,,
2019-06-28 10:03:10.000000000,100107,267,99627,267,100110,262,99603,262,100377,262,99550,262,100568,100,99531,100,100608,100,99434,100,101015,100,98575,100,101373,100,98558,100,,,98054,100,,,,,,,,
2019-06-28 10:03:20.000000000,100107,267,99627,267,100110,262,99603,262,100377,262,99550,262,100568,100,99531,100,100608,100,99434,100,101015,100,98575,100,101373,100,98558,100,,,98054,100,,,,,,,,
2019-06-28 10:03:20.640340753,100107,267,99999,100,100110,262,99627,267,100377,262,99603,262,100568,100,99550,262,100608,100,99531,100,101015,100,99434,100,101373,100,98575,100,,,98558,100,,,98054,100,,,,
2019-06-28 10:03:21.279308800,100107,267,99999,200,100110,262,99627,267,100377,262,99603,262,100568,100,99550,262,100608,100,99531,100,101015,100,99434,100,101373,100,98575,100,,,98558,100,,,98054,100,,,,
2019-06-28 10:03:30.000000000,100107,592,99999,692,100110,100,99627,100,100377,100,99603,100,100568,100,99550,100,100608,100,99531,100,101015,100,99434,100,101373,100,98575,100,,,98558,100,,,98054,100,,,,
2019-06-28 10:03:40.000000000,100107,592,99999,692,100110,100,99627,100,100377,100,99603,100,100568,100,99550,100,100608,100,99531,100,101015,100,99434,100,101373,100,98575,100,,,98558,100,,,98054,100,,,,
2019-06-28 10:03:41.548848667,100107,592,99999,692,100110,100,99627,100,100377,100,99603,100,100568,100,99550,100,100608,100,99531,100,101015,100,98575,100,101373,100,98558,100,101473,100,98054,100,,,,,,,,
2019-06-28 10:03:50.000000000,100107,267,99999,367,100110,262,99627,262,100377,262,99603,262,100568,100,99550,100,100608,100,99531,100,101015,100,98575,100,101373,100,98558,100,101473,100,98054,100,,,,,,,,
2019-06-28 10:03:52.720058424,100107,167,99999,367,100110,262,99627,262,100377,262,99603,262,100568,100,99550,100,100608,100,99531,100,101015,100,98575,100,101373,100,98558,100,101473,100,98054,100,,,,,,,,
2019-06-28 10:04:00.000000000,100110,592,99999,692,100377,100,99627,100,100568,100,99603,100,100608,100,99550,100,101015,100,99531,100,101373,100,98575,100,101473,100,98558,100,,,98054,100,,,,,,,,
2019-06-28 10:04:10.000000000,100110,592,99999,692,100377,100,99627,100,100568,100,99603,100,100608,100,99550,100,101015,100,99531,100,101373,100,98575,100,101473,100,98558,100,,,98054,100,,,,,,,,
2019-06-28 10:04:20.000000000,100110,198,99999,298,100377,198,99627,198,100568,198,99603,198,100608,198,99550,198,101015,198,99531,198,101373,100,98575,100,101473,100,98558,100,,,98054,100,,,,,,,,
2019-06-28 10:04:30.000000000,100110,592,99999,692,100377,100,99627,100,100568,100,99603,100,100608,100,99550,100,101015,100,99531,100,101373,100,98575,100,101473,100,98558,100,,,98054,100,,,,,,,,
2019-06-28 10:04:40.000000000,100110,267,99999,367,100377,262,99627,262,100568,262,99603,262,100608,100,99550,100,101015,100,99531,100,101373,100,98575,100,101473,100,98558,100,,,98054,100,,,,,,,,
2019-06-28 10:04:50.000000000,100110,592,99999,692,100377,100,99627,100,100568,100,99603,100,100608,100,99550,100,101015,100,99531,100,101373,100,98575,100,101473,100,98558,100,,,98054,100,,,,,,,,
2019-06-28 10:05:00.000000000,100110,267,99999,367,100377,262,99627,262,100568,262,99603,262,100608,100,99550,100,101015,100,99531,100,101373,100,98575,100,101473,100,98558,100,,,98054,100,,,,,,,,
2019-06-28 10:05:10.000000000,100110,198,99999,298,100377,198,99627,198,100568,198,99603,198,100608,198,99550,198,101015,198,99531,198,101373,100,98575,100,101473,100,98558,100,,,98054,100,,,,,,,,
2019-06-28 10:05:20.000000000,100110,223,99999,323,100377,223,99627,223,100568,223,99603,223,100608,223,99550,223,101015,100,99531,100,101373,100,98575,100,101473,100,98558,100,,,98054,100,,,,,,,,
2019-06-28 10:05:30.000000000,100110,267,99999,367,100377,262,99627,262,100568,262,99603,262,100608,100,99550,100,101015,100,99531,100,101373,100,98575,100,101473,100,98558,100,,,98054,100,,,,,,,,
2019-06-28 10:05:32.742634685,100110,267,99999,267,100377,262,99627,262,100568,262,99603,262,100608,100,99550,100,101015,100,99531,100,101373,100,98575,100,101473,100,98558,100,,,98054,100,,,,,,,,
2019-06-28 10:05:40.000000000,100110,198,99999,198,100377,198,99627,198,100568,198,99603,198,100608,198,99550,198,101015,198,99531,198,101373,100,98575,100,101473,100,98558,100,,,98054,100,,,,,,,,
2019-06-28 10:05:43.456291659,100099,100,99999,198,100110,198,99627,198,100377,198,99603,198,100568,198,99550,198,100608,198,99531,198,101015,198,98575,100,101373,100,98558,100,101473,100,98054,100,,,,,,,,
2019-06-28 10:05:50.000000000,100099,592,99999,592,100110,100,99627,100,100377,100,99603,100,100568,100,99550,100,100608,100,99531,100,101015,100,98575,100,101373,100,98558,100,101473,100,98054,100,,,,,,,,
2019-06-28 10:05:51.680238745,100099,592,99999,592,100110,100,99627,100,100377,100,99603,100,100608,100,99550,100,101015,100,99531,100,101373,100,99457,100,101473,100,98575,100,,,98558,100,,,98054,100,,,,
2019-06-28 10:05:54.328198334,100099,592,99999,492,100110,100,99627,100,100377,100,99603,100,101015,100,99550,100,101373,100,99531,100,101473,100,99457,100,,,98575,100,,,98558,100,,,98054,100,,,,
2019-06-28 10:05:54.983954683,100099,592,99999,492,100110,100,99627,100,100377,100,99603,100,101373,100,99571,100,101473,100,99550,100,,,99531,100,,,99457,100,,,98575,100,,,98558,100,,,98054,100
2019-06-28 10:05:57.374894144,100099,592,99999,392,100110,100,99627,100,100377,100,99603,100,101373,100,99571,100,101473,100,99550,100,,,99531,100,,,99457,100,,,98575,100,,,98558,100,,,98054,100
2019-06-28 10:06:00.000000000,100099,198,99627,198,100110,198,99603,198,100377,198,99571,198,101373,198,99550,198,101473,198,99531,198,,,99457,100,,,98575,100,,,98558,100,,,98054,100,,,,
2019-06-28 10:06:10.000000000,100099,346,99627,346,100110,346,99603,346,100377,100,99571,100,101373,100,99550,100,101473,100,99531,100,,,99457,100,,,98575,100,,,98558,100,,,98054,100,,,,
2019-06-28 10:06:10.659274269,100099,346,99627,246,100110,346,99603,346,100377,100,99571,100,101373,100,99550,100,101473,100,99457,100,,,98575,100,,,98558,100,,,98054,100,,,,,,,,
2019-06-28 10:06:20.000000000,100099,223,99603,223,100110,223,99571,223,100377,223,99550,223,101373,223,99457,223,101473,100,98575,100,,,98558,100,,,98054,100,,,,,,,,,,,,
2019-06-28 10:06:24.028322451,99999,100,99603,223,100099,223,99571,223,100110,223,99550,223,100377,223,99457,223,101373,223,98575,100,101473,100,98558,100,,,98054,100,,,,,,,,,,,,
2019-06-28 10:06:30.000000000,99999,198,99603,198,100099,198,99571,198,100110,198,99550,198,100377,198,99457,198,101373,198,98575,198,101473,100,98558,100,,,98054,100,,,,,,,,,,,,
2019-06-28 10:06:33.723971995,99999,198,99628,100,100099,98,99603,198,100110,198,99571,198,100377,198,99550,198,101373,198,99457,198,101473,100,98575,198,,,98558,100,,,98054,100,,,,,,,,
2019-06-28 10:06:40.000000000,99999,198,99628,198,100110,198,99603,198,100377,198,99571,198,101373,198,99550,198,101473,198,99457,198,,,98575,100,,,98558,100,,,98054,100,,,,,,,,
2019-06-28 10:06:50.000000000,99999,346,99628,346,100110,346,99603,346,100377,100,99571,100,101373,100,99550,100,101473,100,99457,100,,,98575,100,,,98558,100,,,98054,100,,,,,,,,
2019-06-28 10:06:54.144945495,99999,346,99650,100,100110,346,99628,346,100377,100,99603,346,101373,100,99571,100,101473,100,99550,100,,,99457,100,,,98575,100,,,98558,100,,,98054,100,,,,
2019-06-28 10:07:00.000000000,99999,198,99650,198,100110,198,99628,198,100377,198,99603,198,101373,198,99571,198,101473,198,99550,198,,,99457,100,,,98575,100,,,98558,100,,,98054,100,,,,
2019-06-28 10:07:10.000000000,99999,267,99650,267,100110,262,99628,262,100377,262,99603,262,101373,100,99571,100,101473,100,99550,100,,,99457,100,,,98575,100,,,98558,100,,,98054,100,,,,
2019-06-28 10:07:20.000000000,99999,592,99650,592,100110,100,99628,100,100377,100,99603,100,101373,100,99571,100,101473,100,99550,100,,,99457,100,,,98575,100,,,98558,100,,,98054,100,,,,
2019-06-28 10:07:29.746986054,99999,592,99650,592,100110,100,99628,200,100377,100,99603,100,101373,100,99571,100,101473,100,99550,100,,,99457,100,,,98575,100,,,98558,100,,,98054,100,,,,
2019-06-28 10:07:30.000000000,99999,346,99650,346,100110,346,99628,446,100377,100,99603,100,101373,100,99571,100,101473,100,99550,100,,,99457,100,,,98575,100,,,98558,100,,,98054,100,,,,
2019-06-28 10:07:36.871147373,99999,346,99654,100,100110,346,99650,346,100377,100,99628,446,101373,100,99603,100,101473,100,99571,100,,,99550,100,,,99457,100,,,98575,100,,,98558,100,,,,
2019-06-28 10:07:40.000000000,99999,223,99654,223,100110,223,99650,223,100377,223,99628,323,101373,223,99603,223,101473,100,99571,100,,,99550,100,,,99457,100,,,98575,100,,,98558,100,,,,
2019-06-28 10:07:50.000000000,99999,267,99654,267,100110,262,99650,262,100377,262,99628,362,101373,100,99603,100,101473,100,99571,100,,,99550,100,,,99457,100,,,98575,100,,,98558,100,,,,
2019-06-28 10:07:50.292707595,99999,267,99654,267,100110,262,99650,262,100377,262,99628,462,101373,100,99603,100,101473,100,99571,100,,,99550,100,,,99457,100,,,98575,100,,,98558,100,,,,
2019-06-28 10:07:55.180164846,99999,267,99823,100,100110,262,99654,267,100377,262,99650,262,101473,100,99628,462,,,99603,100,,,99571,100,,,99550,100,,,99457,100,,,98575,100,,,98558,100
2019-06-28 10:08:00.000000000,99999,592,99823,592,100110,100,99654,100,100377,100,99650,100,101473,100,99628,300,,,99603,100,,,99571,100,,,99550,100,,,99457,100,,,98575,100,,,98558,100
2019-06-28 10:08:10.000000000,99999,346,99823,346,100110,346,99654,346,100377,100,99650,100,101473,100,99628,300,,,99603,100,,,99571,100,,,99550,100,,,99457,100,,,98575,100,,,98558,100
2019-06-28 10:08:14.435268332,99999,346,99823,346,100110,346,99654,346,100335,100,99650,100,100377,100,99628,300,101473,100,99603,100,,,99571,100,,,99550,100,,,99457,100,,,98575,100,,,98558,100
2019-06-28 10:08:20.000000000,99999,198,99823,198,100110,198,99654,198,100335,198,99650,198,100377,198,99628,398,101473,198,99603,198,,,99571,100,,,99550,100,,,99457,100,,,98575,100,,,98558,100
2019-06-28 10:08:30.000000000,99999,198,99823,198,100110,198,99654,198,100335,198,99650,198,100377,198,99628,398,101473,198,99603,198,,,99571,100,,,99550,100,,,99457,100,,,98575,100,,,98558,100
2019-06-28 10:08:40.000000000,99999,267,99823,267,100110,262,99654,262,100335,262,99650,262,100377,100,99628,300,101473,100,99603,100,,,99571,100,,,99550,100,,,99457,100,,,98575,100,,,98558,100
2019-06-28 10:08:50.000000000,99999,198,99823,198,100110,198,99654,198,100335,198,99650,198,100377,198,99628,398,101473,198,99603,198,,,99571,100,,,99550,100,,,99457,100,,,98575,100,,,98558,100
2019-06-28 10:08:57.390352636,99999,198,99823,98,100110,198,99654,198,100335,198,99650,198,100377,198,99628,398,100558,100,99603,198,101473,198,99571,100,,,99550,100,,,99457,100,,,98575,100,,,98558,100
2019-06-28 10:09:00.000000000,99999,267,99654,267,100110,262,99650,262,100335,262,99628,462,100377,100,99603,100,100558,100,99571,100,101473,100,99550,100,,,99457,100,,,98575,100,,,98558,100,,,,
2019-06-28 10:09:00.039826538,99999,167,99654,267,100110,262,99650,262,100335,262,99628,462,100377,100,99603,100,100558,100,99571,100,101473,100,99550,100,,,98575,100,,,98558,100,,,,,,,,
2019-06-28 10:09:05.176265643,99999,67,99654,267,100110,262,99650,262,100335,262,99628,462,100377,100,99603,100,100558,100,99550,100,101473,100,98575,100,,,98558,100,,,,,,,,,,,,
2019-06-28 10:09:07.229101787,100110,262,99999,33,100335,262,99654,267,100377,100,99650,262,100558,100,99628,462,101473,100,99603,100,,,99550,100,,,98575,100,,,98558,100,,,,,,,,
2019-06-28 10:09:10.000000000,100110,346,99999,279,100335,346,99654,346,100377,100,99650,100,100558,100,99628,300,101473,100,99603,100,,,99550,100,,,98575,100,,,98558,100,,,,,,,,
2019-06-28 10:09:12.807334180,100110,346,99999,279,100335,346,99654,346,100377,100,99650,100,100463,100,99628,300,100558,100,99603,100,101473,100,99550,100,,,98575,100,,,98558,100,,,,,,,,
2019-06-28 10:09:16.728532453,100110,246,99999,279,100335,346,99654,346,100377,100,99650,100,100463,100,99628,300,100558,100,99603,100,101473,100,99550,100,,,98575,100,,,98558,100,,,,,,,,
2019-06-28 10:09:18.691650988,100110,246,100000,100,100335,346,99999,279,100377,100,99654,346,100463,100,99650,100,100558,100,99628,300,101473,100,99603,100,,,99550,100,,,98575,100,,,98558,100,,,,
2019-06-28 10:09:20.000000000,100335,223,100000,223,100377,223,99999,156,100463,223,99654,223,100558,223,99650,223,101473,100,99628,300,,,99603,100,,,99550,100,,,98575,100,,,98558,100,,,,
2019-06-28 10:09:30.000000000,100335,223,100000,223,100377,223,99999,156,100463,223,99654,223,100558,223,99650,223,101473,100,99628,300,,,99603,100,,,99550,100,,,98575,100,,,98558,100,,,,
2019-06-28 10:09:40.000000000,100335,198,100000,198,100377,198,99999,131,100463,198,99654,198,100558,198,99650,198,101473,198,99628,398,,,99603,100,,,99550,100,,,98575,100,,,98558,100,,,,
2019-06-28 10:09:49.893064367,100335,98,100000,198,100377,198,99999,131,100463,198,99654,198,100558,98,99650,198,101473,198,99628,398,,,99603,100,,,99550,100,,,98575,100,,,98558,100,,,,
2019-06-28 10:09:50.000000000,100377,198,100000,198,100463,198,99999,131,101473,198,99654,198,101474,98,99650,198,,,99628,398,,,99603,100,,,99550,100,,,98575,100,,,98558,100,,,,
2019-06-28 10:09:59.682490834,100377,198,100110,100,100463,198,100000,198,101473,198,99999,131,101474,98,99654,198,,,99650,198,,,99628,398,,,99603,100,,,99550,100,,,98575,100,,,98558,100
2019-06-28 10:10:00.000000000,100377,267,100110,267,100463,262,100000,262,101473,262,99999,195,,,99654,100,,,99650,100,,,99628,300,,,99603,100,,,99550,100,,,98575,100,,,98558,100
2019-06-28 10:10:00.316532028,100334,100,100110,267,100377,267,100000,262,100463,262,99999,195,101473,262,99654,100,,,99650,100,,,99628,300,,,99603,100,,,99550,100,,,98575,100,,,98558,100
2019-06-28 10:10:10.000000000,100334,592,100110,592,100377,100,100000,100,100463,100,99999,33,101473,100,99654,100,,,99650,100,,,99628,300,,,99603,100,,,99550,100,,,98575,100,,,98558,100
2019-06-28 10:10:12.215498205,100334,592,100110,692,100377,100,100000,100,100463,100,99999,33,101473,100,99654,100,,,99650,100,,,99628,300,,,99603,100,,,99550,100,,,98575,100,,,98558,100
2019-06-28 10:10:20.000000000,100334,198,100110,298,100377,198,100000,198,100463,198,99999,131,101473,198,99654,198,101474,98,99650,198,,,99628,300,,,99603,100,,,99550,100,,,98575,100,,,98558,100
2019-06-28 10:10:24.832022489,100334,198,100110,298,100377,198,100028,100,100463,198,100000,198,101473,198,99999,131,101474,98,99654,198,,,99650,198,,,99628,300,,,99603,100,,,99550,100,,,98575,100
2019-06-28 10:10:26.735177572,100334,198,100110,198,100377,198,100028,100,100463,198,100000,198,101473,198,99999,131,101474,98,99654,198,,,99650,198,,,99628,300,,,99603,100,,,98575,100,,,98558,100
2019-06-28 10:10:29.048794111,100334,198,100110,198,100377,198,100028,100,100426,100,100000,198,100463,198,99999,131,101473,198,99654,198,101474,98,99650,198,,,99628,300,,,99603,100,,,98575,100,,,98558,100
2019-06-28 10:10:30.000000000,100334,592,100110,592,100377,100,100028,100,100426,100,100000,100,100463,100,99999,33,101473,100,99654,100,,,99650,100,,,99628,300,,,99603,100,,,98575,100,,,98558,100
2019-06-28 10:10:35.381226558,100334,592,100110,592,100377,100,100028,100,100426,100,100000,100,100433,100,99999,33,101473,100,99654,100,,,99650,100,,,99628,300,,,99603,100,,,98575,100,,,98558,100
2019-06-28 10:10:36.235082175,100334,592,100110,592,100377,100,100028,100,100426,100,100000,100,100432,100,99999,33,100433,100,99654,100,101473,100,99650,100,,,99628,300,,,99603,100,,,98575,100,,,98558,100
