,ask_price_1,ask_size_1,bid_price_1,bid_size_1,ask_price_2,ask_size_2,bid_price_2,bid_size_2,ask_price_3,ask_size_3,bid_price_3,bid_size_3,ask_price_4,ask_size_4,bid_price_4,bid_size_4,ask_price_5,ask_size_5,bid_price_5,bid_size_5,ask_price_6,ask_size_6,bid_price_6,bid_size_6,ask_price_7,ask_size_7,bid_price_7,bid_size_7,ask_price_8,ask_size_8,bid_price_8,bid_size_8,ask_price_9,ask_size_9,bid_price_9,bid_size_9,ask_price_10,ask_size_10,bid_price_10,bid_size_10
2019-06-28 09:30:00.000000000,,,99897,100,,,,,,,,,,,,,,,,,,,,,,,,,,,,,,,,,,,,
2019-06-28 09:30:00.000000002,100024,100,99897,100,,,,,,,,,,,,,,,,,,,,,,,,,,,,,,,,,,,,
2019-06-28 09:30:00.000000006,99981,100,99897,100,100024,100,,,,,,,,,,,,,,,,,,,,,,,,,,,,,,,,,,
2019-06-28 09:30:00.000000007,99981,100,99909,100,100024,100,99897,100,,,,,,,,,,,,,,,,,,,,,,,,,,,,,,,,
2019-06-28 09:30:00.000000010,99981,100,99909,100,100024,100,99897,100,100069,100,,,,,,,,,,,,,,,,,,,,,,,,,,,,,,
2019-06-28 09:30:00.000000012,99981,100,99960,100,100024,100,99909,100,100069,100,99897,100,,,,,,,,,,,,,,,,,,,,,,,,,,,,
2019-06-28 09:30:00.000000013,99981,100,99960,100,100024,100,99909,100,100069,100,99897,100,100108,100,,,,,,,,,,,,,,,,,,,,,,,,,,
2019-06-28 09:30:00.000000014,99981,100,99960,100,100024,100,99909,100,100069,100,99897,100,100071,100,,,100108,100,,,,,,,,,,,,,,,,,,,,,,
2019-06-28 09:30:00.000000015,99981,100,99960,100,100024,100,99909,100,100042,100,99897,100,100069,100,,,100071,100,,,100108,100,,,,,,,,,,,,,,,,,,
2019-06-28 09:30:00.000000016,99964,100,99960,100,99981,100,99909,100,100024,100,99897,100,100042,100,,,100069,100,,,100071,100,,,100108,100,,,100134,100,,,,,,,,,,
2019-06-28 09:30:00.000000018,99981,100,99960,100,100024,100,99909,100,100042,100,99897,100,100069,100,,,100071,100,,,100108,100,,,100134,100,,,,,,,,,,,,,,
2019-06-28 09:30:00.000000019,99981,100,99960,100,100024,100,99909,100,100042,100,99907,100,100069,100,99897,100,100071,100,,,100097,100,,,100108,100,,,100134,100,,,,,,,,,,
2019-06-28 09:30:00.000000021,99981,100,99960,100,100024,100,99909,200,100042,100,99907,100,100068,100,99897,100,100069,100,,,100071,100,,,100097,100,,,100108,100,,,100134,100,,,,,,
2019-06-28 09:30:00.000000022,100024,100,99960,100,100042,100,99909,200,100068,100,99907,100,100069,100,99897,100,100071,100,,,100097,100,,,100108,100,,,100134,100,,,,,,,,,,
2019-06-28 09:30:00.000000023,100024,100,99960,100,100042,100,99926,100,100068,100,99909,200,100069,100,99907,100,100071,100,99897,100,100097,100,,,100108,100,,,100134,100,,,100160,100,,,,,,
2019-06-28 09:30:00.000000024,100024,100,99964,100,100042,100,99960,100,100068,100,99926,100,100069,100,99909,200,100071,100,99907,100,100097,100,99897,100,100108,100,99879,100,100134,100,,,100160,100,,,,,,
2019-06-28 09:30:00.000000026,100024,100,100009,100,100042,100,99964,100,100068,100,99960,100,100069,100,99953,100,100071,100,99926,100,100097,100,99909,200,100108,100,99907,200,100134,100,99897,100,100160,100,99879,100,,,,
2019-06-28 09:30:00.000000030,100024,100,100009,100,100042,100,99964,200,100068,100,99960,100,100069,100,99953,100,100071,100,99928,100,100097,100,99926,100,100108,100,99909,200,100134,100,99907,200,100160,100,99897,100,,,99879,100
2019-06-28 09:30:00.000000032,100024,100,100009,100,100042,100,99964,200,100068,100,99960,100,100069,100,99953,100,100071,100,99928,100,100097,100,99926,100,100108,100,99909,200,100134,100,99907,200,100160,100,99897,100,,,99879,100
2019-06-28 09:30:00.000000038,100024,100,100009,100,100042,100,99964,300,100068,100,99960,100,100069,100,99953,100,100071,100,99928,100,100097,100,99926,100,100108,100,99909,200,100134,100,99907,200,100160,100,99897,100,,,99879,100
2019-06-28 09:30:00.000000040,100024,100,100009,100,100042,100,99964,300,100068,100,99960,100,100069,100,99953,100,100071,100,99928,100,100097,100,99926,100,100108,100,99909,200,100134,100,99907,200,100152,100,99897,100,100160,100,99879,100
2019-06-28 09:30:00.000000044,100024,100,100009,100,100042,100,99964,400,100068,100,99960,100,100069,100,99953,100,100071,100,99928,100,100073,100,99926,100,100097,100,99909,200,100108,100,99907,200,100134,100,99897,100,100152,100,99879,100
2019-06-28 09:30:00.000000045,100024,100,99964,400,100042,100,99960,100,100068,100,99953,100,100069,100,99928,100,100071,100,99926,100,100073,100,99909,200,100097,100,99907,200,100108,100,99897,100,100134,100,99879,100,100152,100,99812,100
2019-06-28 09:30:00.000000046,100024,100,99964,400,100042,100,99960,100,100062,100,99953,100,100068,100,99928,100,100069,100,99926,100,100071,100,99909,200,100073,100,99907,200,100097,100,99897,100,100108,100,99879,200,100134,100,99824,100
2019-06-28 09:30:00.000000049,100024,200,99964,400,100042,100,99960,100,100062,100,99953,100,100068,100,99938,100,100069,100,99928,100,100071,100,99926,100,100073,100,99909,200,100097,100,99907,200,100108,100,99897,100,100134,100,99879,200
2019-06-28 09:30:00.000000051,100024,200,99964,400,100042,100,99960,100,100062,100,99953,100,100068,100,99948,100,100069,100,99938,100,100071,100,99928,100,100073,100,99926,100,100097,100,99909,200,100108,100,99907,200,100134,100,99897,100
2019-06-28 09:30:00.000000056,100024,200,99964,400,100042,100,99960,100,100062,100,99953,100,100068,100,99948,100,100069,100,99942,100,100071,100,99938,100,100073,100,99928,100,100097,100,99926,100,100108,100,99909,200,100134,100,99907,200
2019-06-28 09:30:00.000000057,100024,200,99964,400,100042,100,99960,100,100062,100,99953,100,100068,100,99948,100,100069,100,99942,100,100071,100,99938,100,100073,100,99928,100,100097,100,99926,100,100108,100,99909,200,100134,100,99907,200
2019-06-28 09:30:00.000000059,100023,100,99992,100,100024,200,99964,400,100042,100,99960,100,100062,100,99953,100,100068,100,99948,100,100069,100,99942,100,100071,100,99938,100,100073,100,99928,100,100097,100,99926,100,100108,100,99909,200
2019-06-28 09:30:00.000000060,100023,100,99992,100,100024,200,99964,400,100042,100,99960,100,100062,100,99953,100,100068,100,99948,100,100069,100,99942,100,100071,100,99938,100,100073,100,99929,100,100097,100,99928,100,100108,100,99926,100
2019-06-28 09:30:00.000000061,100023,100,99992,100,100024,200,99964,400,100042,100,99960,100,100062,100,99953,100,100068,100,99948,100,100069,100,99944,100,100071,100,99942,100,100073,100,99938,100,100097,100,99929,100,100108,100,99928,100
2019-06-28 09:30:00.000000068,100023,100,99964,400,100024,200,99960,100,100042,100,99953,100,100062,100,99948,100,100068,100,99944,100,100069,100,99942,100,100071,100,99938,100,100073,100,99929,100,100097,100,99928,100,100108,100,99926,100
2019-06-28 09:30:00.000000069,100023,100,100019,100,100024,200,99964,400,100042,100,99960,100,100062,100,99953,100,100068,100,99948,100,100069,100,99944,100,100071,100,99942,100,100073,100,99938,100,100097,100,99929,100,100108,100,99928,100
2019-06-28 09:30:00.000000074,100023,100,100019,100,100024,200,99964,400,100042,100,99960,100,100062,100,99953,100,100068,100,99948,100,100069,100,99944,100,100071,100,99942,100,100073,100,99938,100,100097,100,99929,100,100108,100,99928,100
2019-06-28 09:30:00.000000076,100023,100,100019,100,100024,200,99964,400,100042,100,99960,100,100062,100,99953,100,100068,100,99948,100,100069,100,99944,100,100071,100,99942,100,100073,100,99938,100,100097,100,99929,100,100108,100,99928,100
2019-06-28 09:30:00.000000077,100023,100,99964,400,100024,200,99960,100,100042,100,99953,100,100062,100,99948,100,100068,100,99944,100,100069,100,99942,100,100071,100,99938,100,100073,100,99937,100,100090,100,99929,100,100097,100,99928,100
2019-06-28 09:30:00.000000083,100023,100,99964,400,100024,200,99960,100,100042,100,99953,100,100062,100,99948,100,100068,100,99944,100,100069,100,99942,100,100071,100,99938,100,100073,100,99937,100,100090,100,99929,100,100097,100,99928,100
2019-06-28 09:30:00.000000084,100023,100,99992,100,100024,200,99964,400,100042,100,99960,100,100062,100,99953,100,100068,100,99948,100,100069,100,99944,100,100071,100,99942,100,100073,100,99938,100,100090,100,99937,100,100097,100,99929,100
2019-06-28 09:30:00.000000086,100023,100,99992,100,100024,200,99964,400,100042,100,99961,100,100062,100,99960,100,100068,100,99953,100,100069,100,99948,100,100071,100,99944,100,100073,100,99942,100,100090,100,99938,100,100097,100,99937,100
2019-06-28 09:30:00.000000091,100023,100,99992,200,100024,200,99964,400,100042,100,99962,100,100062,100,99961,100,100068,100,99960,100,100069,100,99953,100,100071,100,99948,100,100073,100,99944,100,100090,100,99942,100,100097,100,99938,100
2019-06-28 09:30:00.000000093,100023,100,99992,200,100024,200,99964,400,100042,100,99962,100,100062,100,99961,100,100068,100,99960,100,100069,100,99953,100,100071,100,99948,100,100073,100,99944,100,100090,100,99942,100,100097,100,99938,100
2019-06-28 09:30:10.000000000,100023,235,99992,335,100024,335,99964,535,100042,100,99962,100,100062,100,99961,100,100068,100,99960,100,100069,100,99953,100,100071,100,99948,100,100073,100,99944,100,100090,100,99942,100,100097,100,99938,100
2019-06-28 09:30:20.000000000,100023,168,99992,268,100024,268,99964,468,100042,168,99962,168,100062,168,99961,168,100068,100,99960,100,100069,100,99953,100,100071,100,99948,100,100073,100,99944,100,100090,100,99942,100,100097,100,99938,100
2019-06-28 09:30:20.539747088,100023,168,99992,268,100024,268,99964,468,100042,168,99962,168,100062,168,99961,168,100068,100,99960,100,100069,100,99953,100,100071,100,99948,100,100073,100,99942,100,100090,100,99938,100,100097,100,99937,100
2019-06-28 09:30:30.000000000,100023,370,99992,470,100024,200,99964,400,100042,100,99962,100,100062,100,99961,100,100068,100,99960,100,100069,100,99953,100,100071,100,99948,100,100073,100,99942,100,100090,100,99938,100,100097,100,99937,100
2019-06-28 09:30:32.310589115,100023,370,99992,470,100024,200,99964,400,100042,100,99962,100,100062,100,99961,100,100068,100,99960,100,100069,100,99953,100,100071,100,99948,100,100073,100,99942,100,100090,100,99938,100,100097,100,99937,100
2019-06-28 09:30:35.252421418,100023,370,99992,370,100024,200,99964,400,100042,100,99962,100,100062,100,99961,100,100068,100,99960,100,100069,100,99948,100,100071,100,99942,100,100073,100,99938,100,100090,100,99937,100,100097,100,99930,100
2019-06-28 09:30:40.000000000,100023,370,99992,370,100024,200,99964,400,100042,100,99962,100,100062,100,99961,100,100068,100,99960,100,100069,100,99948,100,100071,100,99942,100,100073,100,99938,100,100090,100,99937,100,100097,100,99930,100
2019-06-28 09:30:49.091658498,100023,370,99992,370,100024,200,99964,400,100042,100,99962,100,100062,100,99961,100,100068,100,99960,100,100069,100,99948,100,100071,100,99942,100,100073,100,99938,200,100090,100,99937,100,100097,100,99930,100
2019-06-28 09:30:50.000000000,100023,154,99992,154,100024,254,99964,454,100042,154,99962,154,100062,154,99961,154,100068,154,99960,154,100069,100,99948,100,100071,100,99942,100,100073,100,99938,200,100090,100,99937,100,100097,100,99930,100
2019-06-28 09:31:00.000000000,100023,168,99992,168,100024,268,99964,468,100042,168,99962,168,100062,168,99961,168,100068,100,99960,100,100069,100,99948,100,100071,100,99942,100,100073,100,99938,200,100090,100,99937,100,100097,100,99930,100
2019-06-28 09:31:10.000000000,100023,192,99992,192,100024,289,99964,489,100042,189,99962,189,100062,100,99961,100,100068,100,99960,100,100069,100,99948,100,100071,100,99942,100,100073,100,99938,200,100090,100,99937,100,100097,100,99930,100
2019-06-28 09:31:10.642277945,100023,192,99992,192,100024,289,99964,489,100042,189,99962,189,100045,100,99961,100,100068,100,99960,100,100069,100,99948,100,100071,100,99942,100,100073,100,99938,200,100090,100,99937,100,100097,100,99930,100
2019-06-28 09:31:19.262284974,100023,192,99992,192,100024,289,99991,100,100042,189,99964,489,100045,100,99962,189,100068,100,99961,100,100069,100,99960,100,100071,100,99948,100,100073,100,99942,100,100090,100,99938,200,100097,100,99937,100
2019-06-28 09:31:20.000000000,100023,154,99992,154,100024,254,99991,154,100042,154,99964,454,100045,154,99962,154,100068,154,99961,154,100069,100,99960,100,100071,100,99948,100,100073,100,99942,100,100090,100,99938,200,100097,100,99937,100
2019-06-28 09:31:30.000000000,100023,192,99992,192,100024,289,99991,189,100042,189,99964,489,100045,100,99962,100,100068,100,99961,100,100069,100,99960,100,100071,100,99948,100,100073,100,99942,100,100090,100,99938,200,100097,100,99937,100
2019-06-28 09:31:40.000000000,100023,154,99992,154,100024,254,99991,154,100042,154,99964,454,100045,154,99962,154,100068,154,99961,154,100069,100,99960,100,100071,100,99948,100,100073,100,99942,100,100090,100,99938,200,100097,100,99937,100
2019-06-28 09:31:50.000000000,100023,154,99992,154,100024,254,99991,154,100042,154,99964,454,100045,154,99962,154,100068,154,99961,154,100069,100,99960,100,100071,100,99948,100,100073,100,99942,100,100090,100,99938,200,100097,100,99937,100
2019-06-28 09:31:50.613800303,100023,154,99992,154,100024,254,99991,154,100042,154,99964,454,100045,154,99962,154,100068,154,99961,154,100069,100,99960,100,100071,100,99948,100,100073,100,99942,100,100090,100,99938,200,100097,100,99937,100
2019-06-28 09:32:00.000000000,100023,235,99992,235,100024,335,99991,235,100042,100,99964,400,100045,100,99962,100,100068,100,99961,100,100069,100,99960,100,100071,100,99948,100,100073,100,99942,100,100090,100,99938,200,100097,100,99937,100
2019-06-28 09:32:10.000000000,100023,154,99992,154,100024,254,99991,154,100042,154,99964,454,100045,154,99962,154,100068,154,99961,154,100069,100,99960,100,100071,100,99948,100,100073,100,99942,100,100090,100,99938,200,100097,100,99937,100
2019-06-28 09:32:10.446796640,100023,154,99993,100,100024,254,99992,154,100042,154,99991,154,100045,154,99964,454,100068,154,99962,154,100069,100,99961,154,100071,100,99960,100,100073,100,99948,100,100090,100,99942,100,100097,100,99938,200
2019-06-28 09:32:20.000000000,100023,192,99993,192,100024,289,99992,189,100042,189,99991,189,100045,100,99964,400,100068,100,99962,100,100069,100,99961,100,100071,100,99960,100,100073,100,99948,100,100090,100,99942,100,100097,100,99938,200
2019-06-28 09:32:30.000000000,100023,168,99993,168,100024,268,99992,168,100042,168,99991,168,100045,168,99964,468,100068,100,99962,100,100069,100,99961,100,100071,100,99960,100,100073,100,99948,100,100090,100,99942,100,100097,100,99938,200
2019-06-28 09:32:30.953598516,100023,68,99993,168,100024,268,99992,168,100042,168,99991,168,100045,168,99964,468,100068,100,99962,100,100069,100,99961,100,100071,100,99960,100,100073,100,99948,100,100090,100,99942,100,100097,100,99938,200
2019-06-28 09:32:40.000000000,100024,335,99993,235,100042,235,99992,235,100045,100,99991,100,100068,100,99964,400,100069,100,99962,100,100071,100,99961,100,100073,100,99960,100,100090,100,99948,100,100097,100,99942,100,100108,100,99938,200
2019-06-28 09:32:50.000000000,100024,335,99993,235,100042,235,99992,235,100045,100,99991,100,100068,100,99964,400,100069,100,99962,100,100071,100,99961,100,100073,100,99960,100,100090,100,99948,100,100097,100,99942,100,100108,100,99938,200
2019-06-28 09:32:54.022357973,100024,335,99994,100,100042,135,99993,235,100045,100,99992,235,100068,100,99991,100,100069,100,99964,400,100071,100,99962,100,100073,100,99961,100,100090,100,99960,100,100097,100,99948,100,100108,100,99942,100
2019-06-28 09:32:58.467822376,100024,335,99994,100,100042,135,99993,235,100045,100,99992,235,100068,100,99991,100,100069,100,99964,300,100071,100,99962,100,100073,100,99961,100,100090,100,99960,100,100097,100,99948,100,100108,100,99942,100
2019-06-28 09:33:00.000000000,100024,268,99994,168,100045,168,99993,168,100068,168,99992,168,100069,168,99991,168,100071,100,99964,300,100073,100,99962,100,100090,100,99961,100,100097,100,99960,100,100108,100,99948,100,100134,100,99942,100
2019-06-28 09:33:10.000000000,100024,254,99994,154,100045,154,99993,154,100068,154,99992,154,100069,154,99991,154,100071,154,99964,354,100073,100,99962,100,100090,100,99961,100,100097,100,99960,100,100108,100,99948,100,100134,100,99942,100
2019-06-28 09:33:20.000000000,100024,335,99994,235,100045,235,99993,235,100068,100,99992,100,100069,100,99991,100,100071,100,99964,300,100073,100,99962,100,100090,100,99961,100,100097,100,99960,100,100108,100,99948,100,100134,100,99942,100
2019-06-28 09:33:23.154594010,100024,335,99994,235,100045,135,99993,235,100068,100,99992,100,100069,100,99991,100,100071,100,99964,300,100073,100,99962,100,100090,100,99961,100,100097,100,99960,100,100108,100,99948,100,100134,100,99942,100
2019-06-28 09:33:24.593382951,100024,335,99994,235,100045,135,99993,235,100068,100,99992,100,100069,100,99991,100,100071,100,99964,200,100073,100,99962,100,100090,100,99961,100,100097,100,99960,100,100108,100,99948,100,100134,100,99942,100
2019-06-28 09:33:30.000000000,100024,254,99994,154,100068,154,99993,154,100069,154,99992,154,100071,154,99991,154,100073,154,99964,254,100090,100,99962,100,100097,100,99961,100,100108,100,99960,100,100134,100,99948,100,100156,100,99942,100
2019-06-28 09:33:30.284855714,100024,154,99994,154,100068,154,99993,154,100069,154,99992,154,100071,154,99991,154,100073,154,99964,254,100090,100,99962,100,100097,100,99961,100,100108,100,99960,100,100134,100,99948,100,100156,100,99942,100
2019-06-28 09:33:32.839493839,100024,154,99994,154,100068,154,99993,154,100069,154,99992,154,100071,154,99991,154,100073,154,99964,254,100090,100,99962,100,100097,100,99961,100,100108,100,99948,100,100134,100,99942,100,100156,100,99938,200
2019-06-28 09:33:40.000000000,100024,168,99994,168,100068,168,99993,168,100069,168,99992,168,100071,168,99991,168,100073,100,99964,200,100090,100,99962,100,100097,100,99961,100,100108,100,99948,100,100134,100,99942,100,100156,100,99938,200
2019-06-28 09:33:50.000000000,100024,168,99994,168,100068,168,99993,168,100069,168,99992,168,100071,168,99991,168,100073,100,99964,200,100090,100,99962,100,100097,100,99961,100,100108,100,99948,100,100134,100,99942,100,100156,100,99938,200
2019-06-28 09:34:00.000000000,100024,168,99994,168,100068,168,99993,168,100069,168,99992,168,100071,168,99991,168,100073,100,99964,200,100090,100,99962,100,100097,100,99961,100,100108,100,99948,100,100134,100,99942,100,100156,100,99938,200
2019-06-28 09:34:10.000000000,100024,168,99994,168,100068,168,99993,168,100069,168,99992,168,100071,168,99991,168,100073,100,99964,200,100090,100,99962,100,100097,100,99961,100,100108,100,99948,100,100134,100,99942,100,100156,100,99938,200
2019-06-28 09:34:20.000000000,100024,370,99994,370,100068,100,99993,100,100069,100,99992,100,100071,100,99991,100,100073,100,99964,200,100090,100,99962,100,100097,100,99961,100,100108,100,99948,100,100134,100,99942,100,100156,100,99938,200
2019-06-28 09:34:30.000000000,100024,154,99994,154,100068,154,99993,154,100069,154,99992,154,100071,154,99991,154,100073,154,99964,254,100090,100,99962,100,100097,100,99961,100,100108,100,99948,100,100134,100,99942,100,100156,100,99938,200
2019-06-28 09:34:40.000000000,100024,370,99994,370,100068,100,99993,100,100069,100,99992,100,100071,100,99991,100,100073,100,99964,200,100090,100,99962,100,100097,100,99961,100,100108,100,99948,100,100134,100,99942,100,100156,100,99938,200
2019-06-28 09:34:46.159771423,100024,370,99994,370,100068,100,99993,100,100069,100,99992,100,100071,100,99991,100,100073,100,99964,200,100090,100,99962,100,100097,100,99961,100,100108,100,99948,100,100134,100,99942,100,100156,100,99938,200
2019-06-28 09:34:50.000000000,100024,154,99994,154,100068,154,99993,154,100069,154,99992,154,100071,154,99991,154,100073,154,99964,254,100090,100,99962,100,100097,100,99961,100,100108,100,99948,100,100134,100,99942,100,100156,100,99938,200
2019-06-28 09:34:51.988106736,100024,154,99994,154,100068,154,99993,154,100069,154,99992,154,100071,154,99991,154,100073,154,99964,254,100090,100,99962,100,100097,100,99961,100,100108,100,99948,100,100134,100,99942,100,100156,100,99938,200
2019-06-28 09:35:00.000000000,100024,192,99994,192,100068,189,99993,189,100069,189,99992,189,100071,100,99991,100,100073,100,99964,200,100090,100,99962,100,100097,100,99961,100,100108,100,99948,100,100134,100,99942,100,100156,100,99938,200
2019-06-28 09:35:08.106258799,100024,192,99994,192,100068,189,99993,189,100069,189,99992,189,100071,100,99991,100,100073,100,99964,200,100090,100,99962,100,100097,100,99961,100,100108,100,99948,100,100134,100,99942,100,100156,100,99938,200
2019-06-28 09:35:10.000000000,100024,192,99994,192,100068,189,99993,189,100069,189,99992,189,100071,100,99991,100,100073,100,99964,200,100090,100,99962,100,100097,100,99961,100,100108,100,99948,100,100134,100,99942,100,100156,100,99938,200
2019-06-28 09:35:20.000000000,100024,154,99994,154,100068,154,99993,154,100069,154,99992,154,100071,154,99991,154,100073,154,99964,254,100090,100,99962,100,100097,100,99961,100,100108,100,99948,100,100134,100,99942,100,100156,100,99938,200
2019-06-28 09:35:30.000000000,100024,192,99994,192,100068,189,99993,189,100069,189,99992,189,100071,100,99991,100,100073,100,99964,200,100090,100,99962,100,100097,100,99961,100,100108,100,99948,100,100134,100,99942,100,100156,100,99938,200
2019-06-28 09:35:40.000000000,100024,168,99994,168,100068,168,99993,168,100069,168,99992,168,100071,168,99991,168,100073,100,99964,200,100090,100,99962,100,100097,100,99961,100,100108,100,99948,100,100134,100,99942,100,100156,100,99938,200
2019-06-28 09:35:43.759193443,100024,168,99994,68,100068,168,99993,168,100069,168,99992,168,100071,168,99991,168,100073,100,99964,200,100090,100,99962,100,100097,100,99948,100,100108,100,99942,100,100134,100,99938,200,100156,100,99930,100
2019-06-28 09:35:50.000000000,100024,154,99993,154,100068,154,99992,154,100069,154,99991,154,100071,154,99964,254,100073,154,99962,154,100090,100,99948,100,100097,100,99942,100,100108,100,99938,200,100134,100,99930,100,100156,100,99929,200
2019-06-28 09:35:50.092245358,100024,154,99993,54,100068,154,99992,154,100069,154,99991,154,100071,154,99964,254,100073,154,99962,154,100090,100,99948,100,100097,100,99942,100,100108,100,99938,200,100134,100,99930,100,100156,100,99929,200
2019-06-28 09:35:50.775289681,99993,46,99992,154,100024,154,99991,154,100068,154,99964,254,100069,154,99962,154,100071,154,99948,100,100073,154,99942,100,100090,100,99938,200,100097,100,99930,100,100108,100,99929,200,100134,100,99926,100
2019-06-28 09:36:00.000000000,99993,114,99992,168,100024,168,99991,168,100068,168,99964,268,100069,168,99962,168,100071,100,99948,100,100073,100,99942,100,100090,100,99938,200,100097,100,99930,100,100108,100,99929,200,100134,100,99926,100
2019-06-28 09:36:10.000000000,99993,138,99992,192,100024,189,99991,189,100068,189,99964,289,100069,100,99962,100,100071,100,99948,100,100073,100,99942,100,100090,100,99938,200,100097,100,99930,100,100108,100,99929,200,100134,100,99926,100
2019-06-28 09:36:20.000000000,99993,316,99992,370,100024,100,99991,100,100068,100,99964,200,100069,100,99962,100,100071,100,99948,100,100073,100,99942,100,100090,100,99938,200,100097,100,99930,100,100108,100,99929,200,100134,100,99926,100
2019-06-28 09:36:30.000000000,99993,100,99992,154,100024,154,99991,154,100068,154,99964,254,100069,154,99962,154,100071,154,99948,154,100073,100,99942,100,100090,100,99938,200,100097,100,99930,100,100108,100,99929,200,100134,100,99926,100
2019-06-28 09:36:40.000000000,99993,181,99992,235,100024,235,99991,235,100068,100,99964,200,100069,100,99962,100,100071,100,99948,100,100073,100,99942,100,100090,100,99938,200,100097,100,99930,100,100108,100,99929,200,100134,100,99926,100
2019-06-28 09:36:42.808813586,99993,181,99992,135,100024,235,99991,235,100068,100,99964,200,100069,100,99962,100,100071,100,99948,100,100073,100,99942,100,100090,100,99938,200,100097,100,99930,100,100108,100,99929,200,100134,100,99926,100
2019-06-28 09:36:50.000000000,99993,181,99991,235,100024,235,99964,335,100068,100,99962,100,100069,100,99948,100,100071,100,99942,100,100073,100,99938,200,100090,100,99930,100,100097,100,99929,200,100108,100,99926,100,100134,100,99909,100
2019-06-28 09:37:00.000000000,99993,138,99991,192,100024,189,99964,289,100068,189,99962,189,100069,100,99948,100,100071,100,99942,100,100073,100,99938,200,100090,100,99930,100,100097,100,99929,200,100108,100,99926,100,100134,100,99909,100
2019-06-28 09:37:10.000000000,99993,114,99991,168,100024,168,99964,268,100068,168,99962,168,100069,168,99948,168,100071,100,99942,100,100073,100,99938,200,100090,100,99930,100,100097,100,99929,200,100108,100,99926,100,100134,100,99909,100
2019-06-28 09:37:20.000000000,99993,138,99991,192,100024,189,99964,289,100068,189,99962,189,100069,100,99948,100,100071,100,99942,100,100073,100,99938,200,100090,100,99930,100,100097,100,99929,200,100108,100,99926,100,100134,100,99909,100
2019-06-28 09:37:30.000000000,99993,100,99991,154,100024,154,99964,254,100068,154,99962,154,100069,154,99948,154,100071,154,99942,154,100073,100,99938,200,100090,100,99930,100,100097,100,99929,200,100108,100,99926,100,100134,100,99909,100
2019-06-28 09:37:31.438175739,99993,100,99991,154,100024,154,99964,254,100068,154,99962,154,100069,154,99948,154,100071,154,99942,154,100073,100,99938,200,100090,100,99930,100,100097,100,99929,200,100108,100,99926,100,100134,100,99909,100
2019-06-28 09:37:38.271210948,99993,100,99991,154,100024,154,99964,254,100039,100,99962,154,100068,154,99948,154,100069,154,99942,154,100071,154,99938,200,100073,100,99930,100,100090,100,99929,200,100097,100,99926,100,100108,100,99909,100
2019-06-28 09:37:40.000000000,99993,316,99991,370,100024,100,99964,200,100039,100,99962,100,100068,100,99948,100,100069,100,99942,100,100071,100,99938,200,100073,100,99930,100,100090,100,99929,200,100097,100,99926,100,100108,100,99909,100
2019-06-28 09:37:50.000000000,99993,114,99991,168,100024,168,99964,268,100039,168,99962,168,100068,168,99948,168,100069,100,99942,100,100071,100,99938,200,100073,100,99930,100,100090,100,99929,200,100097,100,99926,100,100108,100,99909,100
2019-06-28 09:38:00.000000000,99993,316,99991,370,100024,100,99964,200,100039,100,99962,100,100068,100,99948,100,100069,100,99942,100,100071,100,99938,200,100073,100,99930,100,100090,100,99929,200,100097,100,99926,100,100108,100,99909,100
2019-06-28 09:38:10.000000000,99993,114,99991,168,100024,168,99964,268,100039,168,99962,168,100068,168,99948,168,100069,100,99942,100,100071,100,99938,200,100073,100,99930,100,100090,100,99929,200,100097,100,99926,100,100108,100,99909,100
2019-06-28 09:38:17.911457958,99992,100,99991,168,99993,114,99964,268,100024,168,99962,168,100039,168,99948,168,100068,168,99942,100,100069,100,99938,200,100071,100,99930,100,100073,100,99929,200,100090,100,99926,100,100097,100,99909,100
2019-06-28 09:38:20.000000000,99992,235,99991,235,99993,181,99964,335,100024,100,99962,100,100039,100,99948,100,100068,100,99942,100,100069,100,99938,200,100071,100,99930,100,100073,100,99929,200,100090,100,99926,100,100097,100,99909,100
2019-06-28 09:38:24.152414142,99992,235,99991,135,99993,181,99964,335,100024,100,99962,100,100039,100,99948,100,100068,100,99942,100,100069,100,99938,200,100071,100,99930,100,100073,100,99929,200,100090,100,99926,100,100097,100,99909,100
2019-06-28 09:38:30.000000000,99992,154,99964,254,99993,100,99962,154,100024,154,99948,154,100039,154,99942,154,100068,154,99938,254,100069,100,99930,100,100071,100,99929,200,100073,100,99926,100,100090,100,99909,100,100097,100,99907,200
2019-06-28 09:38:36.308883415,99992,154,99964,254,99993,100,99962,154,100024,154,99948,154,100039,154,99942,154,100068,154,99938,254,100069,100,99930,100,100071,100,99929,200,100073,100,99926,100,100090,100,99909,100,100097,100,99907,200
2019-06-28 09:38:40.000000000,99992,154,99964,254,99993,100,99962,154,100024,154,99948,154,100039,154,99942,154,100068,154,99938,254,100069,100,99930,100,100071,100,99929,200,100073,100,99926,100,100090,100,99909,100,100097,100,99907,200
2019-06-28 09:38:40.856610681,99992,54,99964,254,99993,100,99962,154,100024,154,99948,154,100039,154,99942,154,100068,154,99938,254,100069,100,99930,100,100071,100,99929,200,100073,100,99926,100,100090,100,99909,100,100097,100,99907,200
2019-06-28 09:38:50.000000000,99993,181,99964,335,100024,235,99962,235,100039,100,99948,100,100068,100,99942,100,100069,100,99938,200,100071,100,99930,100,100073,100,99929,200,100090,100,99926,100,100097,100,99909,100,100108,100,99907,200
2019-06-28 09:38:50.551899030,99993,181,99964,335,100024,235,99962,235,100039,100,99948,100,100068,100,99942,100,100069,100,99938,200,100071,100,99930,100,100073,100,99929,200,100090,100,99926,100,100097,100,99909,100,100108,100,99907,200
2019-06-28 09:39:00.000000000,99993,114,99964,268,100024,168,99962,168,100039,168,99948,168,100068,168,99942,168,100069,100,99938,200,100071,100,99930,100,100073,100,99929,200,100090,100,99926,100,100097,100,99909,100,100108,100,99907,200
2019-06-28 09:39:03.818676820,99993,114,99964,268,100024,168,99962,168,100039,168,99948,168,100068,168,99942,68,100069,100,99938,200,100071,100,99930,100,100073,100,99929,200,100090,100,99926,100,100097,100,99909,100,100108,100,99907,200
2019-06-28 09:39:10.000000000,99993,138,99964,292,100024,189,99962,189,100039,189,99948,189,100068,100,99938,200,100069,100,99930,100,100071,100,99929,200,100073,100,99926,100,100090,100,99909,100,100097,100,99907,200,100108,100,99897,100
2019-06-28 09:39:16.160056347,99993,138,99964,292,100024,189,99962,189,100039,189,99948,189,100068,100,99938,200,100069,100,99930,100,100071,100,99929,200,100073,100,99926,100,100090,100,99909,100,100097,100,99907,100,100108,100,99897,100
2019-06-28 09:39:20.000000000,99993,100,99964,254,100024,154,99962,154,100039,154,99948,154,100068,154,99938,254,100069,154,99930,154,100071,100,99929,200,100073,100,99926,100,100090,100,99909,100,100097,100,99907,100,100108,100,99897,100
2019-06-28 09:39:30.000000000,99993,114,99964,268,100024,168,99962,168,100039,168,99948,168,100068,168,99938,268,100069,100,99930,100,100071,100,99929,200,100073,100,99926,100,100090,100,99909,100,100097,100,99907,100,100108,100,99897,100
2019-06-28 09:39:31.704723354,99993,114,99964,268,100024,168,99962,168,100039,168,99948,168,100068,168,99938,268,100069,100,99930,100,100071,100,99929,200,100073,100,99926,100,100090,100,99909,100,100097,100,99907,100,100108,100,99897,100
2019-06-28 09:39:40.000000000,99993,316,99964,470,100024,100,99962,100,100039,100,99948,100,100068,100,99938,200,100069,100,99930,100,100071,100,99929,200,100073,100,99926,100,100090,100,99909,100,100097,100,99907,100,100108,100,99897,100
2019-06-28 09:39:50.000000000,99993,100,99964,254,100024,154,99962,154,100039,154,99948,154,100068,154,99938,254,100069,154,99930,154,100071,100,99929,200,100073,100,99926,100,100090,100,99909,100,100097,100,99907,100,100108,100,99897,100
2019-06-28 09:40:00.000000000,99993,316,99964,470,100024,100,99962,100,100039,100,99948,100,100068,100,99938,200,100069,100,99930,100,100071,100,99929,200,100073,100,99926,100,100090,100,99909,100,100097,100,99907,100,100108,100,99897,100
2019-06-28 09:40:10.000000000,99993,100,99964,254,100024,154,99962,154,100039,154,99948,154,100068,154,99938,254,100069,154,99930,154,100071,100,99929,200,100073,100,99926,100,100090,100,99909,100,100097,100,99907,100,100108,100,99897,100
2019-06-28 09:40:18.243353933,99993,100,99964,254,100024,154,99962,154,100039,154,99948,154,100068,154,99938,254,100069,154,99930,154,100071,100,99929,200,100073,100,99926,100,100090,100,99909,100,100097,100,99907,100,100108,100,99897,100
2019-06-28 09:40:20.000000000,99993,114,99964,268,100024,168,99962,168,100039,168,99948,168,100068,168,99938,268,100069,100,99930,100,100071,100,99929,200,100073,100,99926,100,100090,100,99909,100,100097,100,99907,100,100108,100,99897,100
2019-06-28 09:40:30.000000000,99993,100,99964,254,100024,154,99962,154,100039,154,99948,154,100068,154,99938,254,100069,154,99930,154,100071,100,99929,200,100073,100,99926,100,100090,100,99909,100,100097,100,99907,100,100108,100,99897,100
2019-06-28 09:40:40.000000000,99993,316,99964,470,100024,100,99962,100,100039,100,99948,100,100068,100,99938,200,100069,100,99930,100,100071,100,99929,200,100073,100,99926,100,100090,100,99909,100,100097,100,99907,100,100108,100,99897,100
2019-06-28 09:40:47.627036264,99993,316,99964,470,100024,100,99962,100,100039,100,99948,100,100068,100,99938,200,100069,100,99930,100,100071,100,99929,200,100073,100,99926,100,100090,100,99909,100,100097,100,99907,100,100108,100,99897,100
2019-06-28 09:40:47.982321412,99991,100,99964,470,99993,316,99962,100,100024,100,99948,100,100039,100,99938,200,100068,100,99930,100,100069,100,99929,200,100071,100,99926,100,100073,100,99909,100,100090,100,99907,100,100097,100,99897,100
2019-06-28 09:40:50.000000000,99991,370,99964,470,99993,46,99962,100,100024,100,99948,100,100039,100,99938,200,100068,100,99930,100,100069,100,99929,200,100071,100,99926,100,100073,100,99909,100,100090,100,99907,100,100097,100,99897,100
2019-06-28 09:41:00.000000000,99991,168,99964,268,99993,114,99962,168,100024,168,99948,168,100039,168,99938,268,100068,100,99930,100,100069,100,99929,200,100071,100,99926,100,100073,100,99909,100,100090,100,99907,100,100097,100,99897,100
2019-06-28 09:41:10.000000000,99991,235,99964,335,99993,181,99962,235,100024,100,99948,100,100039,100,99938,200,100068,100,99930,100,100069,100,99929,200,100071,100,99926,100,100073,100,99909,100,100090,100,99907,100,100097,100,99897,100
2019-06-28 09:41:20.000000000,99991,154,99964,254,99993,100,99962,154,100024,154,99948,154,100039,154,99938,254,100068,154,99930,154,100069,100,99929,200,100071,100,99926,100,100073,100,99909,100,100090,100,99907,100,100097,100,99897,100
2019-06-28 09:41:30.000000000,99991,192,99964,292,99993,135,99962,189,100024,189,99948,189,100039,100,99938,200,100068,100,99930,100,100069,100,99929,200,100071,100,99926,100,100073,100,99909,100,100090,100,99907,100,100097,100,99897,100
2019-06-28 09:41:40.000000000,99991,192,99964,292,99993,135,99962,189,100024,189,99948,189,100039,100,99938,200,100068,100,99930,100,100069,100,99929,200,100071,100,99926,100,100073,100,99909,100,100090,100,99907,100,100097,100,99897,100
2019-06-28 09:41:50.000000000,99991,370,99964,470,99993,46,99962,100,100024,100,99948,100,100039,100,99938,200,100068,100,99930,100,100069,100,99929,200,100071,100,99926,100,100073,100,99909,100,100090,100,99907,100,100097,100,99897,100
2019-06-28 09:42:00.000000000,99991,192,99964,292,99993,135,99962,189,100024,189,99948,189,100039,100,99938,200,100068,100,99930,100,100069,100,99929,200,100071,100,99926,100,100073,100,99909,100,100090,100,99907,100,100097,100,99897,100
2019-06-28 09:42:10.000000000,99991,370,99964,470,99993,46,99962,100,100024,100,99948,100,100039,100,99938,200,100068,100,99930,100,100069,100,99929,200,100071,100,99926,100,100073,100,99909,100,100090,100,99907,100,100097,100,99897,100
2019-06-28 09:42:20.000000000,99991,235,99964,335,99993,181,99962,235,100024,100,99948,100,100039,100,99938,200,100068,100,99930,100,100069,100,99929,200,100071,100,99926,100,100073,100,99909,100,100090,100,99907,100,100097,100,99897,100
2019-06-28 09:42:30.000000000,99991,154,99964,254,99993,100,99962,154,100024,154,99948,154,100039,154,99938,254,100068,154,99930,154,100069,100,99929,200,100071,100,99926,100,100073,100,99909,100,100090,100,99907,100,100097,100,99897,100
2019-06-28 09:42:38.078612018,99991,154,99964,154,99993,100,99962,154,100024,154,99948,154,100039,154,99938,254,100068,154,99930,154,100069,100,99929,200,100071,100,99909,100,100073,100,99907,100,100090,100,99897,100,100097,100,99888,100
2019-06-28 09:42:40.000000000,99991,192,99964,192,99993,135,99962,189,100024,189,99948,189,100039,100,99938,200,100068,100,99930,100,100069,100,99929,200,100071,100,99909,100,100073,100,99907,100,100090,100,99897,100,100097,100,99888,100
2019-06-28 09:42:42.816377641,99990,100,99964,192,99991,192,99962,189,99993,135,99948,189,100024,189,99938,200,100039,100,99930,100,100068,100,99929,200,100069,100,99909,100,100071,100,99907,100,100073,100,99897,100,100090,100,99888,100
2019-06-28 09:42:49.096779186,99990,100,99964,92,99991,192,99962,189,99993,135,99948,189,100024,189,99938,200,100039,100,99930,100,100068,100,99929,200,100069,100,99909,100,100071,100,99907,100,100073,100,99897,100,100090,100,99874,100
2019-06-28 09:42:50.000000000,99990,235,99962,235,99991,235,99948,235,99993,46,99938,200,100024,100,99930,100,100039,100,99929,200,100068,100,99909,100,100069,100,99907,100,100071,100,99897,100,100073,100,99874,100,100090,100,99835,100
2019-06-28 09:42:53.003212244,99990,235,99962,235,99991,235,99948,235,99993,46,99938,200,100024,100,99930,100,100039,100,99929,200,100068,100,99909,100,100069,100,99907,100,100071,100,99897,100,100073,100,99874,100,100090,100,99835,100
2019-06-28 09:42:53.142933808,99990,235,99962,135,99991,235,99948,235,99993,46,99938,200,100024,100,99930,100,100039,100,99929,200,100068,100,99909,100,100069,100,99907,100,100071,100,99897,100,100073,100,99874,100,100090,100,99835,100
2019-06-28 09:43:00.000000000,99990,235,99948,235,99991,235,99938,335,99993,46,99930,100,100024,100,99929,200,100039,100,99909,100,100068,100,99907,100,100069,100,99897,100,100071,100,99874,100,100073,100,99835,100,100090,100,99833,100
2019-06-28 09:43:01.452393010,99990,235,99948,135,99991,235,99938,335,99993,46,99930,100,100024,100,99929,200,100039,100,99909,100,100068,100,99907,100,100069,100,99897,100,100071,100,99874,100,100073,100,99835,100,100090,100,99833,100
2019-06-28 09:43:10.000000000,99990,235,99938,335,99991,235,99930,235,99993,46,99929,200,100024,100,99909,100,100039,100,99907,100,100068,100,99897,100,100069,100,99874,100,100071,100,99835,100,100073,100,99833,100,100090,100,99827,100
2019-06-28 09:43:20.000000000,99990,168,99938,268,99991,168,99930,168,99993,114,99929,268,100024,168,99909,168,100039,100,99907,100,100068,100,99897,100,100069,100,99874,100,100071,100,99835,100,100073,100,99833,100,100090,100,99827,100
2019-06-28 09:43:23.023424463,99990,168,99938,168,99991,168,99930,168,99993,114,99929,168,100024,168,99909,168,100039,100,99907,100,100068,100,99897,100,100069,100,99874,100,100071,100,99835,100,100073,100,99833,100,100090,100,99827,100
2019-06-28 09:43:30.000000000,99990,370,99938,370,99991,100,99930,100,99993,46,99929,100,100024,100,99909,100,100039,100,99907,100,100068,100,99897,100,100069,100,99874,100,100071,100,99835,100,100073,100,99833,100,100090,100,99827,100
2019-06-28 09:43:40.000000000,99990,154,99938,154,99991,154,99930,154,99993,100,99929,154,100024,154,99909,154,100039,154,99907,154,100068,100,99897,100,100069,100,99874,100,100071,100,99835,100,100073,100,99833,100,100090,100,99827,100
2019-06-28 09:43:50.000000000,99990,192,99938,192,99991,189,99930,189,99993,135,99929,189,100024,100,99909,100,100039,100,99907,100,100068,100,99897,100,100069,100,99874,100,100071,100,99835,100,100073,100,99833,100,100090,100,99827,100
2019-06-28 09:43:58.210913173,99948,100,99938,192,99990,192,99930,189,99991,189,99929,189,99993,135,99909,100,100024,100,99907,100,100039,100,99897,100,100068,100,99874,100,100069,100,99835,100,100071,100,99833,100,100073,100,99827,100
2019-06-28 09:44:00.000000000,99948,168,99938,168,99990,168,99930,168,99991,168,99929,168,99993,114,99909,168,100024,100,99907,100,100039,100,99897,100,100068,100,99874,100,100069,100,99835,100,100071,100,99833,100,100073,100,99827,100
2019-06-28 09:44:10.000000000,99948,154,99938,154,99990,154,99930,154,99991,154,99929,154,99993,100,99909,154,100024,154,99907,154,100039,100,99897,100,100068,100,99874,100,100069,100,99835,100,100071,100,99833,100,100073,100,99827,100
2019-06-28 09:44:20.000000000,99948,235,99938,235,99990,235,99930,235,99991,100,99929,100,99993,46,99909,100,100024,100,99907,100,100039,100,99897,100,100068,100,99874,100,100069,100,99835,100,100071,100,99833,100,100073,100,99827,100
2019-06-28 09:44:21.553826471,99948,235,99938,235,99990,235,99930,235,99991,100,99909,100,99993,46,99907,100,100024,100,99897,100,100039,100,99874,100,100068,100,99835,100,100069,100,99833,100,100071,100,99827,100,100073,100,99813,100
2019-06-28 09:44:22.650266642,99948,235,99938,235,99990,235,99930,235,99991,100,99909,100,99993,46,99907,100,100024,100,99897,100,100039,100,99874,100,100068,100,99835,100,100069,100,99833,100,100073,100,99827,100,100090,100,99813,100
2019-06-28 09:44:30.000000000,99948,168,99938,168,99990,168,99930,168,99991,168,99909,168,99993,114,99907,168,100024,100,99897,100,100039,100,99874,100,100068,100,99835,100,100069,100,99833,100,100073,100,99827,100,100090,100,99813,100
2019-06-28 09:44:40.000000000,99948,370,99938,370,99990,100,99930,100,99991,100,99909,100,99993,46,99907,100,100024,100,99897,100,100039,100,99874,100,100068,100,99835,100,100069,100,99833,100,100073,100,99827,100,100090,100,99813,100
2019-06-28 09:44:43.647452115,99948,470,99938,370,99990,100,99930,100,99991,100,99909,100,99993,46,99907,100,100024,100,99897,100,100039,100,99874,100,100068,100,99835,100,100069,100,99833,100,100073,100,99827,100,100090,100,99813,100
2019-06-28 09:44:50.000000000,99948,268,99938,168,99990,168,99930,168,99991,168,99909,168,99993,114,99907,168,100024,100,99897,100,100039,100,99874,100,100068,100,99835,100,100069,100,99833,100,100073,100,99827,100,100090,100,99813,100
2019-06-28 09:45:00.000000000,99948,254,99938,154,99990,154,99930,154,99991,154,99909,154,99993,100,99907,154,100024,154,99897,154,100039,100,99874,100,100068,100,99835,100,100069,100,99833,100,100073,100,99827,100,100090,100,99813,100
2019-06-28 09:45:10.000000000,99948,335,99938,235,99990,235,99930,235,99991,100,99909,100,99993,46,99907,100,100024,100,99897,100,100039,100,99874,100,100068,100,99835,100,100069,100,99833,100,100073,100,99827,100,100090,100,99813,100
2019-06-28 09:45:20.000000000,99948,292,99938,192,99990,189,99930,189,99991,189,99909,189,99993,46,99907,100,100024,100,99897,100,100039,100,99874,100,100068,100,99835,100,100069,100,99833,100,100073,100,99827,100,100090,100,99813,100
2019-06-28 09:45:30.000000000,99948,254,99938,154,99990,154,99930,154,99991,154,99909,154,99993,100,99907,154,100024,154,99897,154,100039,100,99874,100,100068,100,99835,100,100069,100,99833,100,100073,100,99827,100,100090,100,99813,100
2019-06-28 09:45:33.852520597,99948,254,99938,54,99990,154,99930,154,99991,154,99909,154,99993,100,99907,154,100024,154,99897,154,100039,100,99874,100,100068,100,99835,100,100069,100,99833,100,100073,100,99827,100,100090,100,99813,100
2019-06-28 09:45:35.073862898,99938,46,99930,154,99948,254,99909,154,99990,154,99907,154,99991,154,99897,154,99993,100,99874,100,100024,154,99835,100,100039,100,99833,100,100068,100,99827,100,100069,100,99813,100,100073,100,99812,100
2019-06-28 09:45:40.000000000,99938,100,99930,154,99948,254,99909,154,99990,154,99907,154,99991,154,99897,154,99993,100,99874,154,100024,100,99835,100,100039,100,99833,100,100068,100,99827,100,100069,100,99813,100,100073,100,99812,100
2019-06-28 09:45:46.663413663,99938,200,99930,154,99948,254,99909,154,99990,154,99907,154,99991,154,99897,154,99993,100,99874,154,100024,100,99835,100,100039,100,99833,100,100068,100,99827,100,100069,100,99813,100,100073,100,99812,100
2019-06-28 09:45:46.811990726,99938,200,99930,154,99948,254,99909,154,99990,154,99907,154,99991,154,99897,154,99993,100,99874,154,100024,100,99835,100,100039,100,99833,100,100068,100,99827,100,100069,100,99813,100,100073,100,99812,100
2019-06-28 09:45:50.000000000,99938,214,99930,168,99948,268,99909,168,99990,168,99907,168,99991,168,99897,168,99993,46,99874,100,100024,100,99835,100,100039,100,99833,100,100068,100,99827,100,100069,100,99813,100,100073,100,99812,100
2019-06-28 09:45:50.139480717,99938,314,99930,168,99948,268,99909,168,99990,168,99907,168,99991,168,99897,168,99993,46,99874,100,100024,100,99835,100,100039,100,99833,100,100068,100,99827,100,100069,100,99813,100,100073,100,99812,100
2019-06-28 09:45:54.420089797,99938,314,99930,168,99948,268,99909,168,99990,168,99907,168,99991,168,99897,168,99993,46,99835,100,100024,100,99833,100,100039,100,99827,100,100068,100,99813,100,100069,100,99812,100,100073,100,99301,100
2019-06-28 09:46:00.000000000,99938,516,99930,370,99948,200,99909,100,99990,100,99907,100,99991,100,99897,100,99993,46,99835,100,100024,100,99833,100,100039,100,99827,100,100068,100,99813,100,100069,100,99812,100,100073,100,99301,100
2019-06-28 09:46:10.000000000,99938,300,99930,154,99948,254,99909,154,99990,154,99907,154,99991,154,99897,154,99993,100,99835,154,100024,100,99833,100,100039,100,99827,100,100068,100,99813,100,100069,100,99812,100,100073,100,99301,100
2019-06-28 09:46:12.003116404,99938,300,99930,54,99948,254,99909,154,99990,154,99907,154,99991,154,99897,154,99993,100,99835,154,100024,100,99833,100,100039,100,99827,100,100068,100,99813,100,100069,100,99812,100,100073,100,99301,100
2019-06-28 09:46:20.000000000,99938,314,99909,168,99948,268,99907,168,99990,168,99897,168,99991,168,99835,168,99993,46,99833,100,100024,100,99827,100,100039,100,99813,100,100068,100,99812,100,100069,100,99301,100,100073,100,99275,100
2019-06-28 09:46:30.000000000,99938,300,99909,154,99948,254,99907,154,99990,154,99897,154,99991,154,99835,154,99993,100,99833,154,100024,100,99827,100,100039,100,99813,100,100068,100,99812,100,100069,100,99301,100,100073,100,99275,100
2019-06-28 09:46:33.520596076,99938,300,99909,54,99948,254,99907,154,99990,154,99897,154,99991,154,99835,154,99993,100,99833,154,100024,100,99827,100,100039,100,99813,100,100068,100,99812,100,100069,100,99301,100,100073,100,99275,100
2019-06-28 09:46:40.000000000,99938,381,99907,235,99948,335,99897,235,99990,100,99835,100,99991,100,99833,100,99993,46,99827,100,100024,100,99813,100,100039,100,99812,100,100068,100,99301,100,100069,100,99275,100,100073,100,99118,100
2019-06-28 09:46:50.000000000,99938,381,99907,235,99948,335,99897,235,99990,100,99835,100,99991,100,99833,100,99993,46,99827,100,100024,100,99813,100,100039,100,99812,100,100068,100,99301,100,100069,100,99275,100,100073,100,99118,100
2019-06-28 09:46:59.660154052,99938,381,99907,235,99948,335,99897,235,99990,100,99835,100,99991,100,99833,100,99993,46,99827,100,100024,100,99813,100,100039,100,99812,100,100068,100,99301,100,100069,100,99275,100,100073,100,99118,100
2019-06-28 09:47:00.000000000,99938,516,99907,370,99948,200,99897,100,99990,100,99835,100,99991,100,99833,100,99993,46,99827,100,100024,100,99813,100,100039,100,99812,100,100068,100,99301,100,100069,100,99275,100,100073,100,99118,100
2019-06-28 09:47:10.000000000,99938,300,99907,154,99948,254,99897,154,99990,154,99835,154,99991,154,99833,154,99993,100,99827,154,100024,100,99813,100,100039,100,99812,100,100068,100,99301,100,100069,100,99275,100,100073,100,99118,100
2019-06-28 09:47:10.664312425,99938,300,99907,154,99948,254,99897,154,99990,154,99835,154,99991,154,99833,154,99993,100,99827,154,100024,100,99813,100,100039,100,99812,100,100068,100,99301,100,100069,100,99275,100,100073,100,99118,100
2019-06-28 09:47:20.000000000,99938,314,99907,168,99948,268,99897,168,99990,168,99835,168,99991,168,99833,168,99993,46,99827,100,100024,100,99813,100,100039,100,99812,100,100068,100,99301,100,100069,100,99275,100,100073,100,99118,100
2019-06-28 09:47:30.000000000,99938,516,99907,370,99948,200,99897,100,99990,100,99835,100,99991,100,99833,100,99993,46,99827,100,100024,100,99813,100,100039,100,99812,100,100068,100,99301,100,100069,100,99275,100,100073,100,99118,100
2019-06-28 09:47:37.806791735,99938,516,99907,270,99948,200,99897,100,99990,100,99835,100,99991,100,99833,100,99993,46,99827,100,100024,100,99813,100,100039,100,99812,100,100068,100,99301,100,100069,100,99275,100,100073,100,99118,100
2019-06-28 09:47:40.000000000,99938,516,99897,370,99948,200,99835,100,99990,100,99833,100,99991,100,99827,100,99993,46,99813,100,100024,100,99812,100,100039,100,99301,100,100068,100,99275,100,100069,100,99118,100,100073,100,99016,100
2019-06-28 09:47:41.379917467,99938,516,99897,270,99948,200,99835,100,99990,100,99833,100,99991,100,99827,100,99993,46,99813,100,100024,100,99301,100,100039,100,99275,100,100068,100,99118,100,100069,100,99016,100,100073,100,98296,100
2019-06-28 09:47:50.000000000,99938,300,99835,154,99948,254,99833,154,99990,154,99827,154,99991,154,99813,154,99993,100,99301,154,100024,100,99275,100,100039,100,99118,100,100068,100,99016,100,100069,100,98296,100,100073,100,98253,100
2019-06-28 09:48:00.000000000,99938,314,99835,168,99948,268,99833,168,99990,168,99827,168,99991,168,99813,168,99993,46,99301,100,100024,100,99275,100,100039,100,99118,100,100068,100,99016,100,100069,100,98296,100,100073,100,98253,100
2019-06-28 09:48:03.556942725,99938,314,99835,68,99948,268,99833,168,99990,168,99827,168,99991,168,99813,168,99993,46,99301,100,100024,100,99275,100,100068,100,99118,100,100069,100,99016,100,100073,100,98296,100,100090,100,98253,100
2019-06-28 09:48:06.077564477,99835,32,99833,168,99938,314,99827,168,99948,268,99813,168,99990,168,99301,100,99991,168,99275,100,99993,46,99118,100,100024,100,99016,100,100068,100,98296,100,100069,100,98253,100,100073,100,98117,100
2019-06-28 09:48:06.923925711,99835,132,99833,168,99938,314,99827,168,99948,268,99813,168,99990,168,99301,100,99991,168,99275,100,99993,46,99118,100,100024,100,99016,100,100068,100,98296,100,100069,100,98253,100,100073,100,98117,100
2019-06-28 09:48:10.000000000,99835,200,99833,168,99938,314,99827,168,99948,268,99813,168,99990,168,99301,168,99991,100,99275,100,99993,46,99118,100,100024,100,99016,100,100068,100,98296,100,100069,100,98253,100,100073,100,98117,100
2019-06-28 09:48:11.445660035,99835,200,99833,68,99938,314,99827,168,99948,268,99813,168,99990,168,99301,168,99991,100,99275,100,99993,46,99118,100,100024,100,99016,100,100068,100,98296,100,100069,100,98253,100,100073,100,98117,100
2019-06-28 09:48:15.169072723,99835,200,99833,68,99938,214,99827,168,99948,268,99813,168,99990,168,99301,168,99991,100,99275,100,99993,46,99118,100,100024,100,99016,100,100068,100,98296,100,100069,100,98253,100,100073,100,98117,100
2019-06-28 09:48:20.000000000,99835,186,99827,154,99938,200,99813,154,99948,254,99301,154,99990,154,99275,154,99991,154,99118,154,99993,46,99016,100,100024,100,98296,100,100068,100,98253,100,100069,100,98117,100,100073,100,97836,100
2019-06-28 09:48:22.468320249,99835,186,99827,54,99938,200,99813,154,99948,254,99301,154,99990,154,99275,154,99991,154,99118,154,99993,46,99016,100,100024,100,98296,100,100068,100,98253,100,100069,100,98117,100,100073,100,97836,100
2019-06-28 09:48:30.000000000,99835,224,99813,192,99938,235,99301,189,99948,289,99275,189,99990,100,99118,100,99991,100,99016,100,99993,46,98296,100,100024,100,98253,100,100068,100,98117,100,100069,100,97836,100,100073,100,97808,100
2019-06-28 09:48:30.755820585,99835,224,99813,92,99938,235,99301,189,99948,289,99275,189,99990,100,99118,100,99991,100,99016,100,99993,46,98296,100,100024,100,98253,100,100068,100,98117,100,100069,100,97836,100,100073,100,97808,100
2019-06-28 09:48:40.000000000,99835,200,99301,168,99938,214,99275,168,99948,268,99118,168,99990,168,99016,168,99991,100,98296,100,99993,46,98253,100,100024,100,98117,100,100068,100,97836,100,100069,100,97808,100,100073,100,,
2019-06-28 09:48:43.711529460,99835,200,99301,68,99938,214,99275,168,99948,268,99118,168,99990,168,99016,168,99991,100,98296,100,99993,46,98253,100,100024,100,98117,100,100068,100,97836,100,100069,100,,,100073,100,,
2019-06-28 09:48:47.990725532,99835,200,99301,68,99938,214,99275,168,99948,268,99118,168,99990,168,99016,168,99991,100,98296,100,99993,46,98253,100,100024,100,98117,100,100068,100,97969,100,100069,100,97836,100,100073,100,,
2019-06-28 09:48:50.000000000,99835,200,99275,168,99938,214,99118,168,99948,268,99016,168,99990,168,98296,168,99991,100,98253,100,99993,46,98117,100,100024,100,97969,100,100068,100,97836,100,100069,100,,,100073,100,,
2019-06-28 09:48:51.816758741,99835,200,99275,68,99938,214,99118,168,99948,268,99016,68,99990,168,98296,168,99991,100,98253,100,99993,46,98117,100,100024,100,97969,100,100068,100,97836,100,100069,100,,,100073,100,,
2019-06-28 09:49:00.000000000,99835,224,99118,192,99938,235,98296,189,99948,289,98253,189,99990,100,98117,100,99991,100,97969,100,99993,46,97836,100,100024,100,,,100068,100,,,100069,100,,,100073,100,,
2019-06-28 09:49:10.000000000,99835,200,99118,168,99938,214,98296,168,99948,268,98253,168,99990,168,98117,168,99991,100,97969,100,99993,46,97836,100,100024,100,,,100068,100,,,100069,100,,,100073,100,,
2019-06-28 09:49:20.000000000,99835,224,99118,192,99938,235,98296,189,99948,289,98253,189,99990,100,98117,100,99991,100,97969,100,99993,46,97836,100,100024,100,,,100068,100,,,100069,100,,,100073,100,,
2019-06-28 09:49:30.000000000,99835,186,99118,154,99938,200,98296,154,99948,254,98253,154,99990,154,98117,154,99991,154,97969,154,99993,46,97836,100,100024,100,,,100068,100,,,100069,100,,,100073,100,,
2019-06-28 09:49:40.000000000,99835,186,99118,154,99938,200,98296,154,99948,254,98253,154,99990,154,98117,154,99991,154,97969,154,99993,46,97836,100,100024,100,,,100068,100,,,100069,100,,,100073,100,,
2019-06-28 09:49:50.000000000,99835,200,99118,168,99938,214,98296,168,99948,268,98253,168,99990,168,98117,168,99991,100,97969,100,99993,46,97836,100,100024,100,,,100068,100,,,100069,100,,,100073,100,,
2019-06-28 09:49:59.912491222,99835,200,99118,168,99938,214,98296,68,99948,268,98253,168,99990,168,98117,168,99991,100,97969,100,99993,46,97894,100,100024,100,97836,100,100068,100,,,100069,100,,,100073,100,,
2019-06-28 09:50:00.000000000,99835,224,99118,192,99938,235,98253,189,99948,289,98117,189,99990,100,97969,100,99991,100,97894,100,99993,46,97836,100,100024,100,,,100068,100,,,100069,100,,,100073,100,,
2019-06-28 09:50:07.316525902,99835,224,99118,192,99938,235,98253,189,99948,289,98117,189,99990,100,97969,100,99991,100,97963,100,99993,46,97894,100,100024,100,97836,100,100068,100,,,100069,100,,,100073,100,,
2019-06-28 09:50:07.446020111,99835,224,99118,92,99938,235,98253,189,99948,289,98117,189,99990,100,97969,100,99991,100,97963,100,99993,46,97894,100,100024,100,97836,100,100068,100,,,100069,100,,,100073,100,,
2019-06-28 09:50:10.000000000,99835,402,98253,370,99938,146,98117,100,99948,200,97969,100,99990,100,97963,100,99991,100,97894,100,99993,46,97836,100,100024,100,,,100068,100,,,100069,100,,,100073,100,,
2019-06-28 09:50:20.000000000,99835,224,98253,192,99938,235,98117,189,99948,289,97969,189,99990,100,97963,100,99991,100,97894,100,99993,46,97836,100,100024,100,,,100068,100,,,100069,100,,,100073,100,,
2019-06-28 09:50:27.902003675,99835,224,98253,92,99938,235,98117,189,99948,289,97969,189,99990,100,97963,100,99991,100,97894,100,99993,46,97836,100,100024,100,,,100068,100,,,100069,100,,,100073,100,,
2019-06-28 09:50:30.000000000,99835,224,98117,192,99938,235,97969,189,99948,289,97963,189,99990,100,97894,100,99991,100,97836,100,99993,46,,,100024,100,,,100068,100,,,100069,100,,,100073,100,,
2019-06-28 09:50:31.159140977,99835,224,98117,192,99938,235,98029,100,99948,289,97969,189,99990,100,97963,189,99991,100,97894,100,99993,46,97836,100,100024,100,,,100068,100,,,100069,100,,,100073,100,,
2019-06-28 09:50:35.943897634,99835,224,98117,192,99938,235,98029,100,99948,289,97994,100,99990,100,97969,189,99991,100,97963,189,99993,46,97894,100,100024,100,97836,100,100068,100,,,100069,100,,,100073,100,,
2019-06-28 09:50:40.000000000,99835,267,98117,235,99938,281,98029,235,99948,200,97994,100,99990,100,97969,100,99991,100,97963,100,99993,46,97894,100,100024,100,97836,100,100068,100,,,100069,100,,,100073,100,,
2019-06-28 09:50:50.000000000,99835,402,98117,370,99938,146,98029,100,99948,200,97994,100,99990,100,97969,100,99991,100,97963,100,99993,46,97894,100,100024,100,97836,100,100068,100,,,100069,100,,,100073,100,,
2019-06-28 09:50:59.312748969,99835,402,98280,100,99938,146,98117,370,99948,200,98029,100,99990,100,97969,100,99991,100,97963,100,99993,46,97894,100,100024,100,97836,100,100068,100,,,100069,100,,,100073,100,,
2019-06-28 09:51:00.000000000,99835,200,98280,168,99938,214,98117,168,99948,268,98029,168,99990,168,97969,168,99991,100,97963,100,99993,46,97894,100,100024,100,97836,100,100068,100,,,100069,100,,,100073,100,,
2019-06-28 09:51:10.000000000,99835,402,98280,370,99938,146,98117,100,99948,200,98029,100,99990,100,97969,100,99991,100,97963,100,99993,46,97894,100,100024,100,97836,100,100068,100,,,100069,100,,,100073,100,,
2019-06-28 09:51:20.000000000,99835,402,98280,370,99938,146,98117,100,99948,200,98029,100,99990,100,97969,100,99991,100,97963,100,99993,46,97894,100,100024,100,97836,100,100068,100,,,100069,100,,,100073,100,,
2019-06-28 09:51:30.000000000,99835,186,98280,154,99938,200,98117,154,99948,254,98029,154,99990,154,97969,154,99991,154,97963,154,99993,46,97894,100,100024,100,97836,100,100068,100,,,100069,100,,,100073,100,,
2019-06-28 09:51:40.000000000,99835,186,98280,154,99938,200,98117,154,99948,254,98029,154,99990,154,97969,154,99991,154,97963,154,99993,46,97894,100,100024,100,97836,100,100068,100,,,100069,100,,,100073,100,,
2019-06-28 09:51:50.000000000,99835,402,98280,370,99938,146,98117,100,99948,200,98029,100,99990,100,97969,100,99991,100,97963,100,99993,46,97894,100,100024,100,97836,100,100068,100,,,100069,100,,,100073,100,,
2019-06-28 09:52:00.000000000,99835,224,98280,192,99938,235,98117,189,99948,289,98029,189,99990,100,97969,100,99991,100,97963,100,99993,46,97894,100,100024,100,97836,100,100068,100,,,100069,100,,,100073,100,,
2019-06-28 09:52:06.617092898,99835,224,98676,100,99938,235,98280,192,99948,289,98117,189,99990,100,98029,189,99991,100,97969,100,99993,46,97963,100,100024,100,97894,100,100068,100,97836,100,100069,100,,,100073,100,,
2019-06-28 09:52:10.000000000,99835,402,98676,370,99938,146,98280,100,99948,200,98117,100,99990,100,98029,100,99991,100,97969,100,99993,46,97963,100,100024,100,97894,100,100068,100,97836,100,100069,100,,,100073,100,,
2019-06-28 09:52:20.000000000,99835,200,98676,168,99938,214,98280,168,99948,268,98117,168,99990,168,98029,168,99991,100,97969,100,99993,46,97963,100,100024,100,97894,100,100068,100,97836,100,100069,100,,,100073,100,,
2019-06-28 09:52:21.158513798,99835,200,98676,168,99938,214,98280,168,99948,268,98226,100,99990,168,98117,168,99991,100,98029,168,99993,46,97969,100,100024,100,97963,100,100068,100,97894,100,100069,100,97836,100,100073,100,,
2019-06-28 09:52:30.000000000,99835,267,98676,235,99938,281,98280,235,99948,200,98226,100,99990,100,98117,100,99991,100,98029,100,99993,46,97969,100,100024,100,97963,100,100068,100,97894,100,100069,100,97836,100,100073,100,,
2019-06-28 09:52:40.000000000,99835,224,98676,192,99938,235,98280,189,99948,289,98226,189,99990,100,98117,100,99991,100,98029,100,99993,46,97969,100,100024,100,97963,100,100068,100,97894,100,100069,100,97836,100,100073,100,,
2019-06-28 09:52:50.000000000,99835,267,98676,235,99938,281,98280,235,99948,200,98226,100,99990,100,98117,100,99991,100,98029,100,99993,46,97969,100,100024,100,97963,100,100068,100,97894,100,100069,100,97836,100,100073,100,,
2019-06-28 09:53:00.000000000,99835,200,98676,168,99938,214,98280,168,99948,268,98226,168,99990,168,98117,168,99991,100,98029,100,99993,46,97969,100,100024,100,97963,100,100068,100,97894,100,100069,100,97836,100,100073,100,,
2019-06-28 09:53:10.000000000,99835,267,98676,235,99938,281,98280,235,99948,200,98226,100,99990,100,98117,100,99991,100,98029,100,99993,46,97969,100,100024,100,97963,100,100068,100,97894,100,100069,100,97836,100,100073,100,,
2019-06-28 09:53:20.000000000,99835,267,98676,235,99938,281,98280,235,99948,200,98226,100,99990,100,98117,100,99991,100,98029,100,99993,46,97969,100,100024,100,97963,100,100068,100,97894,100,100069,100,97836,100,100073,100,,
2019-06-28 09:53:22.713210921,99835,267,98676,235,99938,281,98280,235,99948,200,98226,100,99990,100,98181,100,99991,100,98117,100,99993,46,98029,100,100024,100,97969,100,100068,100,97963,100,100069,100,97894,100,100073,100,97836,100
2019-06-28 09:53:30.000000000,99835,402,98676,370,99938,146,98280,100,99948,200,98226,100,99990,100,98181,100,99991,100,98117,100,99993,46,98029,100,100024,100,97969,100,100068,100,97963,100,100069,100,97894,100,100073,100,97836,100
2019-06-28 09:53:40.000000000,99835,402,98676,370,99938,146,98280,100,99948,200,98226,100,99990,100,98181,100,99991,100,98117,100,99993,46,98029,100,100024,100,97969,100,100068,100,97963,100,100069,100,97894,100,100073,100,97836,100
2019-06-28 09:53:50.000000000,99835,224,98676,192,99938,235,98280,189,99948,289,98226,189,99990,100,98181,100,99991,100,98117,100,99993,46,98029,100,100024,100,97969,100,100068,100,97963,100,100069,100,97894,100,100073,100,97836,100
2019-06-28 09:53:59.888059799,99118,100,98676,192,99835,224,98280,189,99938,235,98226,189,99948,289,98181,100,99991,100,98117,100,99993,46,98029,100,100024,100,97969,100,100068,100,97963,100,100069,100,97894,100,100073,100,97836,100
2019-06-28 09:54:00.000000000,99118,235,98676,235,99835,267,98280,235,99938,146,98226,100,99948,200,98181,100,99991,100,98117,100,99993,46,98029,100,100024,100,97969,100,100068,100,97963,100,100069,100,97894,100,100073,100,97836,100
2019-06-28 09:54:08.086696330,99118,235,98676,235,99835,267,98480,100,99938,146,98280,235,99948,200,98226,100,99991,100,98181,100,99993,46,98117,100,100024,100,98029,100,100068,100,97969,100,100069,100,97963,100,100073,100,97894,100
2019-06-28 09:54:10.000000000,99118,154,98676,154,99835,186,98480,154,99938,200,98280,154,99948,254,98226,154,99991,154,98181,154,99993,46,98117,100,100024,100,98029,100,100068,100,97969,100,100069,100,97963,100,100073,100,97894,100
2019-06-28 09:54:20.000000000,99118,192,98676,192,99835,221,98480,189,99938,235,98280,189,99948,200,98226,100,99991,100,98181,100,99993,46,98117,100,100024,100,98029,100,100068,100,97969,100,100069,100,97963,100,100073,100,97894,100
2019-06-28 09:54:30.000000000,99118,154,98676,154,99835,186,98480,154,99938,200,98280,154,99948,254,98226,154,99991,154,98181,154,99993,46,98117,100,100024,100,98029,100,100068,100,97969,100,100069,100,97963,100,100073,100,97894,100
2019-06-28 09:54:31.606110161,99118,154,98790,100,99835,186,98676,154,99938,200,98480,154,99948,254,98280,154,99991,154,98226,154,99993,46,98181,154,100024,100,98117,100,100068,100,98029,100,100069,100,97969,100,100073,100,97963,100
2019-06-28 09:54:40.000000000,99118,235,98790,235,99835,267,98676,235,99938,146,98480,100,99948,200,98280,100,99991,100,98226,100,99993,46,98181,100,100024,100,98117,100,100068,100,98029,100,100069,100,97969,100,100073,100,97963,100
2019-06-28 09:54:50.000000000,99118,235,98790,235,99835,267,98676,235,99938,146,98480,100,99948,200,98280,100,99991,100,98226,100,99993,46,98181,100,100024,100,98117,100,100068,100,98029,100,100069,100,97969,100,100073,100,97963,100
2019-06-28 09:54:50.979630573,99118,335,98790,235,99835,267,98676,235,99938,146,98480,100,99948,200,98280,100,99991,100,98226,100,99993,46,98181,100,100024,100,98117,100,100068,100,98029,100,100069,100,97969,100,100073,100,97963,100
2019-06-28 09:54:51.561764338,99118,335,98790,135,99835,267,98676,235,99938,146,98480,100,99948,200,98280,100,99991,100,98226,100,99993,46,98181,100,100024,100,98029,100,100068,100,97969,100,100069,100,97963,100,100073,100,97894,100
2019-06-28 09:55:00.000000000,99118,254,98676,154,99835,186,98480,154,99938,200,98280,154,99948,254,98226,154,99991,154,98181,154,99993,46,98029,100,100024,100,97969,100,100068,100,97963,100,100069,100,97894,100,100073,100,97836,100
2019-06-28 09:55:07.796473314,99033,100,98676,154,99118,254,98480,154,99835,186,98280,154,99938,200,98226,154,99948,254,98181,154,99991,154,98029,100,99993,46,97969,100,100024,100,97963,100,100068,100,97894,100,100069,100,97836,100
2019-06-28 09:55:10.000000000,99033,192,98676,192,99118,289,98480,189,99835,221,98280,189,99938,146,98226,100,99948,200,98181,100,99991,100,98029,100,99993,46,97969,100,100024,100,97963,100,100068,100,97894,100,100069,100,97836,100
2019-06-28 09:55:20.000000000,99033,370,98676,370,99118,200,98480,100,99835,132,98280,100,99938,146,98226,100,99948,200,98181,100,99991,100,98029,100,99993,46,97969,100,100024,100,97963,100,100068,100,97894,100,100069,100,97836,100
2019-06-28 09:55:22.887313203,98942,100,98676,370,99033,370,98480,100,99118,200,98280,100,99835,132,98226,100,99938,146,98181,100,99948,200,98029,100,99991,100,97969,100,99993,46,97963,100,100024,100,97894,100,100068,100,97836,100
2019-06-28 09:55:30.000000000,98942,235,98676,235,99033,235,98480,235,99118,200,98280,100,99835,132,98226,100,99938,146,98181,100,99948,200,98029,100,99991,100,97969,100,99993,46,97963,100,100024,100,97894,100,100068,100,97836,100
2019-06-28 09:55:40.000000000,98942,154,98676,154,99033,154,98480,154,99118,254,98280,154,99835,186,98226,154,99938,200,98181,154,99948,200,98029,100,99991,100,97969,100,99993,46,97963,100,100024,100,97894,100,100068,100,97836,100
2019-06-28 09:55:41.465662312,98942,154,98676,154,99033,154,98480,54,99112,100,98280,154,99118,254,98226,154,99835,186,98181,154,99938,200,98029,100,99948,200,97969,100,99991,100,97963,100,99993,46,97894,100,100024,100,97836,100
2019-06-28 09:55:44.206945024,98942,154,98676,154,98991,100,98480,54,99033,154,98280,154,99112,100,98226,154,99118,254,98181,154,99835,186,98029,100,99938,200,97969,100,99948,200,97963,100,99991,100,97894,100,99993,46,97836,100
2019-06-28 09:55:50.000000000,98942,235,98676,235,98991,235,98280,235,99033,100,98226,100,99112,100,98181,100,99118,200,98029,100,99835,132,97969,100,99938,146,97963,100,99948,200,97894,100,99991,100,97836,100,99993,46,,
2019-06-28 09:56:00.000000000,98942,154,98676,154,98991,154,98280,154,99033,154,98226,154,99112,154,98181,154,99118,254,98029,154,99835,132,97969,100,99938,146,97963,100,99948,200,97894,100,99991,100,97836,100,99993,46,,
2019-06-28 09:56:10.000000000,98942,370,98676,370,98991,100,98280,100,99033,100,98226,100,99112,100,98181,100,99118,200,98029,100,99835,132,97969,100,99938,146,97963,100,99948,200,97894,100,99991,100,97836,100,99993,46,,
2019-06-28 09:56:12.220419157,98942,270,98676,370,98991,100,98280,100,99033,100,98226,100,99112,100,98181,100,99118,200,98029,100,99835,132,97969,100,99938,146,97963,100,99948,200,97894,100,99991,100,,,99993,46,,
2019-06-28 09:56:20.000000000,98991,192,98676,192,99033,189,98280,189,99112,189,98226,189,99118,200,98181,100,99835,132,98029,100,99938,146,97969,100,99948,200,97963,100,99991,100,97894,100,99993,46,,,100024,100,,
2019-06-28 09:56:30.000000000,98991,370,98676,370,99033,100,98280,100,99112,100,98226,100,99118,200,98181,100,99835,132,98029,100,99938,146,97969,100,99948,200,97963,100,99991,100,97894,100,99993,46,,,100024,100,,
2019-06-28 09:56:30.761357730,98991,370,98791,100,99033,100,98676,370,99112,100,98280,100,99118,200,98226,100,99835,132,98181,100,99938,146,98029,100,99948,200,97969,100,99991,100,97963,100,99993,46,97894,100,100024,100,,
2019-06-28 09:56:37.548626259,98991,370,98791,200,99033,100,98676,370,99112,100,98280,100,99118,200,98226,100,99835,132,98181,100,99938,146,98029,100,99948,200,97969,100,99991,100,97963,100,99993,46,97894,100,100024,100,,
2019-06-28 09:56:40.000000000,98991,154,98791,254,99033,154,98676,154,99112,154,98280,154,99118,254,98226,154,99835,186,98181,154,99938,146,98029,100,99948,200,97969,100,99991,100,97963,100,99993,46,97894,100,100024,100,,
2019-06-28 09:56:50.000000000,98991,370,98791,470,99033,100,98676,100,99112,100,98280,100,99118,200,98226,100,99835,132,98181,100,99938,146,98029,100,99948,200,97969,100,99991,100,97963,100,99993,46,97894,100,100024,100,,
2019-06-28 09:57:00.000000000,98991,235,98791,335,99033,235,98676,235,99112,100,98280,100,99118,200,98226,100,99835,132,98181,100,99938,146,98029,100,99948,200,97969,100,99991,100,97963,100,99993,46,97894,100,100024,100,,
2019-06-28 09:57:03.759871693,98991,235,98791,435,99033,235,98676,235,99112,100,98280,100,99118,200,98226,100,99835,132,98181,100,99938,146,98029,100,99948,200,97969,100,99991,100,97963,100,99993,46,97894,100,100024,100,,
2019-06-28 09:57:04.206191909,98991,135,98791,435,99033,235,98676,235,99112,100,98280,100,99118,200,98226,100,99835,132,98181,100,99938,146,98029,100,99948,200,97969,100,99991,100,97963,100,99993,46,97894,100,100024,100,,
2019-06-28 09:57:09.984870338,98991,135,98791,435,99033,235,98676,235,99112,100,98280,100,99118,200,98226,100,99290,100,98181,100,99835,132,98029,100,99938,146,97969,100,99948,200,97894,100,99991,100,,,99993,46,,
2019-06-28 09:57:10.000000000,99033,235,98791,435,99112,235,98676,235,99118,200,98280,100,99290,100,98226,100,99835,132,98181,100,99938,146,98029,100,99948,200,97969,100,99991,100,97894,100,99993,46,,,100024,100,,
2019-06-28 09:57:13.935707226,99033,235,98942,100,99112,235,98791,435,99118,200,98676,235,99290,100,98280,100,99835,132,98226,100,99938,146,98181,100,99948,200,98029,100,99991,100,97969,100,99993,46,97894,100,100024,100,,
2019-06-28 09:57:20.000000000,99033,235,98942,235,99112,235,98791,435,99118,200,98676,100,99290,100,98280,100,99835,132,98226,100,99938,146,98181,100,99948,200,98029,100,99991,100,97969,100,99993,46,97894,100,100024,100,,
2019-06-28 09:57:23.900298164,99033,235,98998,100,99112,235,98942,235,99118,200,98791,435,99290,100,98676,100,99835,132,98280,100,99938,146,98226,100,99948,200,98181,100,99991,100,98029,100,99993,46,97894,100,100024,100,,
2019-06-28 09:57:25.848593671,99033,135,98998,100,99112,235,98942,235,99118,200,98791,435,99290,100,98676,100,99835,132,98280,100,99938,146,98226,100,99948,200,98181,100,99991,100,98029,100,99993,46,97894,100,100024,100,,
2019-06-28 09:57:30.000000000,99112,192,98998,192,99118,289,98942,189,99290,189,98791,389,99835,132,98676,100,99938,146,98280,100,99948,200,98226,100,99991,100,98181,100,99993,46,98029,100,100024,100,97894,100,100068,100,,
2019-06-28 09:57:40.000000000,99112,192,98998,192,99118,289,98942,189,99290,189,98791,389,99835,132,98676,100,99938,146,98280,100,99948,200,98226,100,99991,100,98181,100,99993,46,98029,100,100024,100,97894,100,100068,100,,
2019-06-28 09:57:46.160146103,99000,100,98998,192,99112,192,98942,189,99118,289,98791,389,99290,189,98676,100,99835,132,98280,100,99938,146,98226,100,99948,200,98181,100,99991,100,98029,100,99993,46,97894,100,100024,100,,
2019-06-28 09:57:50.000000000,99000,154,98998,154,99112,154,98942,154,99118,254,98791,354,99290,154,98676,154,99835,186,98280,154,99938,146,98226,100,99948,200,98181,100,99991,100,98029,100,99993,46,97894,100,100024,100,,
2019-06-28 09:58:00.000000000,99000,154,98998,154,99112,154,98942,154,99118,254,98791,354,99290,154,98676,154,99835,186,98280,154,99938,146,98226,100,99948,200,98181,100,99991,100,98029,100,99993,46,97894,100,100024,100,,
2019-06-28 09:58:08.850601118,99000,154,98998,154,99112,154,98942,154,99118,254,98791,354,99139,100,98676,154,99290,154,98280,154,99835,186,98226,100,99938,146,98181,100,99948,200,98029,100,99991,100,97894,100,99993,46,,
2019-06-28 09:58:10.000000000,99000,192,98998,192,99112,189,98942,189,99118,289,98791,389,99139,100,98676,100,99290,100,98280,100,99835,132,98226,100,99938,146,98181,100,99948,200,98029,100,99991,100,97894,100,99993,46,,
2019-06-28 09:58:13.176842789,99000,192,98998,192,99112,189,98942,189,99118,289,98791,389,99137,100,98676,100,99139,100,98280,100,99290,100,98226,100,99835,100,98181,100,99938,146,98029,100,99948,200,97894,100,99991,100,,
2019-06-28 09:58:20.000000000,99000,154,98998,154,99112,154,98942,154,99118,254,98791,354,99137,154,98676,154,99139,154,98280,154,99290,100,98226,100,99835,100,98181,100,99938,146,98029,100,99948,200,97894,100,99991,100,,
2019-06-28 09:58:25.158150250,99000,54,98998,154,99112,154,98942,154,99118,254,98791,354,99137,154,98676,154,99139,154,98280,154,99290,100,98226,100,99835,100,98181,100,99938,146,98029,100,99948,200,97894,100,99991,100,,
2019-06-28 09:58:29.201901040,99000,54,98999,100,99112,154,98998,154,99118,254,98942,154,99137,154,98791,354,99139,154,98676,154,99290,100,98280,154,99835,100,98181,100,99938,146,98029,100,99948,200,97894,100,99991,100,,
2019-06-28 09:58:30.000000000,99112,168,98999,168,99118,268,98998,168,99137,168,98942,168,99139,168,98791,368,99290,100,98676,100,99835,100,98280,100,99938,146,98181,100,99948,200,98029,100,99991,100,97894,100,99993,46,,
2019-06-28 09:58:39.008766502,99112,168,98999,68,99118,268,98998,168,99137,168,98942,168,99139,168,98925,100,99290,100,98791,368,99835,100,98676,100,99938,146,98280,100,99948,200,98181,100,99991,100,98029,100,99993,46,97894,100
2019-06-28 09:58:40.000000000,99112,168,98998,168,99118,268,98942,168,99137,168,98925,168,99139,168,98791,368,99290,100,98676,100,99835,100,98280,100,99938,146,98181,100,99948,200,98029,100,99991,100,97894,100,99993,46,,
2019-06-28 09:58:49.645898441,99112,168,99000,100,99118,268,98998,168,99137,168,98942,168,99139,168,98925,168,99290,100,98791,368,99938,146,98676,100,99948,200,98280,100,99991,100,98181,100,99993,46,98029,100,100024,100,97894,100
2019-06-28 09:58:49.986714682,99112,168,99000,100,99118,168,98998,168,99137,168,98942,168,99139,168,98925,168,99290,100,98791,368,99938,146,98676,100,99948,200,98280,100,99991,100,98181,100,99993,46,98029,100,100024,100,97894,100
2019-06-28 09:58:50.000000000,99112,154,99000,154,99118,154,98998,154,99137,154,98942,154,99139,154,98925,154,99290,154,98791,354,99938,146,98676,100,99948,200,98280,100,99991,100,98181,100,99993,46,98029,100,100024,100,97894,100
2019-06-28 09:58:59.801175481,99112,154,99000,254,99118,154,98998,154,99137,154,98942,154,99139,154,98925,154,99290,154,98791,354,99938,146,98676,100,99948,200,98280,100,99991,100,98181,100,99993,46,98029,100,100024,100,97894,100
2019-06-28 09:58:59.989108285,99112,54,99000,254,99118,154,98998,154,99137,154,98942,154,99139,154,98925,154,99290,154,98791,354,99938,146,98676,100,99948,200,98280,100,99991,100,98181,100,99993,46,98029,100,100024,100,97894,100
2019-06-28 09:59:00.000000000,99118,154,99000,254,99137,154,98998,154,99139,154,98942,154,99290,154,98925,154,99938,200,98791,354,99948,200,98676,100,99991,100,98280,100,99993,46,98181,100,100024,100,98029,100,100068,100,97894,100
2019-06-28 09:59:06.871330483,99118,54,99000,254,99137,154,98998,154,99139,154,98942,154,99290,154,98925,154,99938,200,98791,354,99948,200,98676,100,99991,100,98280,100,99993,46,98181,100,100024,100,98029,100,100068,100,97894,100
2019-06-28 09:59:10.000000000,99137,154,99000,254,99139,154,98998,154,99290,154,98942,154,99938,200,98925,154,99948,254,98791,354,99991,100,98676,100,99993,46,98280,100,100024,100,98181,100,100068,100,98029,100,100069,100,97894,100
2019-06-28 09:59:20.000000000,99137,192,99000,292,99139,189,98998,189,99290,189,98942,189,99938,146,98925,100,99948,200,98791,300,99991,100,98676,100,99993,46,98280,100,100024,100,98181,100,100068,100,98029,100,100069,100,97894,100
2019-06-28 09:59:24.591731823,99137,192,99112,100,99139,189,99000,292,99290,189,98998,189,99938,146,98942,189,99948,200,98925,100,99991,100,98791,300,99993,46,98676,100,100024,100,98280,100,100068,100,98181,100,100069,100,98029,100
2019-06-28 09:59:28.055777156,99137,192,99112,200,99139,189,99000,292,99290,189,98998,189,99938,46,98942,189,99948,200,98925,100,99991,100,98791,300,99993,46,98676,100,100024,100,98280,100,100068,100,98181,100,100069,100,98029,100
2019-06-28 09:59:30.000000000,99137,154,99112,254,99139,154,99000,254,99290,154,98998,154,99938,100,98942,154,99948,254,98925,154,99991,100,98791,300,99993,46,98676,100,100024,100,98280,100,100068,100,98181,100,100069,100,98029,100
2019-06-28 09:59:32.286588445,99137,154,99112,154,99139,154,99000,254,99290,154,98998,154,99938,100,98942,154,99948,254,98925,154,99991,100,98791,300,99993,46,98676,100,100024,100,98280,100,100068,100,98181,100,100069,100,98029,100
2019-06-28 09:59:40.000000000,99137,370,99112,370,99139,100,99000,200,99290,100,98998,100,99938,46,98942,100,99948,200,98925,100,99991,100,98791,300,99993,46,98676,100,100024,100,98280,100,100068,100,98181,100,100069,100,98029,100
2019-06-28 09:59:50.000000000,99137,235,99112,235,99139,235,99000,335,99290,100,98998,100,99938,46,98942,100,99948,200,98925,100,99991,100,98791,300,99993,46,98676,100,100024,100,98280,100,100068,100,98181,100,100069,100,98029,100
2019-06-28 10:00:00.000000000,99137,168,99112,168,99139,168,99000,268,99290,168,98998,168,99938,114,98942,168,99948,200,98925,100,99991,100,98791,300,99993,46,98676,100,100024,100,98280,100,100068,100,98181,100,100069,100,98029,100
2019-06-28 10:00:01.170188887,99137,168,99112,168,99139,168,99000,268,99290,168,98998,168,99938,114,98942,168,99948,200,98925,100,99991,100,98791,300,99993,46,98676,100,100024,100,98280,100,100068,100,98181,100,100069,100,98029,100
2019-06-28 10:00:10.000000000,99137,154,99112,154,99139,154,99000,254,99290,154,98998,154,99938,100,98942,154,99948,254,98925,154,99991,100,98791,300,99993,46,98676,100,100024,100,98280,100,100068,100,98181,100,100069,100,98029,100
2019-06-28 10:00:14.460448284,99137,154,99112,254,99139,154,99000,254,99290,154,98998,154,99938,100,98942,154,99948,254,98925,154,99991,100,98791,300,99993,46,98676,100,100024,100,98280,100,100068,100,98181,100,100069,100,98029,100
2019-06-28 10:00:19.042117027,99137,154,99112,254,99139,154,99000,254,99290,154,98998,154,99938,100,98942,154,99948,254,98925,154,99991,100,98791,300,99993,46,98676,100,100024,100,98280,100,100069,100,98181,100,100073,100,98029,100
2019-06-28 10:00:20.000000000,99137,168,99112,268,99139,168,99000,268,99290,168,98998,168,99938,114,98942,168,99948,200,98925,100,99991,100,98791,300,99993,46,98676,100,100024,100,98280,100,100069,100,98181,100,100073,100,98029,100
2019-06-28 10:00:30.000000000,99137,370,99112,470,99139,100,99000,200,99290,100,98998,100,99938,46,98942,100,99948,200,98925,100,99991,100,98791,300,99993,46,98676,100,100024,100,98280,100,100069,100,98181,100,100073,100,98029,100
2019-06-28 10:00:40.000000000,99137,154,99112,254,99139,154,99000,254,99290,154,98998,154,99938,100,98942,154,99948,254,98925,154,99991,100,98791,300,99993,46,98676,100,100024,100,98280,100,100069,100,98181,100,100073,100,98029,100
2019-06-28 10:00:45.202908514,99137,154,99112,254,99139,154,99000,254,99290,154,98998,154,99859,100,98942,154,99938,100,98925,154,99948,254,98791,300,99991,100,98676,100,99993,46,98280,100,100024,100,98181,100,100069,100,98029,100
2019-06-28 10:00:50.000000000,99137,168,99112,268,99139,168,99000,268,99290,168,98998,168,99859,168,98942,168,99938,46,98925,100,99948,200,98791,300,99991,100,98676,100,99993,46,98280,100,100024,100,98181,100,100069,100,98029,100
2019-06-28 10:00:57.367694438,99137,68,99112,268,99139,168,99000,268,99290,168,98998,168,99859,168,98942,168,99938,46,98925,100,99948,200,98791,300,99991,100,98676,100,99993,46,98280,100,100024,100,98181,100,100069,100,98029,100
2019-06-28 10:01:00.000000000,99139,192,99112,292,99290,189,99000,289,99859,189,98998,189,99938,46,98942,100,99948,200,98925,100,99991,100,98791,300,99993,46,98676,100,100024,100,98280,100,100069,100,98181,100,100073,100,98029,100
2019-06-28 10:01:01.080979596,99139,192,99118,100,99290,189,99112,292,99859,189,99000,289,99938,46,98998,189,99948,200,98942,100,99991,100,98925,100,99993,46,98791,300,100024,100,98676,100,100069,100,98280,100,100073,100,98181,100
2019-06-28 10:01:10.000000000,99139,235,99118,235,99290,235,99112,335,99859,100,99000,200,99938,46,98998,100,99948,200,98942,100,99991,100,98925,100,99993,46,98791,300,100024,100,98676,100,100069,100,98280,100,100073,100,98181,100
2019-06-28 10:01:17.072018799,99139,235,99118,335,99290,235,99112,335,99859,100,99000,200,99938,46,98998,100,99948,200,98942,100,99991,100,98925,100,99993,46,98791,200,100024,100,98676,100,100069,100,98280,100,100073,100,98181,100
2019-06-28 10:01:20.000000000,99139,370,99118,470,99290,100,99112,200,99859,100,99000,200,99938,46,98998,100,99948,200,98942,100,99991,100,98925,100,99993,46,98791,200,100024,100,98676,100,100069,100,98280,100,100073,100,98181,100
2019-06-28 10:01:27.339668403,99139,270,99118,470,99859,100,99112,200,99938,46,99000,200,99948,200,98998,100,99991,100,98942,100,99993,46,98925,100,100024,100,98791,200,100069,100,98676,100,100073,100,98280,100,100081,100,98181,100
2019-06-28 10:01:28.636934353,99139,270,99118,470,99859,100,99112,200,99863,100,99000,200,99938,46,98998,100,99948,200,98942,100,99991,100,98925,100,99993,46,98791,200,100024,100,98676,100,100069,100,98280,100,100073,100,98181,100
2019-06-28 10:01:30.000000000,99859,370,99118,470,99863,100,99112,200,99938,46,99000,200,99948,200,98998,100,99991,100,98942,100,99993,46,98925,100,100024,100,98791,200,100069,100,98676,100,100073,100,98280,100,100081,100,98181,100
2019-06-28 10:01:40.000000000,99859,370,99118,470,99863,100,99112,200,99938,46,99000,200,99948,200,98998,100,99991,100,98942,100,99993,46,98925,100,100024,100,98791,200,100069,100,98676,100,100073,100,98280,100,100081,100,98181,100
2019-06-28 10:01:50.000000000,99859,235,99118,335,99863,235,99112,335,99938,46,99000,200,99948,200,98998,100,99991,100,98942,100,99993,46,98925,100,100024,100,98791,200,100069,100,98676,100,100073,100,98280,100,100081,100,98181,100
2019-06-28 10:02:00.000000000,99859,235,99118,335,99863,235,99112,335,99938,46,99000,200,99948,200,98998,100,99991,100,98942,100,99993,46,98925,100,100024,100,98791,200,100069,100,98676,100,100073,100,98280,100,100081,100,98181,100
2019-06-28 10:02:06.439860499,99859,235,99118,335,99863,235,99112,335,99938,46,99000,100,99948,200,98998,100,99991,100,98942,100,99993,46,98925,100,100024,100,98791,200,100069,100,98676,100,100073,100,98280,100,100081,100,98181,100
2019-06-28 10:02:10.000000000,99859,168,99118,268,99863,168,99112,268,99938,114,99000,168,99948,268,98998,168,99991,100,98942,100,99993,46,98925,100,100024,100,98791,200,100069,100,98676,100,100073,100,98280,100,100081,100,98181,100
2019-06-28 10:02:20.000000000,99859,168,99118,268,99863,168,99112,268,99938,114,99000,168,99948,268,98998,168,99991,100,98942,100,99993,46,98925,100,100024,100,98791,200,100069,100,98676,100,100073,100,98280,100,100081,100,98181,100
2019-06-28 10:02:30.000000000,99859,235,99118,335,99863,235,99112,335,99938,46,99000,100,99948,200,98998,100,99991,100,98942,100,99993,46,98925,100,100024,100,98791,200,100069,100,98676,100,100073,100,98280,100,100081,100,98181,100
2019-06-28 10:02:30.070086622,99859,235,99137,100,99863,235,99118,335,99938,46,99112,335,99948,200,99000,100,99991,100,98998,100,99993,46,98942,100,100069,100,98925,100,100073,100,98791,200,100081,100,98676,100,100108,100,98280,100
2019-06-28 10:02:40.000000000,99859,370,99137,370,99863,100,99118,200,99938,46,99112,200,99948,200,99000,100,99991,100,98998,100,99993,46,98942,100,100069,100,98925,100,100073,100,98791,200,100081,100,98676,100,100108,100,98280,100
2019-06-28 10:02:50.000000000,99859,192,99137,192,99863,189,99118,289,99938,135,99112,289,99948,200,99000,100,99991,100,98998,100,99993,46,98942,100,100069,100,98925,100,100073,100,98791,200,100081,100,98676,100,100108,100,98280,100
2019-06-28 10:03:00.000000000,99859,235,99137,235,99863,235,99118,335,99938,46,99112,200,99948,200,99000,100,99991,100,98998,100,99993,46,98942,100,100069,100,98925,100,100073,100,98791,200,100081,100,98676,100,100108,100,98280,100
2019-06-28 10:03:02.931055491,99859,235,99137,235,99863,235,99118,335,99917,100,99112,200,99938,46,99000,100,99948,200,98998,100,99991,100,98942,100,99993,46,98925,100,100069,100,98791,200,100073,100,98676,100,100081,100,98280,100
2019-06-28 10:03:10.000000000,99859,154,99137,154,99863,154,99118,254,99917,154,99112,254,99938,100,99000,154,99948,254,98998,154,99991,100,98942,100,99993,46,98925,100,100069,100,98791,200,100073,100,98676,100,100081,100,98280,100
2019-06-28 10:03:15.123062151,99859,154,99137,254,99863,154,99118,254,99917,154,99112,254,99938,54,99000,154,99948,254,98998,154,99991,100,98942,100,99993,46,98925,100,100069,100,98791,200,100073,100,98676,100,100081,100,98280,100
2019-06-28 10:03:20.000000000,99859,370,99137,470,99863,100,99118,200,99917,100,99112,200,99948,200,99000,100,99991,100,98998,100,99993,46,98942,100,100069,100,98925,100,100073,100,98791,200,100081,100,98676,100,100108,100,98280,100
2019-06-28 10:03:27.456305289,99859,370,99137,470,99863,100,99118,100,99917,100,99112,200,99948,200,99000,100,99991,100,98998,100,99993,46,98942,100,100069,100,98925,100,100073,100,98791,200,100081,100,98676,100,100108,100,98280,100
2019-06-28 10:03:30.000000000,99859,192,99137,292,99863,189,99118,189,99917,189,99112,289,99948,200,99000,100,99991,100,98998,100,99993,46,98942,100,100069,100,98925,100,100073,100,98791,200,100081,100,98676,100,100108,100,98280,100
2019-06-28 10:03:36.190800574,99859,192,99137,292,99863,189,99118,189,99917,189,99112,189,99948,200,99000,100,99991,100,98998,100,99993,46,98942,100,100069,100,98925,100,100073,100,98791,200,100081,100,98676,100,100108,100,98280,100
2019-06-28 10:03:38.643880039,99859,192,99137,392,99863,189,99118,189,99917,189,99112,189,99948,200,98998,100,99991,100,98942,100,99993,46,98925,100,100069,100,98791,200,100073,100,98676,100,100081,100,98280,100,100108,100,98181,100
2019-06-28 10:03:40.000000000,99859,370,99137,570,99863,100,99118,100,99917,100,99112,100,99948,200,98998,100,99991,100,98942,100,99993,46,98925,100,100069,100,98791,200,100073,100,98676,100,100081,100,98280,100,100108,100,98181,100
2019-06-28 10:03:41.993275429,99623,100,99137,570,99859,370,99118,100,99863,100,99112,100,99917,100,98998,100,99948,200,98942,100,99991,100,98925,100,99993,46,98791,200,100069,100,98676,100,100073,100,98280,100,100081,100,98181,100
2019-06-28 10:03:50.000000000,99623,154,99137,354,99859,154,99118,154,99863,154,99112,154,99917,154,98998,154,99948,254,98942,154,99991,100,98925,100,99993,46,98791,200,100069,100,98676,100,100073,100,98280,100,100081,100,98181,100
2019-06-28 10:04:00.000000000,99623,168,99137,368,99859,168,99118,168,99863,168,99112,168,99917,168,98998,168,99948,200,98942,100,99991,100,98925,100,99993,46,98791,200,100069,100,98676,100,100073,100,98280,100,100081,100,98181,100
2019-06-28 10:04:10.000000000,99623,370,99137,570,99859,100,99118,100,99863,100,99112,100,99917,100,98998,100,99948,200,98942,100,99991,100,98925,100,99993,46,98791,200,100069,100,98676,100,100073,100,98280,100,100081,100,98181,100
2019-06-28 10:04:10.297663472,99623,370,99210,100,99859,100,99137,570,99917,100,99118,100,99948,200,99112,100,99991,100,98998,100,99993,46,98942,100,100069,100,98925,100,100073,100,98791,200,100081,100,98676,100,100108,100,98280,100
2019-06-28 10:04:14.139750058,99497,100,99210,100,99623,370,99137,570,99859,100,99118,100,99917,100,99112,100,99948,200,98998,100,99991,100,98942,100,99993,46,98925,100,100069,100,98791,200,100073,100,98676,100,100081,100,98280,100
2019-06-28 10:04:17.138704022,99497,100,99328,100,99623,370,99210,100,99859,100,99137,570,99917,100,99118,100,99948,200,99112,100,99991,100,98942,100,99993,46,98925,100,100069,100,98791,200,100073,100,98676,100,100081,100,98280,100
2019-06-28 10:04:18.103835602,99497,100,99328,100,99623,370,99210,100,99624,100,99137,570,99859,100,99118,100,99917,100,99112,100,99948,200,98942,100,99991,100,98925,100,99993,46,98791,200,100069,100,98676,100,100073,100,98280,100
2019-06-28 10:04:19.404593164,99497,100,99328,100,99623,370,99210,100,99624,100,99137,570,99686,100,99118,100,99859,100,99112,100,99917,100,98942,100,99948,200,98925,100,99991,100,98791,200,99993,46,98280,100,100069,100,98181,100
2019-06-28 10:04:20.000000000,99497,168,99328,168,99623,168,99210,168,99624,168,99137,368,99686,168,99118,168,99859,100,99112,100,99917,100,98942,100,99948,200,98925,100,99991,100,98791,200,99993,46,98280,100,100069,100,98181,100
2019-06-28 10:04:21.253542273,99449,100,99328,168,99497,168,99210,168,99623,168,99137,368,99624,168,99118,168,99686,168,99112,100,99859,100,98942,100,99917,100,98925,100,99948,200,98791,200,99991,100,98280,100,99993,46,97894,100
2019-06-28 10:04:30.000000000,99449,192,99328,192,99497,189,99210,189,99623,189,99137,389,99624,100,99118,100,99686,100,99112,100,99859,100,98942,100,99917,100,98925,100,99948,200,98791,200,99991,100,98280,100,99993,46,97894,100
2019-06-28 10:04:40.000000000,99449,154,99328,154,99497,154,99210,154,99623,154,99137,354,99624,154,99118,154,99686,154,99112,154,99859,100,98942,100,99917,100,98925,100,99948,200,98791,200,99991,100,98280,100,99993,46,97894,100
2019-06-28 10:04:50.000000000,99449,154,99328,154,99497,154,99210,154,99623,154,99137,354,99624,154,99118,154,99686,154,99112,154,99859,100,98942,100,99917,100,98925,100,99948,200,98791,200,99991,100,98280,100,99993,46,97894,100
2019-06-28 10:04:54.244643635,99449,154,99438,100,99497,154,99328,154,99623,154,99210,154,99624,154,99137,354,99686,154,99118,154,99859,100,99112,154,99917,100,98942,100,99948,200,98925,100,99991,100,98791,200,99993,46,98280,100
2019-06-28 10:05:00.000000000,99449,235,99438,235,99497,235,99328,235,99623,100,99210,100,99624,100,99137,300,99686,100,99118,100,99859,100,99112,100,99917,100,98942,100,99948,200,98925,100,99991,100,98791,200,99993,46,98280,100
2019-06-28 10:05:04.616921122,99449,235,99438,235,99497,235,99433,100,99623,100,99328,235,99624,100,99210,100,99686,100,99137,300,99859,100,99118,100,99917,100,99112,100,99948,200,98942,100,99991,100,98925,100,99993,46,98791,200
2019-06-28 10:05:08.454546286,99449,235,99438,235,99461,100,99433,100,99497,235,99328,235,99623,100,99210,100,99624,100,99137,300,99686,100,99118,100,99859,100,99112,100,99917,100,98942,100,99948,200,98925,100,99991,100,98791,200
2019-06-28 10:05:10.000000000,99449,235,99438,235,99461,235,99433,235,99497,100,99328,100,99623,100,99210,100,99624,100,99137,300,99686,100,99118,100,99859,100,99112,100,99917,100,98942,100,99948,200,98925,100,99991,100,98791,200
2019-06-28 10:05:20.000000000,99449,235,99438,235,99461,235,99433,235,99497,100,99328,100,99623,100,99210,100,99624,100,99137,300,99686,100,99118,100,99859,100,99112,100,99917,100,98942,100,99948,200,98925,100,99991,100,98791,200
2019-06-28 10:05:30.000000000,99449,168,99438,168,99461,168,99433,168,99497,168,99328,168,99623,168,99210,168,99624,100,99137,300,99686,100,99118,100,99859,100,99112,100,99917,100,98942,100,99948,200,98925,100,99991,100,98791,200
2019-06-28 10:05:33.382394396,99449,168,99438,168,99461,168,99437,100,99497,168,99433,168,99623,168,99328,168,99624,100,99210,168,99686,100,99137,300,99859,100,99118,100,99917,100,99112,100,99948,200,98942,100,99991,100,98925,100
2019-06-28 10:05:40.000000000,99449,192,99438,192,99461,189,99437,189,99497,189,99433,189,99623,100,99328,100,99624,100,99210,100,99686,100,99137,300,99859,100,99118,100,99917,100,99112,100,99948,200,98942,100,99991,100,98925,100
2019-06-28 10:05:50.000000000,99449,168,99438,168,99461,168,99437,168,99497,168,99433,168,99623,168,99328,168,99624,100,99210,100,99686,100,99137,300,99859,100,99118,100,99917,100,99112,100,99948,200,98942,100,99991,100,98925,100
2019-06-28 10:05:57.157845942,99449,168,99438,68,99461,168,99437,168,99497,168,99433,168,99623,168,99328,168,99624,100,99210,100,99686,100,99137,300,99859,100,99118,100,99917,100,99112,100,99948,200,98942,100,99991,100,98925,100
2019-06-28 10:06:00.000000000,99449,168,99437,168,99461,168,99433,168,99497,168,99328,168,99623,168,99210,168,99624,100,99137,300,99686,100,99118,100,99859,100,99112,100,99917,100,98942,100,99948,200,98925,100,99991,100,98791,200
2019-06-28 10:06:06.084040976,99449,168,99437,168,99459,100,99433,168,99461,168,99328,168,99497,168,99210,168,99623,168,99137,300,99624,100,99118,100,99686,100,99112,100,99859,100,98942,100,99917,100,98925,100,99948,200,98791,200
2019-06-28 10:06:08.756226971,99449,168,99437,168,99459,100,99433,168,99461,168,99328,168,99497,168,99210,168,99611,100,99137,300,99623,168,99118,100,99624,100,99112,100,99686,100,98942,100,99859,100,98925,100,99917,100,98791,200
2019-06-28 10:06:10.000000000,99449,154,99437,154,99459,154,99433,154,99461,154,99328,154,99497,154,99210,154,99611,154,99137,354,99623,100,99118,100,99624,100,99112,100,99686,100,98942,100,99859,100,98925,100,99917,100,98791,200
2019-06-28 10:06:16.032283700,99437,46,99433,154,99449,154,99328,154,99459,154,99210,154,99461,154,99137,354,99497,154,99118,100,99611,154,99112,100,99623,100,98942,100,99624,100,98925,100,99686,100,98791,200,99859,100,98280,100
2019-06-28 10:06:20.000000000,99437,138,99433,192,99449,189,99328,189,99459,189,99210,189,99461,100,99137,300,99497,100,99118,100,99611,100,99112,100,99623,100,98942,100,99624,100,98925,100,99686,100,98791,200,99859,100,98280,100
2019-06-28 10:06:28.589959290,99437,138,99433,192,99449,189,99328,189,99459,189,99210,189,99461,100,99137,300,99497,100,99118,100,99531,100,99112,100,99611,100,98942,100,99623,100,98925,100,99624,100,98791,200,99686,100,98280,100
2019-06-28 10:06:30.000000000,99437,316,99433,370,99449,100,99328,100,99459,100,99210,100,99461,100,99137,300,99497,100,99118,100,99531,100,99112,100,99611,100,98942,100,99623,100,98925,100,99624,100,98791,200,99686,100,98280,100
2019-06-28 10:06:40.000000000,99437,100,99433,154,99449,154,99328,154,99459,154,99210,154,99461,154,99137,354,99497,154,99118,154,99531,100,99112,100,99611,100,98942,100,99623,100,98925,100,99624,100,98791,200,99686,100,98280,100
2019-06-28 10:06:42.191495224,99437,100,99433,154,99449,154,99328,154,99459,154,99210,154,99461,154,99137,354,99497,154,99118,154,99506,100,99112,100,99531,100,98942,100,99611,100,98925,100,99623,100,98791,200,99624,100,98280,100
2019-06-28 10:06:50.000000000,99437,100,99433,154,99449,154,99328,154,99459,154,99210,154,99461,154,99137,354,99497,154,99118,154,99506,100,99112,100,99531,100,98942,100,99611,100,98925,100,99623,100,98791,200,99624,100,98280,100
2019-06-28 10:07:00.000000000,99437,316,99433,370,99449,100,99328,100,99459,100,99210,100,99461,100,99137,300,99497,100,99118,100,99506,100,99112,100,99531,100,98942,100,99611,100,98925,100,99623,100,98791,200,99624,100,98280,100
2019-06-28 10:07:01.237378029,99437,216,99433,370,99449,100,99328,100,99459,100,99210,100,99461,100,99137,300,99497,100,99118,100,99506,100,99112,100,99531,100,98942,100,99611,100,98791,200,99623,100,98280,100,99624,100,97894,100
2019-06-28 10:07:10.000000000,99449,370,99433,370,99459,100,99328,100,99461,100,99210,100,99497,100,99137,300,99506,100,99118,100,99531,100,99112,100,99611,100,98942,100,99623,100,98791,200,99624,100,98280,100,99686,100,97894,100
2019-06-28 10:07:20.000000000,99449,370,99433,370,99459,100,99328,100,99461,100,99210,100,99497,100,99137,300,99506,100,99118,100,99531,100,99112,100,99611,100,98942,100,99623,100,98791,200,99624,100,98280,100,99686,100,97894,100
2019-06-28 10:07:30.000000000,99449,235,99433,235,99459,235,99328,235,99461,100,99210,100,99497,100,99137,300,99506,100,99118,100,99531,100,99112,100,99611,100,98942,100,99623,100,98791,200,99624,100,98280,100,99686,100,97894,100
2019-06-28 10:07:32.827325621,99449,135,99433,235,99459,235,99328,235,99461,100,99210,100,99497,100,99137,300,99506,100,99118,100,99531,100,99112,100,99611,100,98942,100,99623,100,98791,200,99624,100,98280,100,99686,100,97894,100
2019-06-28 10:07:39.633392522,99449,135,99433,235,99459,235,99328,235,99461,100,99210,100,99497,100,99137,300,99506,100,99118,100,99531,100,99112,100,99559,100,98942,100,99611,100,98791,200,99623,100,98280,100,99624,100,97894,100
2019-06-28 10:07:40.000000000,99459,235,99433,235,99461,235,99328,235,99497,100,99210,100,99506,100,99137,300,99531,100,99118,100,99559,100,99112,100,99611,100,98942,100,99623,100,98791,200,99624,100,98280,100,99686,100,97894,100
2019-06-28 10:07:50.000000000,99459,235,99433,235,99461,235,99328,235,99497,100,99210,100,99506,100,99137,300,99531,100,99118,100,99559,100,99112,100,99611,100,98942,100,99623,100,98791,200,99624,100,98280,100,99686,100,97894,100
2019-06-28 10:08:00.000000000,99459,370,99433,370,99461,100,99328,100,99497,100,99210,100,99506,100,99137,300,99531,100,99118,100,99559,100,99112,100,99611,100,98942,100,99623,100,98791,200,99624,100,98280,100,99686,100,97894,100
2019-06-28 10:08:10.000000000,99459,154,99433,154,99461,154,99328,154,99497,154,99210,154,99506,154,99137,354,99531,154,99118,154,99559,100,99112,100,99611,100,98942,100,99623,100,98791,200,99624,100,98280,100,99686,100,97894,100
2019-06-28 10:08:20.000000000,99459,192,99433,192,99461,189,99328,189,99497,189,99210,189,99506,100,99137,300,99531,100,99118,100,99559,100,99112,100,99611,100,98942,100,99623,100,98791,200,99624,100,98280,100,99686,100,97894,100
2019-06-28 10:08:30.000000000,99459,154,99433,154,99461,154,99328,154,99497,154,99210,154,99506,154,99137,354,99531,154,99118,154,99559,100,99112,100,99611,100,98942,100,99623,100,98791,200,99624,100,98280,100,99686,100,97894,100
2019-06-28 10:08:30.754601205,99459,54,99433,154,99461,154,99328,154,99497,154,99210,154,99506,154,99137,354,99531,154,99118,154,99559,100,99112,100,99611,100,98942,100,99623,100,98791,200,99624,100,98280,100,99686,100,97894,100
2019-06-28 10:08:40.000000000,99461,168,99433,168,99497,168,99328,168,99506,168,99210,168,99531,168,99137,368,99559,100,99118,100,99611,100,99112,100,99623,100,98942,100,99624,100,98791,200,99686,100,98280,100,99859,100,97894,100
2019-06-28 10:08:45.801162142,99461,168,99433,168,99497,168,99328,168,99506,168,99210,168,99531,168,99137,368,99559,100,99118,100,99611,100,99112,100,99623,100,98942,100,99624,100,98791,200,99686,100,98280,100,99859,100,97894,100
2019-06-28 10:08:50.000000000,99461,192,99433,192,99497,189,99328,189,99506,189,99210,189,99531,100,99137,300,99559,100,99118,100,99611,100,99112,100,99623,100,98942,100,99624,100,98791,200,99686,100,98280,100,99859,100,97894,100
2019-06-28 10:09:00.000000000,99461,370,99433,370,99497,100,99328,100,99506,100,99210,100,99531,100,99137,300,99559,100,99118,100,99611,100,99112,100,99623,100,98942,100,99624,100,98791,200,99686,100,98280,100,99859,100,97894,100
2019-06-28 10:09:06.467790419,99461,270,99433,370,99497,100,99328,100,99506,100,99210,100,99531,100,99137,300,99559,100,99118,100,99611,100,99112,100,99623,100,98942,100,99624,100,98791,200,99686,100,98280,100,99859,100,97894,100
2019-06-28 10:09:10.000000000,99497,370,99433,370,99506,100,99328,100,99531,100,99210,100,99559,100,99137,300,99611,100,99118,100,99623,100,99112,100,99624,100,98942,100,99686,100,98791,200,99859,100,98280,100,99939,100,97894,100
2019-06-28 10:09:13.459844717,99497,370,99433,370,99506,100,99328,100,99531,100,99210,100,99559,100,99137,300,99611,100,99118,100,99623,100,99112,100,99624,100,98942,100,99686,100,98791,200,99859,100,98280,100,99939,100,97894,100
2019-06-28 10:09:20.000000000,99497,154,99433,154,99506,154,99328,154,99531,154,99210,154,99559,154,99137,354,99611,154,99118,154,99623,100,99112,100,99624,100,98942,100,99686,100,98791,200,99859,100,98280,100,99939,100,97894,100
2019-06-28 10:09:23.609901223,99497,154,99459,100,99506,154,99433,154,99531,154,99328,154,99559,154,99210,154,99611,154,99137,354,99623,100,99118,154,99624,100,99112,100,99686,100,98942,100,99859,100,98791,200,99939,100,98280,100
2019-06-28 10:09:30.000000000,99497,235,99459,235,99506,235,99433,235,99531,100,99328,100,99559,100,99210,100,99611,100,99137,300,99623,100,99118,100,99624,100,99112,100,99686,100,98942,100,99859,100,98791,200,99939,100,98280,100
2019-06-28 10:09:30.084162328,99497,235,99459,335,99506,235,99433,235,99531,100,99328,100,99559,100,99210,100,99611,100,99137,300,99623,100,99118,100,99624,100,99112,100,99686,100,98942,100,99859,100,98791,200,99939,100,98280,100
2019-06-28 10:09:40.000000000,99497,192,99459,292,99506,189,99433,189,99531,189,99328,189,99559,100,99210,100,99611,100,99137,300,99623,100,99118,100,99624,100,99112,100,99686,100,98942,100,99859,100,98791,200,99939,100,98280,100
2019-06-28 10:09:49.285349482,99497,92,99459,292,99506,189,99433,189,99531,189,99328,189,99559,100,99210,100,99611,100,99137,300,99623,100,99118,100,99686,100,99112,100,99859,100,98942,100,99939,100,98791,200,99948,200,98280,100
2019-06-28 10:09:50.000000000,99506,370,99459,470,99531,100,99433,100,99559,100,99328,100,99611,100,99210,100,99623,100,99137,300,99686,100,99118,100,99859,100,99112,100,99939,100,98942,100,99948,200,98791,200,99991,100,98280,100
2019-06-28 10:09:51.974489560,99506,370,99459,470,99531,100,99433,100,99559,100,99328,100,99611,100,99210,100,99623,100,99137,300,99686,100,99118,100,99859,100,99112,100,99939,100,98942,100,99948,200,98791,200,99991,100,98280,100
2019-06-28 10:10:00.000000000,99506,168,99459,268,99531,168,99433,168,99559,168,99328,168,99611,168,99210,168,99623,100,99137,300,99686,100,99118,100,99859,100,99112,100,99939,100,98942,100,99948,200,98791,200,99991,100,98280,100
2019-06-28 10:10:02.907893397,99506,168,99459,268,99531,168,99433,168,99559,168,99328,168,99611,168,99210,168,99623,100,99137,300,99686,100,99118,100,99859,100,99112,100,99939,100,98942,100,99948,200,98791,200,99991,100,98280,100
