,ask_price_1,ask_size_1,bid_price_1,bid_size_1,ask_price_2,ask_size_2,bid_price_2,bid_size_2,ask_price_3,ask_size_3,bid_price_3,bid_size_3,ask_price_4,ask_size_4,bid_price_4,bid_size_4,ask_price_5,ask_size_5,bid_price_5,bid_size_5,ask_price_6,ask_size_6,bid_price_6,bid_size_6,ask_price_7,ask_size_7,bid_price_7,bid_size_7,ask_price_8,ask_size_8,bid_price_8,bid_size_8,ask_price_9,ask_size_9,bid_price_9,bid_size_9,ask_price_10,ask_size_10,bid_price_10,bid_size_10
2019-06-28 09:30:00.000000000,99967,100,99874,100,100039,100,,,100058,100,,,,,,,,,,,,,,,,,,,,,,,,,,,,,,
2019-06-28 09:30:00.000000001,100039,100,100021,100,100058,100,99989,100,,,99961,100,,,99932,100,,,99874,100,,,,,,,,,,,,,,,,,,,,
2019-06-28 09:30:00.000000002,100039,100,100021,100,100058,100,99989,100,,,99961,100,,,99940,100,,,99932,100,,,99874,100,,,,,,,,,,,,,,,,
2019-06-28 09:30:00.000000010,100039,100,100021,100,100058,100,99989,100,,,99961,100,,,99940,100,,,99932,100,,,99874,100,,,99781,100,,,,,,,,,,,,
2019-06-28 09:30:00.000000011,100039,100,99990,100,100058,100,99989,100,100095,100,99961,100,,,99940,100,,,99932,100,,,99874,100,,,99781,100,,,,,,,,,,,,
2019-06-28 09:30:00.000000012,100000,100,99990,100,100039,100,99989,100,100058,100,99961,100,100095,100,99940,100,,,99932,100,,,99874,100,,,99781,100,,,,,,,,,,,,
2019-06-28 09:30:00.000000014,100000,100,99990,100,100039,100,99989,100,100058,100,99961,100,100095,100,99940,100,,,99932,100,,,99875,100,,,99874,100,,,99781,100,,,,,,,,
2019-06-28 09:30:00.000000016,100000,100,99990,100,100039,100,99989,100,100058,100,99961,100,100095,100,99940,100,100186,100,99932,100,,,99875,100,,,99874,100,,,99781,100,,,,,,,,
2019-06-28 09:30:00.000000019,100000,100,99990,100,100039,100,99989,100,100058,100,99961,100,100095,100,99940,100,100186,100,99932,100,100193,100,99875,200,,,99874,100,,,99781,100,,,,,,,,
2019-06-28 09:30:00.000000025,100000,100,99990,100,100039,100,99989,100,100058,100,99985,100,100095,100,99961,100,100186,100,99940,100,100193,100,99932,100,,,99875,200,,,99874,100,,,99781,100,,,,
2019-06-28 09:30:00.000000027,100000,100,99990,200,100039,100,99989,100,100058,100,99985,100,100075,100,99961,100,100095,100,99940,100,100186,100,99932,100,100193,100,99875,200,,,99874,100,,,99781,100,,,,
2019-06-28 09:30:00.000000031,100000,100,99990,300,100029,100,99989,100,100039,100,99985,100,100058,100,99961,100,100070,100,99940,100,100075,100,99932,100,100095,100,99875,200,100186,100,99874,100,100193,100,99781,100,,,,
2019-06-28 09:30:00.000000032,100000,100,99990,300,100029,100,99989,100,100039,100,99985,100,100058,100,99961,100,100070,100,99940,100,100075,100,99932,100,100095,100,99875,200,100186,100,99874,100,100193,100,99845,100,,,99781,100
2019-06-28 09:30:00.000000033,100000,100,99990,300,100029,100,99989,100,100039,100,99985,100,100058,100,99961,100,100070,100,99940,100,100075,100,99932,100,100095,100,99875,200,100173,100,99874,100,100186,100,99845,100,100193,100,99781,100
2019-06-28 09:30:00.000000034,100000,100,99990,300,100029,100,99989,100,100039,100,99985,100,100058,100,99972,100,100060,100,99961,100,100070,100,99940,100,100075,100,99937,100,100095,100,99932,100,100173,100,99875,200,100186,100,99874,100
2019-06-28 09:30:00.000000036,100000,100,99990,300,100029,100,99989,100,100039,100,99985,100,100058,100,99972,100,100060,100,99967,100,100070,100,99961,100,100075,100,99940,100,100095,100,99937,100,100173,100,99932,100,100186,100,99875,200
2019-06-28 09:30:00.000000040,100000,100,99990,300,100029,100,99989,100,100039,100,99985,100,100058,100,99972,100,100060,100,99967,100,100070,100,99961,100,100075,100,99940,100,100095,100,99937,100,100106,100,99932,100,100173,100,99875,200
2019-06-28 09:30:00.000000041,100000,100,99990,300,100029,100,99989,100,100039,100,99985,100,100058,100,99972,100,100060,100,99967,100,100070,100,99961,100,100075,100,99944,100,100095,100,99940,100,100106,100,99937,100,100173,100,99932,100
2019-06-28 09:30:00.000000044,100000,100,99990,200,100029,100,99989,100,100039,100,99985,100,100058,100,99972,100,100060,100,99967,100,100070,100,99961,100,100073,100,99944,100,100075,100,99940,100,100095,100,99937,100,100106,100,99932,100
2019-06-28 09:30:00.000000046,100000,100,99990,200,100029,100,99989,100,100039,100,99985,100,100058,100,99972,100,100060,100,99967,100,100070,100,99961,100,100073,100,99944,100,100075,100,99940,100,100095,100,99937,100,100106,100,99932,100
2019-06-28 09:30:00.000000049,100000,100,99990,200,100017,100,99989,100,100029,100,99985,100,100039,100,99972,100,100058,100,99967,100,100060,100,99961,100,100070,100,99944,100,100073,100,99940,100,100075,100,99937,100,100095,100,99932,100
2019-06-28 09:30:00.000000054,100000,100,99990,200,100017,100,99989,100,100029,100,99985,100,100039,100,99972,100,100051,100,99967,100,100058,100,99961,100,100060,100,99944,100,100070,100,99940,100,100073,100,99937,100,100075,100,99932,100
2019-06-28 09:30:00.000000056,100017,100,99991,100,100029,100,99990,200,100039,100,99989,100,100051,100,99985,100,100058,100,99972,100,100060,100,99967,100,100070,100,99961,100,100073,100,99944,100,100075,100,99940,100,100095,100,99937,100
2019-06-28 09:30:00.000000058,100017,100,99991,200,100029,100,99990,200,100039,100,99989,100,100051,100,99985,100,100058,100,99972,100,100060,100,99967,100,100070,100,99961,100,100073,100,99944,100,100075,100,99940,100,100095,100,99937,100
2019-06-28 09:30:00.000000059,100017,100,99991,200,100029,100,99990,200,100039,100,99989,100,100051,100,99987,100,100058,100,99985,100,100060,100,99972,100,100070,100,99967,100,100073,100,99961,100,100075,100,99944,100,100095,100,99940,100
2019-06-28 09:30:00.000000060,100017,100,99997,100,100029,100,99991,200,100039,100,99990,200,100051,100,99989,100,100058,100,99987,100,100060,100,99985,100,100070,100,99972,100,100073,100,99967,100,100075,100,99961,100,100095,100,99944,100
2019-06-28 09:30:00.000000067,100017,100,99991,200,100029,100,99990,200,100039,100,99989,100,100051,100,99987,100,100058,100,99985,100,100060,100,99972,100,100070,100,99967,100,100073,100,99961,100,100075,100,99944,100,100095,100,99940,100
2019-06-28 09:30:00.000000072,100017,100,99997,100,100029,100,99991,200,100039,100,99990,200,100051,100,99989,100,100058,100,99988,100,100060,100,99987,100,100070,100,99985,100,100073,100,99980,100,100075,100,99972,100,100095,100,99967,100
2019-06-28 09:30:00.000000075,100017,100,99997,200,100029,100,99991,200,100039,100,99990,200,100051,100,99989,100,100058,100,99988,100,100060,100,99987,100,100070,100,99985,100,100073,100,99980,100,100075,100,99972,100,100095,100,99967,100
2019-06-28 09:30:00.000000078,100017,100,99997,300,100029,100,99991,200,100039,100,99990,200,100051,100,99989,100,100058,100,99988,100,100060,100,99987,100,100070,100,99985,100,100073,100,99980,100,100075,100,99972,100,100095,100,99967,100
2019-06-28 09:30:00.000000079,100029,100,99998,100,100039,100,99997,300,100051,100,99991,200,100058,100,99990,200,100060,100,99989,100,100070,100,99988,100,100073,100,99987,100,100075,100,99985,100,100095,100,99980,100,100106,100,99972,100
2019-06-28 09:30:00.000000082,100029,100,99998,100,100039,100,99997,300,100051,100,99991,200,100058,100,99990,200,100060,100,99989,100,100070,100,99988,100,100073,100,99987,100,100075,100,99985,100,100095,100,99980,200,100106,100,99972,100
2019-06-28 09:30:00.000000083,100029,100,99998,100,100039,100,99997,300,100051,100,99991,200,100058,100,99990,200,100060,100,99989,100,100070,100,99988,100,100073,100,99987,100,100075,100,99985,100,100095,100,99983,100,100106,100,99980,200
2019-06-28 09:30:00.000000084,100029,100,99998,100,100039,100,99997,300,100051,100,99991,200,100058,100,99990,200,100060,100,99989,100,100063,100,99988,100,100070,100,99987,100,100073,100,99985,100,100075,100,99984,100,100095,100,99983,100
2019-06-28 09:30:00.000000086,100029,100,99998,200,100039,100,99997,300,100051,100,99991,200,100058,100,99990,200,100060,100,99989,100,100063,100,99988,100,100070,100,99987,100,100073,100,99985,100,100075,100,99984,100,100095,100,99983,100
2019-06-28 09:30:00.000000088,100017,100,99998,100,100029,100,99997,300,100039,100,99991,200,100051,100,99990,200,100058,100,99989,100,100060,100,99988,100,100063,100,99987,100,100070,100,99985,100,100073,100,99984,100,100075,100,99983,100
2019-06-28 09:30:00.000000090,100017,100,99998,100,100029,100,99997,300,100039,100,99991,200,100051,100,99990,200,100058,100,99989,100,100060,100,99988,100,100063,100,99987,100,100070,100,99985,100,100073,100,99984,100,100075,100,99983,100
2019-06-28 09:30:00.000000091,100017,200,99998,100,100029,100,99997,300,100039,100,99991,200,100051,100,99990,200,100058,100,99989,100,100060,100,99988,100,100063,100,99987,100,100070,100,99985,100,100073,100,99984,100,100075,100,99983,100
2019-06-28 09:30:00.000000094,100017,200,99998,100,100029,100,99997,300,100039,100,99991,200,100051,100,99990,200,100058,100,99989,100,100060,100,99988,100,100063,100,99987,100,100070,100,99985,100,100073,100,99984,100,100075,100,99983,100
2019-06-28 09:30:00.000000095,100017,200,99998,100,100029,100,99997,300,100039,100,99991,200,100051,100,99990,200,100058,100,99989,100,100060,100,99988,100,100063,100,99987,100,100070,100,99985,100,100073,100,99984,100,100075,100,99983,100
2019-06-28 09:30:00.000000098,100017,200,99998,100,100029,100,99997,300,100039,100,99991,200,100051,100,99990,200,100058,100,99989,100,100060,100,99988,100,100063,100,99987,100,100070,100,99985,100,100073,100,99984,100,100075,100,99983,100
2019-06-28 09:30:00.000000099,100017,200,99998,100,100029,100,99997,300,100039,100,99991,200,100051,100,99990,200,100058,100,99989,100,100060,100,99988,100,100063,100,99987,100,100070,100,99985,100,100073,100,99984,100,100075,100,99983,100
2019-06-28 09:30:10.000000000,100017,600,99998,500,100029,100,99997,300,100039,100,99991,200,100051,100,99990,200,100058,100,99989,100,100060,100,99988,100,100063,100,99987,100,100070,100,99985,100,100073,100,99984,100,100075,100,99983,100
2019-06-28 09:30:12.835767867,100017,600,99998,500,100029,100,99997,300,100039,100,99991,200,100048,100,99990,200,100051,100,99989,100,100058,100,99988,100,100060,100,99987,100,100063,100,99985,100,100070,100,99984,100,100073,100,99983,100
2019-06-28 09:30:20.000000000,100017,600,99998,500,100029,100,99997,300,100039,100,99991,200,100048,100,99990,200,100051,100,99989,100,100058,100,99988,100,100060,100,99987,100,100063,100,99985,100,100070,100,99984,100,100073,100,99983,100
2019-06-28 09:30:30.000000000,100017,336,99998,236,100029,232,99997,432,100039,232,99991,332,100048,100,99990,200,100051,100,99989,100,100058,100,99988,100,100060,100,99987,100,100063,100,99985,100,100070,100,99984,100,100073,100,99983,100
2019-06-28 09:30:40.000000000,100017,336,99998,236,100029,232,99997,432,100039,232,99991,332,100048,100,99990,200,100051,100,99989,100,100058,100,99988,100,100060,100,99987,100,100063,100,99985,100,100070,100,99984,100,100073,100,99983,100
2019-06-28 09:30:47.281052766,100017,336,99998,236,100029,232,99997,432,100039,232,99991,332,100048,100,99990,200,100051,100,99989,100,100060,100,99988,100,100063,100,99987,100,100070,100,99985,100,100073,100,99984,100,100075,100,99983,100
2019-06-28 09:30:48.990529879,100017,336,99998,236,100029,132,99997,432,100039,232,99991,332,100048,100,99990,200,100051,100,99989,100,100060,100,99988,100,100063,100,99987,100,100070,100,99985,100,100073,100,99984,100,100075,100,99983,100
2019-06-28 09:30:50.000000000,100017,600,99998,500,100039,100,99997,300,100048,100,99991,200,100051,100,99990,200,100060,100,99989,100,100063,100,99988,100,100070,100,99987,100,100073,100,99985,100,100075,100,99984,100,100095,100,99983,100
2019-06-28 09:30:53.900272413,100017,600,99999,100,100039,100,99998,500,100048,100,99997,300,100051,100,99991,100,100060,100,99990,200,100063,100,99989,100,100070,100,99988,100,100073,100,99987,100,100075,100,99985,100,100095,100,99984,100
2019-06-28 09:31:00.000000000,100017,600,99999,500,100039,100,99998,100,100048,100,99997,300,100051,100,99991,100,100060,100,99990,200,100063,100,99989,100,100070,100,99988,100,100073,100,99987,100,100075,100,99985,100,100095,100,99984,100
2019-06-28 09:31:01.767675321,100017,600,99999,500,100039,100,99998,100,100048,100,99997,300,100051,100,99991,100,100060,100,99990,200,100063,100,99989,100,100070,100,99988,100,100073,100,99987,100,100075,100,99985,100,100095,100,99984,100
2019-06-28 09:31:01.906433413,100017,600,99999,600,100039,100,99998,100,100048,100,99997,300,100051,100,99991,100,100060,100,99990,200,100063,100,99989,100,100070,100,99988,100,100073,100,99987,100,100075,100,99985,100,100095,100,99984,100
2019-06-28 09:31:10.000000000,100017,280,99999,280,100039,180,99998,180,100048,180,99997,380,100051,180,99991,180,100060,180,99990,280,100063,100,99989,100,100070,100,99988,100,100073,100,99987,100,100075,100,99985,100,100095,100,99984,100
2019-06-28 09:31:19.667223086,100017,280,99999,280,100039,180,99998,180,100048,180,99997,380,100051,180,99991,180,100060,180,99990,180,100063,100,99989,100,100070,100,99988,100,100073,100,99987,100,100075,100,99985,100,100095,100,99984,100
2019-06-28 09:31:20.000000000,100017,336,99999,336,100039,232,99998,232,100048,232,99997,432,100051,100,99991,100,100060,100,99990,100,100063,100,99989,100,100070,100,99988,100,100073,100,99987,100,100075,100,99985,100,100095,100,99984,100
2019-06-28 09:31:29.181436416,100017,336,99999,336,100039,232,99998,132,100048,232,99997,432,100051,100,99991,100,100060,100,99990,100,100063,100,99989,100,100070,100,99988,100,100073,100,99987,100,100075,100,99985,100,100095,100,99984,100
2019-06-28 09:31:30.000000000,100017,400,99999,400,100039,300,99997,500,100048,100,99991,100,100051,100,99990,100,100060,100,99989,100,100063,100,99988,100,100070,100,99987,100,100073,100,99985,100,100075,100,99984,100,100095,100,99983,100
2019-06-28 09:31:39.592604829,100017,300,99999,400,100039,300,99997,500,100048,100,99991,100,100051,100,99990,100,100060,100,99989,100,100063,100,99988,100,100070,100,99987,100,100073,100,99985,100,100075,100,99984,100,100095,100,99983,100
2019-06-28 09:31:40.000000000,100017,180,99999,280,100039,180,99997,380,100048,180,99991,180,100051,180,99990,180,100060,180,99989,180,100063,100,99988,100,100070,100,99987,100,100073,100,99985,100,100075,100,99984,100,100095,100,99983,100
2019-06-28 09:31:50.000000000,100017,300,99999,400,100039,300,99997,500,100048,100,99991,100,100051,100,99990,100,100060,100,99989,100,100063,100,99988,100,100070,100,99987,100,100073,100,99985,100,100075,100,99984,100,100095,100,99983,100
2019-06-28 09:32:00.000000000,100017,500,99999,600,100039,100,99997,300,100048,100,99991,100,100051,100,99990,100,100060,100,99989,100,100063,100,99988,100,100070,100,99987,100,100073,100,99985,100,100075,100,99984,100,100095,100,99983,100
2019-06-28 09:32:05.099587964,100017,500,99999,600,100039,100,99997,300,100048,100,99991,100,100051,100,99990,100,100060,100,99989,100,100063,100,99988,100,100070,100,99987,100,100073,100,99985,100,100075,100,99984,100,100095,100,99983,100
2019-06-28 09:32:10.000000000,100017,200,99999,300,100039,200,99997,400,100048,200,99991,200,100051,200,99990,200,100060,100,99989,100,100063,100,99988,100,100070,100,99987,100,100073,100,99985,100,100075,100,99984,100,100095,100,99983,100
2019-06-28 09:32:14.048745825,100017,200,99999,400,100039,200,99997,400,100048,200,99991,100,100051,200,99990,200,100060,100,99989,100,100063,100,99988,100,100070,100,99987,100,100073,100,99985,100,100075,100,99984,100,100095,100,99983,100
2019-06-28 09:32:20.000000000,100017,500,99999,700,100039,100,99997,300,100048,100,99990,100,100051,100,99989,100,100060,100,99988,100,100063,100,99987,100,100070,100,99985,100,100073,100,99984,100,100075,100,99983,100,100095,100,99980,200
2019-06-28 09:32:30.000000000,100017,236,99999,436,100039,232,99997,432,100048,232,99990,232,100051,100,99989,100,100060,100,99988,100,100063,100,99987,100,100070,100,99985,100,100073,100,99984,100,100075,100,99983,100,100095,100,99980,200
2019-06-28 09:32:40.000000000,100017,180,99999,380,100039,180,99997,380,100048,180,99990,180,100051,180,99989,180,100060,180,99988,180,100063,100,99987,100,100070,100,99985,100,100073,100,99984,100,100075,100,99983,100,100095,100,99980,200
2019-06-28 09:32:50.000000000,100017,180,99999,380,100039,180,99997,380,100048,180,99990,180,100051,180,99989,180,100060,180,99988,180,100063,100,99987,100,100070,100,99985,100,100073,100,99984,100,100075,100,99983,100,100095,100,99980,200
2019-06-28 09:33:00.000000000,100017,500,99999,700,100039,100,99997,300,100048,100,99990,100,100051,100,99989,100,100060,100,99988,100,100063,100,99987,100,100070,100,99985,100,100073,100,99984,100,100075,100,99983,100,100095,100,99980,200
2019-06-28 09:33:10.000000000,100017,500,99999,700,100039,100,99997,300,100048,100,99990,100,100051,100,99989,100,100060,100,99988,100,100063,100,99987,100,100070,100,99985,100,100073,100,99984,100,100075,100,99983,100,100095,100,99980,200
2019-06-28 09:33:20.000000000,100017,300,99999,500,100039,300,99997,500,100048,100,99990,100,100051,100,99989,100,100060,100,99988,100,100063,100,99987,100,100070,100,99985,100,100073,100,99984,100,100075,100,99983,100,100095,100,99980,200
2019-06-28 09:33:30.000000000,100017,300,99999,500,100039,300,99997,500,100048,100,99990,100,100051,100,99989,100,100060,100,99988,100,100063,100,99987,100,100070,100,99985,100,100073,100,99984,100,100075,100,99983,100,100095,100,99980,200
2019-06-28 09:33:36.770221848,100017,300,99999,500,100039,300,99997,500,100048,100,99990,100,100051,100,99989,100,100060,100,99988,100,100063,100,99987,100,100070,100,99985,100,100073,100,99984,100,100075,100,99983,100,100095,100,99980,200
2019-06-28 09:33:40.000000000,100017,500,99999,700,100039,100,99997,300,100048,100,99990,100,100051,100,99989,100,100060,100,99988,100,100063,100,99987,100,100070,100,99985,100,100073,100,99984,100,100075,100,99983,100,100095,100,99980,200
2019-06-28 09:33:47.149072630,100017,500,99999,700,100039,100,99997,300,100048,100,99990,100,100051,100,99989,100,100063,100,99988,100,100070,100,99987,100,100073,100,99985,100,100075,100,99984,100,100095,100,99983,100,100106,100,99980,200
2019-06-28 09:33:50.000000000,100017,300,99999,500,100039,300,99997,500,100048,100,99990,100,100051,100,99989,100,100063,100,99988,100,100070,100,99987,100,100073,100,99985,100,100075,100,99984,100,100095,100,99983,100,100106,100,99980,200
2019-06-28 09:34:00.000000000,100017,200,99999,400,100039,200,99997,400,100048,200,99990,200,100051,200,99989,200,100063,100,99988,100,100070,100,99987,100,100073,100,99985,100,100075,100,99984,100,100095,100,99983,100,100106,100,99980,200
2019-06-28 09:34:10.000000000,100017,180,99999,380,100039,180,99997,380,100048,180,99990,180,100051,180,99989,180,100063,180,99988,180,100070,100,99987,100,100073,100,99985,100,100075,100,99984,100,100095,100,99983,100,100106,100,99980,200
2019-06-28 09:34:10.272672301,100017,180,99999,480,100039,180,99997,380,100048,180,99990,180,100051,180,99989,180,100063,180,99988,180,100070,100,99987,100,100073,100,99985,100,100075,100,99984,100,100095,100,99983,100,100106,100,99980,200
2019-06-28 09:34:20.000000000,100017,200,99999,500,100039,200,99997,400,100048,200,99990,200,100051,200,99989,200,100063,100,99988,100,100070,100,99987,100,100073,100,99985,100,100075,100,99984,100,100095,100,99983,100,100106,100,99980,200
2019-06-28 09:34:27.954567418,100017,200,99999,500,100039,200,99997,400,100048,200,99990,200,100051,200,99989,200,100063,100,99988,100,100070,100,99987,100,100073,100,99984,100,100075,100,99983,100,100095,100,99980,200,100106,100,99972,100
2019-06-28 09:34:28.684033727,100017,200,99999,500,100039,200,99997,400,100048,200,99990,200,100051,200,99989,200,100063,100,99988,100,100070,100,99987,100,100073,100,99984,100,100075,100,99983,100,100095,100,99980,200,100106,100,99972,100
2019-06-28 09:34:30.000000000,100017,300,99999,600,100039,300,99997,500,100048,100,99990,100,100051,100,99989,100,100063,100,99988,100,100070,100,99987,100,100073,100,99984,100,100075,100,99983,100,100095,100,99980,200,100106,100,99972,100
2019-06-28 09:34:40.000000000,100017,200,99999,500,100039,200,99997,400,100048,200,99990,200,100051,200,99989,200,100063,100,99988,100,100070,100,99987,100,100073,100,99984,100,100075,100,99983,100,100095,100,99980,200,100106,100,99972,100
2019-06-28 09:34:50.000000000,100017,236,99999,536,100039,232,99997,432,100048,232,99990,232,100051,100,99989,100,100063,100,99988,100,100070,100,99987,100,100073,100,99984,100,100075,100,99983,100,100095,100,99980,200,100106,100,99972,100
2019-06-28 09:35:00.000000000,100017,300,99999,600,100039,300,99997,500,100048,100,99990,100,100051,100,99989,100,100063,100,99988,100,100070,100,99987,100,100073,100,99984,100,100075,100,99983,100,100095,100,99980,200,100106,100,99972,100
2019-06-28 09:35:10.000000000,100017,500,99999,800,100039,100,99997,300,100048,100,99990,100,100051,100,99989,100,100063,100,99988,100,100070,100,99987,100,100073,100,99984,100,100075,100,99983,100,100095,100,99980,200,100106,100,99972,100
2019-06-28 09:35:20.000000000,100017,500,99999,800,100039,100,99997,300,100048,100,99990,100,100051,100,99989,100,100063,100,99988,100,100070,100,99987,100,100073,100,99984,100,100075,100,99983,100,100095,100,99980,200,100106,100,99972,100
2019-06-28 09:35:30.000000000,100017,180,99999,480,100039,180,99997,380,100048,180,99990,180,100051,180,99989,180,100063,180,99988,180,100070,100,99987,100,100073,100,99984,100,100075,100,99983,100,100095,100,99980,200,100106,100,99972,100
2019-06-28 09:35:40.000000000,100017,200,99999,500,100039,200,99997,400,100048,200,99990,200,100051,200,99989,200,100063,100,99988,100,100070,100,99987,100,100073,100,99984,100,100075,100,99983,100,100095,100,99980,200,100106,100,99972,100
2019-06-28 09:35:50.000000000,100017,300,99999,600,100039,300,99997,500,100048,100,99990,100,100051,100,99989,100,100063,100,99988,100,100070,100,99987,100,100073,100,99984,100,100075,100,99983,100,100095,100,99980,200,100106,100,99972,100
2019-06-28 09:35:55.040918643,100017,200,99999,600,100039,300,99997,500,100048,100,99990,100,100063,100,99989,100,100070,100,99988,100,100073,100,99987,100,100075,100,99984,100,100095,100,99983,100,100106,100,99980,200,100125,100,99972,100
2019-06-28 09:36:00.000000000,100039,236,99999,536,100048,232,99997,432,100063,232,99990,232,100070,100,99989,100,100073,100,99988,100,100075,100,99987,100,100095,100,99984,100,100106,100,99983,100,100125,100,99980,200,100131,100,99972,100
2019-06-28 09:36:10.000000000,100039,180,99999,480,100048,180,99997,380,100063,180,99990,180,100070,180,99989,180,100073,180,99988,180,100075,100,99987,100,100095,100,99984,100,100106,100,99983,100,100125,100,99980,200,100131,100,99972,100
2019-06-28 09:36:15.152641562,100039,180,100000,100,100048,180,99999,380,100063,180,99997,380,100070,180,99990,180,100073,180,99989,180,100075,100,99988,180,100095,100,99987,100,100106,100,99984,100,100125,100,99983,100,100131,100,99980,200
2019-06-28 09:36:20.000000000,100039,500,100000,500,100048,100,99999,300,100063,100,99997,300,100070,100,99990,100,100073,100,99989,100,100075,100,99988,100,100095,100,99987,100,100106,100,99984,100,100125,100,99983,100,100131,100,99980,200
2019-06-28 09:36:30.000000000,100039,236,100000,236,100048,232,99999,432,100063,232,99997,432,100070,100,99990,100,100073,100,99989,100,100075,100,99988,100,100095,100,99987,100,100106,100,99984,100,100125,100,99983,100,100131,100,99980,200
2019-06-28 09:36:36.996220973,100039,236,100000,236,100048,232,99999,432,100063,232,99997,432,100070,100,99990,100,100073,100,99989,100,100075,100,99988,100,100095,100,99987,100,100106,100,99984,100,100125,100,99983,100,100131,100,99980,200
2019-06-28 09:36:40.000000000,100039,300,100000,300,100048,300,99999,500,100063,100,99997,300,100070,100,99990,100,100073,100,99989,100,100075,100,99988,100,100095,100,99987,100,100106,100,99984,100,100125,100,99983,100,100131,100,99980,200
2019-06-28 09:36:46.590077037,100039,300,100000,400,100048,300,99999,400,100063,100,99997,300,100070,100,99990,100,100073,100,99989,100,100075,100,99988,100,100095,100,99987,100,100106,100,99984,100,100125,100,99983,100,100131,100,99980,200
2019-06-28 09:36:48.866830550,100039,300,100000,400,100048,300,99999,300,100063,100,99997,300,100070,100,99990,100,100073,100,99989,100,100075,100,99988,100,100095,100,99987,100,100106,100,99984,100,100125,100,99983,100,100131,100,99980,200
2019-06-28 09:36:50.000000000,100039,200,100000,300,100048,200,99999,200,100063,200,99997,400,100070,200,99990,200,100073,100,99989,100,100075,100,99988,100,100095,100,99987,100,100106,100,99984,100,100125,100,99983,100,100131,100,99980,200
2019-06-28 09:37:00.000000000,100039,200,100000,300,100048,200,99999,200,100063,200,99997,400,100070,200,99990,200,100073,100,99989,100,100075,100,99988,100,100095,100,99987,100,100106,100,99984,100,100125,100,99983,100,100131,100,99980,200
2019-06-28 09:37:00.663269822,100039,100,100000,300,100048,200,99999,200,100063,200,99997,400,100070,200,99990,200,100073,100,99989,100,100075,100,99988,100,100095,100,99987,100,100106,100,99984,100,100125,100,99983,100,100131,100,99980,200
2019-06-28 09:37:03.551122470,100039,100,100000,300,100048,200,99999,200,100063,200,99997,400,100070,200,99990,200,100073,100,99989,100,100075,100,99988,100,100095,100,99984,100,100106,100,99983,100,100125,100,99980,200,100131,100,99972,100
2019-06-28 09:37:06.444931445,100048,200,100000,300,100063,200,99999,200,100070,200,99997,400,100073,100,99990,200,100075,100,99989,100,100095,100,99988,100,100106,100,99984,100,100125,100,99983,100,100131,100,99980,200,100150,100,99972,100
2019-06-28 09:37:10.000000000,100048,180,100000,280,100063,180,99999,180,100070,180,99997,380,100073,180,99990,180,100075,180,99989,180,100095,100,99988,100,100106,100,99984,100,100125,100,99983,100,100131,100,99980,200,100150,100,99972,100
2019-06-28 09:37:14.128649296,100048,180,100039,100,100063,180,100000,280,100070,180,99999,180,100073,180,99997,280,100075,180,99990,180,100095,100,99989,180,100106,100,99988,100,100125,100,99984,100,100131,100,99983,100,100150,100,99980,200
2019-06-28 09:37:16.186666347,100048,80,100039,100,100063,180,100000,280,100070,180,99999,180,100073,180,99997,280,100075,180,99990,180,100095,100,99989,180,100106,100,99988,100,100125,100,99984,100,100131,100,99983,100,100150,100,99980,200
2019-06-28 09:37:20.000000000,100063,180,100039,180,100070,180,100000,280,100073,180,99999,180,100075,180,99997,280,100095,180,99990,180,100106,100,99989,100,100125,100,99988,100,100131,100,99984,100,100150,100,99983,100,100173,100,99980,200
2019-06-28 09:37:21.679994875,100063,180,100040,100,100070,180,100039,180,100073,180,100000,280,100075,180,99999,180,100095,180,99997,280,100106,100,99990,180,100125,100,99989,100,100131,100,99988,100,100150,100,99984,100,100173,100,99983,100
2019-06-28 09:37:23.317040397,100063,180,100040,200,100070,180,100039,180,100073,180,100000,280,100075,180,99999,180,100095,180,99997,280,100106,100,99990,180,100125,100,99989,100,100131,100,99988,100,100150,100,99984,100,100173,100,99983,100
2019-06-28 09:37:30.000000000,100063,300,100040,400,100070,300,100039,300,100073,100,100000,200,100075,100,99999,100,100095,100,99997,200,100106,100,99990,100,100125,100,99989,100,100131,100,99988,100,100150,100,99984,100,100173,100,99983,100
2019-06-28 09:37:40.000000000,100063,300,100040,400,100070,300,100039,300,100073,100,100000,200,100075,100,99999,100,100095,100,99997,200,100106,100,99990,100,100125,100,99989,100,100131,100,99988,100,100150,100,99984,100,100173,100,99983,100
2019-06-28 09:37:50.000000000,100063,236,100040,336,100070,232,100039,232,100073,232,100000,332,100075,100,99999,100,100095,100,99997,200,100106,100,99990,100,100125,100,99989,100,100131,100,99988,100,100150,100,99984,100,100173,100,99983,100
2019-06-28 09:38:00.000000000,100063,236,100040,336,100070,232,100039,232,100073,232,100000,332,100075,100,99999,100,100095,100,99997,200,100106,100,99990,100,100125,100,99989,100,100131,100,99988,100,100150,100,99984,100,100173,100,99983,100
2019-06-28 09:38:01.373021016,100063,236,100040,336,100070,232,100039,232,100073,232,100000,332,100075,100,99999,100,100095,100,99997,200,100106,100,99990,100,100131,100,99989,100,100150,100,99988,100,100173,100,99984,100,100186,100,99983,100
2019-06-28 09:38:05.061568561,100063,236,100040,336,100070,232,100039,232,100073,232,100000,332,100075,100,99999,100,100095,100,99997,200,100106,100,99990,100,100131,100,99989,100,100150,100,99988,100,100173,100,99984,100,100186,100,99983,100
2019-06-28 09:38:10.000000000,100063,500,100040,600,100070,100,100039,100,100073,100,100000,200,100075,100,99999,100,100095,100,99997,200,100106,100,99990,100,100131,100,99989,100,100150,100,99988,100,100173,100,99984,100,100186,100,99983,100
2019-06-28 09:38:18.419507412,100063,500,100040,500,100070,100,100039,100,100073,100,100000,200,100075,100,99999,100,100095,100,99997,200,100106,100,99990,100,100131,100,99989,100,100150,100,99988,100,100173,100,99984,100,100186,100,99983,100
2019-06-28 09:38:18.667987772,100063,500,100040,500,100070,100,100039,100,100073,100,100000,200,100075,100,99999,100,100095,100,99997,200,100106,100,99990,100,100131,100,99989,100,100150,100,99988,100,100173,100,99984,100,100186,100,99983,100
2019-06-28 09:38:20.000000000,100063,500,100040,500,100070,100,100039,100,100073,100,100000,200,100075,100,99999,100,100095,100,99997,200,100106,100,99990,100,100131,100,99989,100,100150,100,99988,100,100173,100,99984,100,100186,100,99983,100
2019-06-28 09:38:20.821027428,100063,500,100040,600,100070,100,100039,100,100073,100,100000,200,100075,100,99999,100,100095,100,99997,200,100106,100,99990,100,100131,100,99989,100,100150,100,99988,100,100173,100,99984,100,100186,100,99983,100
2019-06-28 09:38:30.000000000,100063,200,100040,300,100070,200,100039,200,100073,200,100000,300,100075,200,99999,200,100095,100,99997,200,100106,100,99990,100,100131,100,99989,100,100150,100,99988,100,100173,100,99984,100,100186,100,99983,100
2019-06-28 09:38:40.000000000,100063,500,100040,600,100070,100,100039,100,100073,100,100000,200,100075,100,99999,100,100095,100,99997,200,100106,100,99990,100,100131,100,99989,100,100150,100,99988,100,100173,100,99984,100,100186,100,99983,100
2019-06-28 09:38:42.041233146,100063,500,100040,700,100070,100,100039,100,100073,100,100000,200,100075,100,99999,100,100095,100,99997,100,100106,100,99990,100,100131,100,99989,100,100150,100,99988,100,100173,100,99984,100,100186,100,99983,100
2019-06-28 09:38:50.000000000,100063,300,100040,500,100070,300,100039,300,100073,100,100000,200,100075,100,99999,100,100095,100,99997,100,100106,100,99990,100,100131,100,99989,100,100150,100,99988,100,100173,100,99984,100,100186,100,99983,100
2019-06-28 09:38:50.563919941,100063,200,100040,500,100070,300,100039,300,100073,100,100000,200,100075,100,99999,100,100095,100,99997,100,100106,100,99990,100,100131,100,99989,100,100150,100,99988,100,100173,100,99984,100,100186,100,99983,100
2019-06-28 09:39:00.000000000,100070,500,100040,700,100073,100,100039,100,100075,100,100000,200,100095,100,99999,100,100106,100,99997,100,100131,100,99990,100,100150,100,99989,100,100173,100,99988,100,100186,100,99984,100,100554,100,99983,100
2019-06-28 09:39:10.000000000,100070,180,100040,380,100073,180,100039,180,100075,180,100000,280,100095,180,99999,180,100106,180,99997,180,100131,100,99990,100,100150,100,99989,100,100173,100,99988,100,100186,100,99984,100,100554,100,99983,100
2019-06-28 09:39:20.000000000,100070,180,100040,380,100073,180,100039,180,100075,180,100000,280,100095,180,99999,180,100106,180,99997,180,100131,100,99990,100,100150,100,99989,100,100173,100,99988,100,100186,100,99984,100,100554,100,99983,100
2019-06-28 09:39:30.000000000,100070,200,100040,400,100073,200,100039,200,100075,200,100000,300,100095,200,99999,200,100106,100,99997,100,100131,100,99990,100,100150,100,99989,100,100173,100,99988,100,100186,100,99984,100,100554,100,99983,100
2019-06-28 09:39:40.000000000,100070,500,100040,700,100073,100,100039,100,100075,100,100000,200,100095,100,99999,100,100106,100,99997,100,100131,100,99990,100,100150,100,99989,100,100173,100,99988,100,100186,100,99984,100,100554,100,99983,100
2019-06-28 09:39:43.909842792,100070,500,100040,700,100073,100,100039,100,100075,100,100000,200,100095,100,99999,100,100106,100,99990,100,100131,100,99989,100,100150,100,99988,100,100173,100,99984,100,100186,100,99983,100,100554,100,99980,100
2019-06-28 09:39:46.381730435,100070,500,100048,100,100073,100,100040,600,100075,100,100039,100,100095,100,100000,200,100106,100,99999,100,100131,100,99990,100,100150,100,99989,100,100173,100,99988,100,100186,100,99984,100,100554,100,99983,100
2019-06-28 09:39:50.000000000,100070,200,100048,200,100073,200,100040,300,100075,200,100039,200,100095,200,100000,300,100106,100,99999,100,100131,100,99990,100,100150,100,99989,100,100173,100,99988,100,100186,100,99984,100,100554,100,99983,100
2019-06-28 09:40:00.000000000,100070,300,100048,300,100073,300,100040,400,100075,100,100039,100,100095,100,100000,200,100106,100,99999,100,100131,100,99990,100,100150,100,99989,100,100173,100,99988,100,100186,100,99984,100,100554,100,99983,100
2019-06-28 09:40:04.360318413,100070,300,100048,300,100073,300,100040,400,100075,100,100039,100,100095,100,100000,200,100106,100,99999,100,100131,100,99989,100,100150,100,99988,100,100173,100,99984,100,100186,100,99983,100,100554,100,99980,100
2019-06-28 09:40:10.000000000,100070,500,100048,500,100073,100,100040,200,100075,100,100039,100,100095,100,100000,200,100106,100,99999,100,100131,100,99989,100,100150,100,99988,100,100173,100,99984,100,100186,100,99983,100,100554,100,99980,100
2019-06-28 09:40:20.000000000,100070,500,100048,500,100073,100,100040,200,100075,100,100039,100,100095,100,100000,200,100106,100,99999,100,100131,100,99989,100,100150,100,99988,100,100173,100,99984,100,100186,100,99983,100,100554,100,99980,100
2019-06-28 09:40:27.311528961,100070,400,100048,500,100073,100,100040,200,100075,100,100039,100,100095,100,100000,200,100106,100,99999,100,100131,100,99989,100,100150,100,99984,100,100173,100,99983,100,100186,100,99980,100,100554,100,99972,100
2019-06-28 09:40:30.000000000,100073,236,100048,236,100075,232,100040,332,100095,232,100039,232,100106,100,100000,200,100131,100,99999,100,100150,100,99989,100,100173,100,99984,100,100186,100,99983,100,100554,100,99980,100,100575,100,99972,100
2019-06-28 09:40:40.000000000,100073,300,100048,300,100075,300,100040,400,100095,100,100039,100,100106,100,100000,200,100131,100,99999,100,100150,100,99989,100,100173,100,99984,100,100186,100,99983,100,100554,100,99980,100,100575,100,99972,100
2019-06-28 09:40:45.652690077,100073,300,100063,100,100075,300,100048,300,100095,100,100040,400,100106,100,100039,100,100131,100,100000,200,100150,100,99999,100,100173,100,99989,100,100186,100,99984,100,100554,100,99983,100,100575,100,99980,100
2019-06-28 09:40:47.987413700,100073,200,100063,100,100075,300,100048,300,100095,100,100040,400,100106,100,100039,100,100131,100,100000,200,100150,100,99999,100,100186,100,99989,100,100554,100,99984,100,100575,100,99983,100,100789,100,99980,100
2019-06-28 09:40:50.000000000,100075,500,100063,500,100095,100,100048,100,100106,100,100040,200,100131,100,100039,100,100150,100,100000,200,100186,100,99999,100,100554,100,99989,100,100575,100,99984,100,100789,100,99983,100,101093,100,99980,100
2019-06-28 09:41:00.000000000,100075,200,100063,200,100095,200,100048,200,100106,200,100040,300,100131,200,100039,200,100150,100,100000,200,100186,100,99999,100,100554,100,99989,100,100575,100,99984,100,100789,100,99983,100,101093,100,99980,100
2019-06-28 09:41:10.000000000,100075,500,100063,500,100095,100,100048,100,100106,100,100040,200,100131,100,100039,100,100150,100,100000,200,100186,100,99999,100,100554,100,99989,100,100575,100,99984,100,100789,100,99983,100,101093,100,99980,100
2019-06-28 09:41:16.185890318,100075,400,100063,500,100095,100,100048,100,100106,100,100040,200,100131,100,100039,100,100150,100,100000,200,100186,100,99999,100,100554,100,99989,100,100575,100,99984,100,100789,100,99983,100,101093,100,99980,100
2019-06-28 09:41:19.623133615,100075,400,100073,100,100095,100,100063,500,100106,100,100048,100,100131,100,100040,200,100150,100,100039,100,100186,100,100000,200,100554,100,99999,100,100575,100,99989,100,100789,100,99984,100,101093,100,99983,100
2019-06-28 09:41:20.000000000,100095,500,100073,500,100106,100,100063,100,100131,100,100048,100,100150,100,100040,200,100186,100,100039,100,100554,100,100000,200,100575,100,99999,100,100789,100,99989,100,101093,100,99984,100,101165,100,99983,100
2019-06-28 09:41:23.545609639,100095,500,100073,600,100106,100,100063,100,100131,100,100048,100,100150,100,100040,200,100186,100,100039,100,100554,100,100000,200,100575,100,99999,100,100789,100,99989,100,101093,100,99984,100,101165,100,99983,100
2019-06-28 09:41:30.000000000,100095,200,100073,300,100106,200,100063,200,100131,200,100048,200,100150,200,100040,300,100186,100,100039,100,100554,100,100000,200,100575,100,99999,100,100789,100,99989,100,101093,100,99984,100,101165,100,99983,100
2019-06-28 09:41:40.000000000,100095,180,100073,280,100106,180,100063,180,100131,180,100048,180,100150,180,100040,280,100186,180,100039,180,100554,100,100000,200,100575,100,99999,100,100789,100,99989,100,101093,100,99984,100,101165,100,99983,100
2019-06-28 09:41:41.961766714,100095,180,100073,280,100106,180,100063,180,100131,180,100048,180,100150,180,100040,280,100186,180,100039,180,100554,100,100000,200,100575,100,99999,100,100789,100,99989,100,101093,100,99984,100,101165,100,99983,100
2019-06-28 09:41:50.000000000,100095,500,100073,600,100106,100,100063,100,100131,100,100048,100,100150,100,100040,200,100186,100,100039,100,100554,100,100000,200,100575,100,99999,100,100789,100,99989,100,101093,100,99984,100,101165,100,99983,100
2019-06-28 09:42:00.000000000,100095,500,100073,600,100106,100,100063,100,100131,100,100048,100,100150,100,100040,200,100186,100,100039,100,100554,100,100000,200,100575,100,99999,100,100789,100,99989,100,101093,100,99984,100,101165,100,99983,100
2019-06-28 09:42:10.000000000,100095,180,100073,280,100106,180,100063,180,100131,180,100048,180,100150,180,100040,280,100186,180,100039,180,100554,100,100000,200,100575,100,99999,100,100789,100,99989,100,101093,100,99984,100,101165,100,99983,100
2019-06-28 09:42:17.036355989,100095,80,100073,280,100106,180,100063,180,100131,180,100048,180,100150,180,100040,280,100186,180,100039,180,100554,100,100000,200,100575,100,99999,100,100789,100,99989,100,101093,100,99984,100,101165,100,99983,100
2019-06-28 09:42:20.000000000,100106,300,100073,400,100131,300,100063,300,100150,100,100048,100,100186,100,100040,200,100554,100,100039,100,100575,100,100000,200,100789,100,99999,100,101093,100,99989,100,101165,100,99984,100,101217,100,99983,100
2019-06-28 09:42:30.000000000,100106,500,100073,600,100131,100,100063,100,100150,100,100048,100,100186,100,100040,200,100554,100,100039,100,100575,100,100000,200,100789,100,99999,100,101093,100,99989,100,101165,100,99984,100,101217,100,99983,100
2019-06-28 09:42:40.000000000,100106,200,100073,300,100131,200,100063,200,100150,200,100048,200,100186,200,100040,300,100554,100,100039,100,100575,100,100000,200,100789,100,99999,100,101093,100,99989,100,101165,100,99984,100,101217,100,99983,100
2019-06-28 09:42:50.000000000,100106,200,100073,300,100131,200,100063,200,100150,200,100048,200,100186,200,100040,300,100554,100,100039,100,100575,100,100000,200,100789,100,99999,100,101093,100,99989,100,101165,100,99984,100,101217,100,99983,100
2019-06-28 09:43:00.000000000,100106,236,100073,336,100131,232,100063,232,100150,232,100048,232,100186,100,100040,200,100554,100,100039,100,100575,100,100000,200,100789,100,99999,100,101093,100,99989,100,101165,100,99984,100,101217,100,99983,100
2019-06-28 09:43:04.583185650,100106,236,100073,436,100131,232,100063,232,100150,232,100048,232,100186,100,100040,200,100554,100,100039,100,100575,100,100000,200,100789,100,99999,100,101093,100,99989,100,101165,100,99984,100,101217,100,99983,100
2019-06-28 09:43:10.000000000,100106,200,100073,400,100131,200,100063,200,100150,200,100048,200,100186,200,100040,300,100554,100,100039,100,100575,100,100000,200,100789,100,99999,100,101093,100,99989,100,101165,100,99984,100,101217,100,99983,100
2019-06-28 09:43:18.955406949,100106,200,100073,400,100131,200,100063,200,100150,200,100048,200,100186,200,100040,300,100554,100,100039,100,100575,100,100000,200,100789,100,99999,100,101093,100,99989,100,101165,100,99984,100,101217,100,99983,100
2019-06-28 09:43:20.000000000,100106,500,100073,700,100131,100,100063,100,100150,100,100048,100,100186,100,100040,200,100554,100,100039,100,100575,100,100000,200,100789,100,99999,100,101093,100,99989,100,101165,100,99984,100,101217,100,99983,100
2019-06-28 09:43:30.000000000,100106,236,100073,436,100131,232,100063,232,100150,232,100048,232,100186,100,100040,200,100554,100,100039,100,100575,100,100000,200,100789,100,99999,100,101093,100,99989,100,101165,100,99984,100,101217,100,99983,100
2019-06-28 09:43:38.957472500,100106,136,100073,436,100131,232,100063,232,100150,232,100048,232,100186,100,100040,200,100554,100,100039,100,100575,100,100000,200,100789,100,99999,100,101093,100,99989,100,101165,100,99984,100,101217,100,99983,100
2019-06-28 09:43:40.000000000,100131,236,100073,436,100150,232,100063,232,100186,232,100048,232,100554,100,100040,200,100575,100,100039,100,100789,100,100000,200,101093,100,99999,100,101165,100,99989,100,101217,100,99984,100,101239,100,99983,100
2019-06-28 09:43:50.000000000,100131,300,100073,500,100150,300,100063,300,100186,100,100048,100,100554,100,100040,200,100575,100,100039,100,100789,100,100000,200,101093,100,99999,100,101165,100,99989,100,101217,100,99984,100,101239,100,99983,100
2019-06-28 09:44:00.000000000,100131,500,100073,700,100150,100,100063,100,100186,100,100048,100,100554,100,100040,200,100575,100,100039,100,100789,100,100000,200,101093,100,99999,100,101165,100,99989,100,101217,100,99984,100,101239,100,99983,100
2019-06-28 09:44:10.000000000,100131,180,100073,380,100150,180,100063,180,100186,180,100048,180,100554,180,100040,280,100575,180,100039,180,100789,100,100000,200,101093,100,99999,100,101165,100,99989,100,101217,100,99984,100,101239,100,99983,100
2019-06-28 09:44:20.000000000,100131,236,100073,436,100150,232,100063,232,100186,232,100048,232,100554,100,100040,200,100575,100,100039,100,100789,100,100000,200,101093,100,99999,100,101165,100,99989,100,101217,100,99984,100,101239,100,99983,100
2019-06-28 09:44:30.000000000,100131,300,100073,500,100150,300,100063,300,100186,100,100048,100,100554,100,100040,200,100575,100,100039,100,100789,100,100000,200,101093,100,99999,100,101165,100,99989,100,101217,100,99984,100,101239,100,99983,100
2019-06-28 09:44:40.000000000,100131,200,100073,400,100150,200,100063,200,100186,200,100048,200,100554,200,100040,300,100575,100,100039,100,100789,100,100000,200,101093,100,99999,100,101165,100,99989,100,101217,100,99984,100,101239,100,99983,100
2019-06-28 09:44:42.237441759,100131,200,100073,400,100150,200,100063,200,100186,200,100048,200,100554,200,100040,300,100575,100,100039,100,100789,100,100000,200,101093,100,99999,100,101165,100,99989,100,101217,100,99984,100,101239,100,99983,100
2019-06-28 09:44:50.000000000,100131,500,100073,700,100150,100,100063,100,100186,100,100048,100,100554,100,100040,200,100575,100,100039,100,100789,100,100000,200,101093,100,99999,100,101165,100,99989,100,101217,100,99984,100,101239,100,99983,100
2019-06-28 09:44:51.262769562,100131,500,100073,700,100150,100,100063,100,100186,100,100048,100,100554,100,100040,100,100575,100,100039,100,100789,100,100000,200,101093,100,99999,100,101165,100,99989,100,101217,100,99984,100,101239,100,99983,100
2019-06-28 09:45:00.000000000,100131,236,100073,436,100150,232,100063,232,100186,232,100048,232,100554,100,100040,100,100575,100,100039,100,100789,100,100000,200,101093,100,99999,100,101165,100,99989,100,101217,100,99984,100,101239,100,99983,100
2019-06-28 09:45:10.000000000,100131,300,100073,500,100150,300,100063,300,100186,100,100048,100,100554,100,100040,100,100575,100,100039,100,100789,100,100000,200,101093,100,99999,100,101165,100,99989,100,101217,100,99984,100,101239,100,99983,100
2019-06-28 09:45:20.000000000,100131,300,100073,500,100150,300,100063,300,100186,100,100048,100,100554,100,100040,100,100575,100,100039,100,100789,100,100000,200,101093,100,99999,100,101165,100,99989,100,101217,100,99984,100,101239,100,99983,100
2019-06-28 09:45:24.333893490,100131,300,100073,500,100150,300,100063,200,100186,100,100048,100,100554,100,100040,100,100575,100,100039,100,100789,100,100000,200,101093,100,99999,100,101165,100,99989,100,101217,100,99984,100,101239,100,99983,100
2019-06-28 09:45:25.347278352,100131,300,100075,100,100150,300,100073,500,100186,100,100063,200,100554,100,100048,100,100575,100,100040,100,100789,100,100039,100,101093,100,100000,200,101165,100,99999,100,101217,100,99989,100,101239,100,99984,100
2019-06-28 09:45:25.691445968,100131,300,100075,100,100150,300,100073,500,100186,100,100063,200,100554,100,100048,100,100575,100,100040,100,100789,100,100039,100,101093,100,100000,200,101165,100,99999,100,101217,100,99989,100,101239,100,99984,100
2019-06-28 09:45:30.000000000,100131,236,100075,236,100150,232,100073,432,100186,232,100048,232,100554,100,100040,100,100575,100,100039,100,100789,100,100000,200,101093,100,99999,100,101165,100,99989,100,101217,100,99984,100,101239,100,99983,100
2019-06-28 09:45:32.035683843,100131,136,100075,236,100150,232,100073,432,100186,232,100048,232,100554,100,100040,100,100575,100,100039,100,100789,100,100000,200,101093,100,99999,100,101165,100,99989,100,101217,100,99984,100,101239,100,99983,100
2019-06-28 09:45:40.000000000,100150,180,100075,180,100186,180,100073,380,100554,180,100048,180,100575,180,100040,180,100789,180,100039,180,101093,100,100000,200,101165,100,99999,100,101217,100,99989,100,101239,100,99984,100,101336,100,99983,100
2019-06-28 09:45:50.000000000,100150,180,100075,180,100186,180,100073,380,100554,180,100048,180,100575,180,100040,180,100789,180,100039,180,101093,100,100000,200,101165,100,99999,100,101217,100,99989,100,101239,100,99984,100,101336,100,99983,100
2019-06-28 09:46:00.000000000,100150,300,100075,300,100186,300,100073,500,100554,100,100048,100,100575,100,100040,100,100789,100,100039,100,101093,100,100000,200,101165,100,99999,100,101217,100,99989,100,101239,100,99984,100,101336,100,99983,100
2019-06-28 09:46:02.244523978,100150,300,100075,300,100186,300,100073,500,100554,100,100048,100,100575,100,100040,100,100789,100,100000,200,101093,100,99999,100,101165,100,99989,100,101217,100,99984,100,101239,100,99983,100,101336,100,99980,100
2019-06-28 09:46:05.838001836,100150,200,100075,300,100186,300,100073,500,100554,100,100048,100,100575,100,100040,100,100789,100,100000,200,101093,100,99999,100,101165,100,99989,100,101217,100,99984,100,101239,100,99983,100,101336,100,99980,100
2019-06-28 09:46:10.000000000,100186,500,100075,500,100554,100,100073,300,100575,100,100048,100,100789,100,100040,100,101093,100,100000,200,101165,100,99999,100,101217,100,99989,100,101239,100,99984,100,101336,100,99983,100,101507,100,99980,100
2019-06-28 09:46:11.566899342,100186,400,100075,500,100554,100,100073,300,100575,100,100048,100,100789,100,100040,100,101093,100,100000,200,101165,100,99999,100,101217,100,99989,100,101239,100,99983,100,101336,100,99980,100,101507,100,99972,100
2019-06-28 09:46:20.000000000,100554,500,100075,500,100575,100,100073,300,100789,100,100048,100,101093,100,100040,100,101165,100,100000,200,101217,100,99999,100,101239,100,99989,100,101336,100,99983,100,101507,100,99980,100,101660,100,99972,100
2019-06-28 09:46:30.000000000,100554,200,100075,200,100575,200,100073,400,100789,200,100048,200,101093,200,100040,200,101165,100,100000,200,101217,100,99999,100,101239,100,99989,100,101336,100,99983,100,101507,100,99980,100,101660,100,99972,100
2019-06-28 09:46:37.818290937,100554,200,100075,200,100575,200,100073,400,100789,300,100048,200,101093,200,100040,200,101165,100,100000,200,101217,100,99999,100,101239,100,99989,100,101336,100,99983,100,101507,100,99980,100,101660,100,99972,100
2019-06-28 09:46:40.000000000,100554,500,100075,500,100575,100,100073,300,100789,200,100048,100,101093,100,100040,100,101165,100,100000,200,101217,100,99999,100,101239,100,99989,100,101336,100,99983,100,101507,100,99980,100,101660,100,99972,100
2019-06-28 09:46:49.481108396,100554,500,100075,500,100575,100,100073,300,100782,100,100048,100,100789,200,100040,100,101093,100,100000,200,101165,100,99999,100,101217,100,99989,100,101239,100,99983,100,101336,100,99980,100,101507,100,99972,100
2019-06-28 09:46:50.000000000,100554,180,100075,180,100575,180,100073,380,100782,180,100048,180,100789,280,100040,180,101093,180,100000,280,101165,100,99999,100,101217,100,99989,100,101239,100,99983,100,101336,100,99980,100,101507,100,99972,100
2019-06-28 09:46:51.332376685,100554,180,100075,180,100575,180,100073,280,100782,180,100048,180,100789,280,100040,180,101093,180,100000,280,101165,100,99999,100,101217,100,99989,100,101239,100,99983,100,101336,100,99980,100,101507,100,99972,100
2019-06-28 09:47:00.000000000,100554,200,100075,200,100575,200,100073,300,100782,200,100048,200,100789,300,100040,200,101093,100,100000,200,101165,100,99999,100,101217,100,99989,100,101239,100,99983,100,101336,100,99980,100,101507,100,99972,100
2019-06-28 09:47:10.000000000,100554,300,100075,300,100575,300,100073,400,100782,100,100048,100,100789,200,100040,100,101093,100,100000,200,101165,100,99999,100,101217,100,99989,100,101239,100,99983,100,101336,100,99980,100,101507,100,99972,100
2019-06-28 09:47:20.000000000,100554,236,100075,236,100575,232,100073,332,100782,232,100048,232,100789,200,100040,100,101093,100,100000,200,101165,100,99999,100,101217,100,99989,100,101239,100,99983,100,101336,100,99980,100,101507,100,99972,100
2019-06-28 09:47:21.955792844,100554,236,100075,236,100575,232,100073,332,100709,100,100048,232,100782,232,100040,100,100789,200,100000,200,101093,100,99999,100,101165,100,99989,100,101217,100,99983,100,101239,100,99980,100,101336,100,99972,100
2019-06-28 09:47:25.961941676,100554,236,100075,236,100575,232,100073,332,100709,100,100048,232,100782,232,100040,100,100789,200,100000,200,100842,100,99999,100,101093,100,99989,100,101165,100,99983,100,101217,100,99980,100,101239,100,99972,100
2019-06-28 09:47:26.120967853,100554,236,100075,236,100575,232,100073,332,100709,100,100048,232,100782,232,100000,200,100789,200,99999,100,100842,100,99989,100,101093,100,99983,100,101165,100,99980,100,101217,100,99972,100,101239,100,99967,100
2019-06-28 09:47:30.000000000,100554,200,100075,200,100575,200,100073,300,100709,200,100048,200,100782,200,100000,300,100789,200,99999,100,100842,100,99989,100,101093,100,99983,100,101165,100,99980,100,101217,100,99972,100,101239,100,99967,100
2019-06-28 09:47:30.561653275,100554,200,100075,200,100575,200,100073,300,100649,100,100048,200,100709,200,100000,300,100782,200,99999,100,100789,200,99989,100,100842,100,99983,100,101093,100,99980,100,101165,100,99972,100,101217,100,99967,100
2019-06-28 09:47:40.000000000,100554,236,100075,236,100575,232,100073,332,100649,232,100048,232,100709,100,100000,200,100782,100,99999,100,100789,200,99989,100,100842,100,99983,100,101093,100,99980,100,101165,100,99972,100,101217,100,99967,100
2019-06-28 09:47:41.761064708,100554,136,100075,236,100575,232,100073,332,100649,232,100048,232,100709,100,100000,200,100782,100,99999,100,100789,200,99989,100,100842,100,99983,100,101093,100,99980,100,101165,100,99972,100,101217,100,99967,100
2019-06-28 09:47:44.138174576,100554,136,100075,236,100575,232,100073,332,100582,100,100048,232,100649,232,100000,200,100709,100,99999,100,100782,100,99989,100,100789,200,99983,100,100842,100,99980,100,101093,100,99972,100,101165,100,99967,100
2019-06-28 09:47:48.330405456,100554,136,100434,100,100575,232,100075,236,100582,100,100073,332,100649,232,100048,232,100709,100,100000,200,100782,100,99999,100,100789,200,99989,100,100842,100,99983,100,101093,100,99980,100,101165,100,99967,100
2019-06-28 09:47:50.000000000,100575,300,100434,300,100582,300,100075,300,100649,100,100073,200,100709,100,100048,100,100782,100,100000,200,100789,200,99999,100,100842,100,99989,100,101093,100,99983,100,101165,100,99980,100,101217,100,99967,100
2019-06-28 09:48:00.000000000,100575,180,100434,180,100582,180,100075,180,100649,180,100073,280,100709,180,100048,180,100782,180,100000,280,100789,200,99999,100,100842,100,99989,100,101093,100,99983,100,101165,100,99980,100,101217,100,99967,100
2019-06-28 09:48:03.517335972,100575,180,100434,180,100582,180,100075,180,100649,180,100073,280,100709,180,100048,180,100716,100,100000,280,100782,180,99999,100,100789,200,99989,100,100842,100,99983,100,101093,100,99980,100,101165,100,99967,100
2019-06-28 09:48:10.000000000,100575,200,100434,200,100582,200,100075,200,100649,200,100073,300,100709,200,100048,200,100716,100,100000,200,100782,100,99999,100,100789,200,99989,100,100842,100,99983,100,101093,100,99980,100,101165,100,99967,100
2019-06-28 09:48:15.436139808,100575,100,100434,200,100582,200,100075,200,100649,200,100073,300,100709,200,100048,200,100716,100,100000,200,100782,100,99999,100,100789,200,99989,100,100842,100,99983,100,101093,100,99980,100,101165,100,99967,100
2019-06-28 09:48:20.000000000,100582,236,100434,236,100649,232,100075,232,100709,232,100073,332,100716,100,100048,100,100782,100,100000,200,100789,200,99999,100,100842,100,99989,100,101093,100,99983,100,101165,100,99980,100,101217,100,99967,100
2019-06-28 09:48:23.440001574,100582,236,100434,236,100624,100,100075,232,100649,232,100073,332,100709,232,100048,100,100716,100,100000,200,100782,100,99999,100,100789,200,99989,100,100842,100,99983,100,101093,100,99980,100,101165,100,99967,100
2019-06-28 09:48:25.931567905,100582,236,100434,136,100624,100,100075,232,100649,232,100073,332,100709,232,100048,100,100716,100,100000,200,100782,100,99999,100,100789,200,99989,100,100842,100,99983,100,101093,100,99980,100,101165,100,99967,100
2019-06-28 09:48:30.000000000,100582,180,100075,180,100624,180,100073,280,100649,180,100048,180,100709,180,100000,280,100716,180,99999,180,100782,100,99989,100,100789,200,99983,100,100842,100,99980,100,101093,100,99967,100,101165,100,99961,100
2019-06-28 09:48:31.859793515,100582,180,100523,100,100624,180,100075,180,100649,180,100073,280,100709,180,100048,180,100716,180,100000,280,100782,100,99999,180,100789,200,99989,100,100842,100,99983,100,101093,100,99980,100,101165,100,99967,100
2019-06-28 09:48:40.000000000,100582,236,100523,236,100624,232,100075,232,100649,232,100073,332,100709,100,100048,100,100716,100,100000,200,100782,100,99999,100,100789,200,99989,100,100842,100,99983,100,101093,100,99980,100,101165,100,99967,100
2019-06-28 09:48:43.553948708,100582,236,100523,236,100624,232,100441,100,100649,232,100075,232,100709,100,100073,332,100716,100,100048,100,100782,100,100000,200,100789,200,99999,100,100842,100,99989,100,101093,100,99983,100,101165,100,99980,100
2019-06-28 09:48:50.000000000,100582,200,100523,200,100624,200,100441,200,100649,200,100075,200,100709,200,100073,300,100716,100,100048,100,100782,100,100000,200,100789,200,99999,100,100842,100,99989,100,101093,100,99983,100,101165,100,99980,100
2019-06-28 09:49:00.000000000,100582,236,100523,236,100624,232,100441,232,100649,232,100075,232,100709,100,100073,200,100716,100,100048,100,100782,100,100000,200,100789,200,99999,100,100842,100,99989,100,101093,100,99983,100,101165,100,99980,100
2019-06-28 09:49:10.000000000,100582,236,100523,236,100624,232,100441,232,100649,232,100075,232,100709,100,100073,200,100716,100,100048,100,100782,100,100000,200,100789,200,99999,100,100842,100,99989,100,101093,100,99983,100,101165,100,99980,100
2019-06-28 09:49:20.000000000,100582,180,100523,180,100624,180,100441,180,100649,180,100075,180,100709,180,100073,280,100716,180,100048,180,100782,100,100000,200,100789,200,99999,100,100842,100,99989,100,101093,100,99983,100,101165,100,99980,100
2019-06-28 09:49:30.000000000,100582,300,100523,300,100624,300,100441,300,100649,100,100075,100,100709,100,100073,200,100716,100,100048,100,100782,100,100000,200,100789,200,99999,100,100842,100,99989,100,101093,100,99983,100,101165,100,99980,100
2019-06-28 09:49:30.147492384,100574,100,100523,300,100582,300,100441,300,100624,300,100075,100,100649,100,100073,200,100709,100,100048,100,100716,100,100000,200,100782,100,99999,100,100789,200,99989,100,100842,100,99983,100,101093,100,99980,100
2019-06-28 09:49:40.000000000,100574,500,100523,500,100582,100,100441,100,100624,100,100075,100,100649,100,100073,200,100709,100,100048,100,100716,100,100000,200,100782,100,99999,100,100789,200,99989,100,100842,100,99983,100,101093,100,99980,100
2019-06-28 09:49:50.000000000,100574,236,100523,236,100582,232,100441,232,100624,232,100075,232,100649,100,100073,200,100709,100,100048,100,100716,100,100000,200,100782,100,99999,100,100789,200,99989,100,100842,100,99983,100,101093,100,99980,100
2019-06-28 09:49:56.280369830,100574,236,100523,136,100582,132,100441,232,100624,232,100075,232,100649,100,100073,200,100709,100,100048,100,100716,100,100000,200,100782,100,99999,100,100789,200,99989,100,100842,100,99983,100,101093,100,99980,100
2019-06-28 09:50:00.000000000,100574,300,100441,300,100624,300,100075,300,100649,100,100073,200,100709,100,100048,100,100716,100,100000,200,100782,100,99999,100,100789,200,99989,100,100842,100,99983,100,101093,100,99980,100,101165,100,99967,100
2019-06-28 09:50:10.000000000,100574,300,100441,300,100624,300,100075,300,100649,100,100073,200,100709,100,100048,100,100716,100,100000,200,100782,100,99999,100,100789,200,99989,100,100842,100,99983,100,101093,100,99980,100,101165,100,99967,100
2019-06-28 09:50:11.975263022,100574,300,100441,200,100624,300,100075,300,100649,100,100073,200,100709,100,100048,100,100716,100,100000,200,100782,100,99999,100,100789,200,99989,100,101093,100,99983,100,101165,100,99980,100,101217,100,99967,100
2019-06-28 09:50:20.000000000,100574,180,100075,180,100624,180,100073,280,100649,180,100048,180,100709,180,100000,280,100716,180,99999,180,100782,100,99989,100,100789,200,99983,100,101093,100,99980,100,101165,100,99967,100,101217,100,99961,100
2019-06-28 09:50:27.107772991,100574,180,100075,180,100624,180,100073,280,100649,180,100048,180,100709,180,100000,180,100716,180,99999,180,100782,100,99989,100,100789,200,99983,100,101093,100,99980,100,101165,100,99967,100,101217,100,99961,100
2019-06-28 09:50:27.875874401,100574,180,100075,80,100624,180,100073,280,100649,180,100048,180,100709,180,100000,180,100716,180,99999,180,100782,100,99989,100,100789,200,99983,100,101093,100,99980,100,101165,100,99967,100,101217,100,99961,100
2019-06-28 09:50:30.000000000,100574,500,100073,600,100624,100,100048,100,100649,100,100000,100,100709,100,99999,100,100716,100,99989,100,100782,100,99983,100,100789,200,99980,100,101093,100,99967,100,101165,100,99961,100,101217,100,99944,100
2019-06-28 09:50:36.631759785,100441,100,100073,600,100574,500,100048,100,100624,100,100000,100,100649,100,99999,100,100709,100,99989,100,100716,100,99983,100,100782,100,99980,100,100789,200,99967,100,101093,100,99961,100,101165,100,99944,100
2019-06-28 09:50:39.671867257,100441,100,100073,500,100574,500,100048,100,100624,100,100000,100,100649,100,99999,100,100709,100,99989,100,100716,100,99983,100,100782,100,99980,100,100789,200,99967,100,101093,100,99961,100,101165,100,99944,100
2019-06-28 09:50:40.000000000,100441,236,100073,236,100574,232,100048,232,100624,232,100000,232,100649,100,99999,100,100709,100,99989,100,100716,100,99983,100,100782,100,99980,100,100789,200,99967,100,101093,100,99961,100,101165,100,99944,100
2019-06-28 09:50:46.792371565,100441,236,100073,236,100574,232,100048,232,100624,232,100000,232,100649,100,99999,100,100709,100,99989,100,100716,100,99983,100,100782,100,99980,100,100789,200,99967,100,101093,100,99961,100,101165,100,99944,100
2019-06-28 09:50:50.000000000,100441,200,100073,200,100574,200,100048,200,100624,200,100000,200,100649,200,99999,200,100709,100,99989,100,100716,100,99983,100,100782,100,99980,100,100789,200,99967,100,101093,100,99961,100,101165,100,99944,100
2019-06-28 09:50:59.075951985,100441,200,100073,200,100574,200,100048,200,100624,200,100000,200,100649,200,99999,200,100709,100,99989,100,100716,100,99983,100,100782,100,99980,100,100789,200,99967,100,101093,100,99961,100,101165,100,99944,100
2019-06-28 09:50:59.524719783,100441,200,100073,100,100574,200,100048,200,100624,200,100000,200,100649,200,99999,200,100709,100,99989,100,100716,100,99983,100,100782,100,99980,100,100789,200,99967,100,101093,100,99961,100,101165,100,99944,100
2019-06-28 09:51:00.000000000,100441,180,100048,180,100574,180,100000,180,100624,180,99999,180,100649,180,99989,180,100709,180,99983,180,100716,100,99980,100,100782,100,99967,100,100789,200,99961,100,101093,100,99944,100,101165,100,99943,100
2019-06-28 09:51:01.605254861,100441,180,100048,80,100574,180,100000,180,100624,180,99999,180,100649,180,99989,180,100709,180,99983,180,100716,100,99980,100,100782,100,99967,100,100789,200,99961,100,101093,100,99944,100,101165,100,99943,100
2019-06-28 09:51:03.545543442,100048,20,100000,180,100441,180,99999,180,100574,180,99989,180,100624,180,99983,180,100649,180,99980,100,100709,180,99967,100,100716,100,99961,100,100782,100,99944,100,100789,200,99883,100,101093,100,99851,100
2019-06-28 09:51:10.000000000,100048,100,100000,180,100441,180,99999,180,100574,180,99989,180,100624,180,99983,180,100649,180,99980,180,100709,100,99967,100,100716,100,99961,100,100782,100,99944,100,100789,200,99883,100,101093,100,99851,100
2019-06-28 09:51:20.000000000,100048,156,100000,236,100441,232,99999,232,100574,232,99989,232,100624,100,99983,100,100649,100,99980,100,100709,100,99967,100,100716,100,99961,100,100782,100,99944,100,100789,200,99883,100,101093,100,99851,100
2019-06-28 09:51:27.536560579,100048,156,100000,236,100441,232,99999,232,100574,232,99989,232,100624,100,99983,100,100649,100,99980,100,100709,100,99967,100,100716,100,99961,100,100782,100,99944,100,100789,100,99883,100,101093,100,99851,100
2019-06-28 09:51:30.000000000,100048,100,100000,180,100441,180,99999,180,100574,180,99989,180,100624,180,99983,180,100649,180,99980,180,100709,100,99967,100,100716,100,99961,100,100782,100,99944,100,100789,100,99883,100,101093,100,99851,100
2019-06-28 09:51:34.667393156,100048,100,100000,180,100441,180,99999,180,100574,180,99989,180,100624,180,99983,180,100649,180,99980,180,100709,100,99967,100,100716,100,99961,100,100782,100,99944,100,100789,100,99883,100,101093,100,99851,100
2019-06-28 09:51:35.644820191,100048,100,100000,80,100441,180,99999,180,100574,180,99989,180,100624,180,99983,180,100649,180,99980,180,100709,100,99967,100,100716,100,99961,100,100782,100,99944,100,101093,100,99883,100,101165,100,99851,100
2019-06-28 09:51:40.000000000,100048,100,99999,180,100441,180,99989,180,100574,180,99983,180,100624,180,99980,180,100649,180,99967,180,100709,100,99961,100,100716,100,99944,100,100782,100,99883,100,101093,100,99851,100,101165,100,99781,100
2019-06-28 09:51:50.000000000,100048,120,99999,200,100441,200,99989,200,100574,200,99983,200,100624,200,99980,200,100649,100,99967,100,100709,100,99961,100,100716,100,99944,100,100782,100,99883,100,101093,100,99851,100,101165,100,99781,100
2019-06-28 09:52:00.000000000,100048,100,99999,180,100441,180,99989,180,100574,180,99983,180,100624,180,99980,180,100649,180,99967,180,100709,100,99961,100,100716,100,99944,100,100782,100,99883,100,101093,100,99851,100,101165,100,99781,100
2019-06-28 09:52:02.933744011,100048,80,99999,80,100441,180,99989,180,100574,180,99983,180,100624,180,99980,180,100649,180,99967,180,100709,100,99961,100,100716,100,99944,100,100782,100,99883,100,101093,100,99851,100,101165,100,99781,100
2019-06-28 09:52:10.000000000,100441,300,99989,300,100574,300,99983,300,100624,100,99980,100,100649,100,99967,100,100709,100,99961,100,100716,100,99944,100,100782,100,99883,100,101093,100,99851,100,101165,100,99781,100,101217,100,99567,100
2019-06-28 09:52:11.620052804,100179,100,99989,300,100441,300,99983,300,100574,300,99980,100,100624,100,99967,100,100649,100,99961,100,100709,100,99883,100,100716,100,99851,100,100782,100,99781,100,101093,100,99567,100,101165,100,99267,100
2019-06-28 09:52:20.000000000,100179,180,99989,180,100441,180,99983,180,100574,180,99980,180,100624,180,99967,180,100649,180,99961,180,100709,100,99883,100,100716,100,99851,100,100782,100,99781,100,101093,100,99567,100,101165,100,99267,100
2019-06-28 09:52:23.601041863,100179,180,99989,180,100279,100,99983,180,100441,180,99980,180,100574,180,99967,180,100624,180,99961,180,100649,180,99883,100,100709,100,99851,100,100716,100,99781,100,100782,100,99567,100,101093,100,99267,100
2019-06-28 09:52:30.000000000,100179,180,99989,180,100279,180,99983,180,100441,180,99980,180,100574,180,99967,180,100624,180,99961,180,100649,100,99883,100,100709,100,99851,100,100716,100,99781,100,100782,100,99567,100,101093,100,99267,100
2019-06-28 09:52:40.000000000,100179,300,99989,300,100279,300,99983,300,100441,100,99980,100,100574,100,99967,100,100624,100,99961,100,100649,100,99883,100,100709,100,99851,100,100716,100,99781,100,100782,100,99567,100,101093,100,99267,100
2019-06-28 09:52:46.229613381,100179,200,99989,300,100279,300,99983,300,100441,100,99980,100,100574,100,99967,100,100624,100,99961,100,100649,100,99883,100,100709,100,99851,100,100716,100,99781,100,100782,100,99567,100,101093,100,99267,100
2019-06-28 09:52:50.000000000,100279,236,99989,236,100441,232,99983,232,100574,232,99980,232,100624,100,99967,100,100649,100,99961,100,100709,100,99883,100,100716,100,99851,100,100782,100,99781,100,101093,100,99567,100,101217,100,99267,100
2019-06-28 09:53:00.000000000,100279,200,99989,200,100441,200,99983,200,100574,200,99980,200,100624,200,99967,200,100649,100,99961,100,100709,100,99883,100,100716,100,99851,100,100782,100,99781,100,101093,100,99567,100,101217,100,99267,100
2019-06-28 09:53:10.000000000,100279,236,99989,236,100441,232,99983,232,100574,232,99980,232,100624,100,99967,100,100649,100,99961,100,100709,100,99883,100,100716,100,99851,100,100782,100,99781,100,101093,100,99567,100,101217,100,99267,100
2019-06-28 09:53:20.000000000,100279,236,99989,236,100441,232,99983,232,100574,232,99980,232,100624,100,99967,100,100649,100,99961,100,100709,100,99883,100,100716,100,99851,100,100782,100,99781,100,101093,100,99567,100,101217,100,99267,100
2019-06-28 09:53:30.000000000,100279,236,99989,236,100441,232,99983,232,100574,232,99980,232,100624,100,99967,100,100649,100,99961,100,100709,100,99883,100,100716,100,99851,100,100782,100,99781,100,101093,100,99567,100,101217,100,99267,100
2019-06-28 09:53:40.000000000,100279,300,99989,300,100441,300,99983,300,100574,100,99980,100,100624,100,99967,100,100649,100,99961,100,100709,100,99883,100,100716,100,99851,100,100782,100,99781,100,101093,100,99567,100,101217,100,99267,100
2019-06-28 09:53:43.916157785,100279,300,99989,300,100441,300,99983,300,100574,100,99980,100,100624,100,99967,100,100649,100,99961,100,100709,100,99883,100,100716,100,99851,100,100782,100,99781,100,101093,100,99567,100,101161,100,99267,100
2019-06-28 09:53:47.432829342,100279,200,99989,300,100441,300,99983,300,100574,100,99967,100,100624,100,99961,100,100649,100,99883,100,100709,100,99851,100,100716,100,99781,100,100782,100,99567,100,101093,100,99267,100,101161,100,99227,100
2019-06-28 09:53:50.000000000,100441,500,99989,500,100574,100,99983,100,100624,100,99967,100,100649,100,99961,100,100709,100,99883,100,100716,100,99851,100,100782,100,99781,100,101093,100,99567,100,101161,100,99267,100,101217,100,99227,100
2019-06-28 09:54:00.000000000,100441,236,99989,236,100574,232,99983,232,100624,232,99967,232,100649,100,99961,100,100709,100,99883,100,100716,100,99851,100,100782,100,99781,100,101093,100,99567,100,101161,100,99267,100,101217,100,99227,100
2019-06-28 09:54:10.000000000,100441,236,99989,236,100574,232,99983,232,100624,232,99967,232,100649,100,99961,100,100709,100,99883,100,100716,100,99851,100,100782,100,99781,100,101093,100,99567,100,101161,100,99267,100,101217,100,99227,100
2019-06-28 09:54:15.913220509,100441,236,99989,236,100574,232,99983,232,100624,232,99967,232,100649,100,99961,100,100709,100,99883,100,100716,100,99851,100,100782,100,99781,100,101093,100,99567,100,101161,100,99267,100,101203,100,99227,100
2019-06-28 09:54:20.000000000,100441,180,99989,180,100574,180,99983,180,100624,180,99967,180,100649,180,99961,180,100709,180,99883,180,100716,100,99851,100,100782,100,99781,100,101093,100,99567,100,101161,100,99267,100,101203,100,99227,100
2019-06-28 09:54:20.788761318,100441,80,99989,180,100574,180,99983,180,100624,180,99967,180,100649,180,99961,180,100709,180,99883,180,100716,100,99851,100,100782,100,99781,100,101093,100,99567,100,101161,100,99267,100,101203,100,99227,100
2019-06-28 09:54:21.731782718,100574,180,100441,20,100624,180,99989,180,100649,180,99983,180,100709,180,99967,180,100716,100,99961,180,100782,100,99883,180,101093,100,99851,100,101161,100,99781,100,101203,100,99567,100,101239,100,99267,100
2019-06-28 09:54:26.707546307,100574,80,100441,20,100624,180,99989,180,100649,180,99983,180,100709,180,99967,180,100716,100,99961,180,100782,100,99883,180,101093,100,99851,100,101161,100,99781,100,101203,100,99567,100,101239,100,99267,100
2019-06-28 09:54:28.011213059,100574,80,100441,20,100624,180,99989,180,100649,180,99983,180,100709,180,99967,180,100716,100,99961,180,100782,100,99883,180,101093,100,99851,100,101161,100,99781,100,101203,100,99567,100,101239,100,99267,100
2019-06-28 09:54:30.000000000,100624,300,100441,220,100649,300,99989,300,100709,100,99983,100,100716,100,99967,100,100782,100,99961,100,101093,100,99883,100,101161,100,99851,100,101203,100,99781,100,101239,100,99567,100,101264,100,99267,100
2019-06-28 09:54:37.054363635,100624,300,100441,320,100649,300,99989,300,100709,100,99983,100,100716,100,99967,100,100782,100,99961,100,101093,100,99883,100,101161,100,99851,100,101203,100,99781,100,101239,100,99567,100,101264,100,99267,100
2019-06-28 09:54:37.711915470,100624,300,100441,420,100649,300,99989,300,100709,100,99983,100,100716,100,99967,100,100782,100,99961,100,101093,100,99883,100,101161,100,99851,100,101203,100,99781,100,101239,100,99567,100,101264,100,99267,100
2019-06-28 09:54:40.000000000,100624,200,100441,320,100649,200,99989,200,100709,200,99983,200,100716,200,99967,200,100782,100,99961,100,101093,100,99883,100,101161,100,99851,100,101203,100,99781,100,101239,100,99567,100,101264,100,99267,100
2019-06-28 09:54:46.713772538,100624,100,100441,320,100649,200,99989,200,100709,200,99983,200,100716,200,99967,200,100782,100,99961,100,101093,100,99883,100,101161,100,99851,100,101203,100,99781,100,101239,100,99567,100,101264,100,99267,100
2019-06-28 09:54:50.000000000,100649,180,100441,300,100709,180,99989,180,100716,180,99983,180,100782,180,99967,180,101093,180,99961,180,101161,100,99883,100,101203,100,99851,100,101239,100,99781,100,101264,100,99567,100,101336,100,99267,100
2019-06-28 09:55:00.000000000,100649,500,100441,620,100709,100,99989,100,100716,100,99983,100,100782,100,99967,100,101093,100,99961,100,101161,100,99883,100,101203,100,99851,100,101239,100,99781,100,101264,100,99567,100,101336,100,99267,100
2019-06-28 09:55:10.000000000,100649,236,100441,356,100709,232,99989,232,100716,232,99983,232,100782,100,99967,100,101093,100,99961,100,101161,100,99883,100,101203,100,99851,100,101239,100,99781,100,101264,100,99567,100,101336,100,99267,100
2019-06-28 09:55:15.713711588,100649,136,100441,356,100709,232,99989,232,100716,232,99983,232,100782,100,99967,100,101093,100,99961,100,101161,100,99883,100,101203,100,99781,100,101239,100,99567,100,101264,100,99267,100,101336,100,99227,100
2019-06-28 09:55:20.000000000,100709,500,100441,620,100716,100,99989,100,100782,100,99983,100,101093,100,99967,100,101161,100,99961,100,101203,100,99883,100,101239,100,99781,100,101264,100,99567,100,101336,100,99267,100,101836,100,99227,100
2019-06-28 09:55:21.259417171,100709,500,100441,620,100716,100,99989,100,100782,100,99983,100,101093,100,99967,100,101161,100,99961,100,101203,100,99883,100,101239,100,99781,100,101264,100,99567,100,101336,100,99267,100,101451,100,99227,100
2019-06-28 09:55:22.008346251,100709,400,100441,620,100716,100,99989,100,100782,100,99983,100,101093,100,99967,100,101161,100,99961,100,101203,100,99883,100,101239,100,99781,100,101264,100,99567,100,101336,100,99267,100,101451,100,99227,100
2019-06-28 09:55:23.650868927,100709,400,100649,100,100716,100,100441,620,100782,100,99989,100,101093,100,99983,100,101161,100,99967,100,101203,100,99961,100,101239,100,99883,100,101264,100,99781,100,101336,100,99567,100,101451,100,99267,100
2019-06-28 09:55:30.000000000,100716,300,100649,300,100782,300,100441,420,101093,100,99989,100,101161,100,99983,100,101203,100,99967,100,101239,100,99961,100,101264,100,99883,100,101336,100,99781,100,101451,100,99567,100,101836,100,99267,100
2019-06-28 09:55:34.343104128,100716,300,100649,400,100782,300,100441,420,101093,100,99989,100,101161,100,99983,100,101203,100,99967,100,101239,100,99961,100,101264,100,99883,100,101336,100,99781,100,101451,100,99567,100,101836,100,99267,100
2019-06-28 09:55:40.000000000,100716,236,100649,336,100782,232,100441,352,101093,232,99989,232,101161,100,99983,100,101203,100,99967,100,101239,100,99961,100,101264,100,99883,100,101336,100,99781,100,101451,100,99567,100,101836,100,99267,100
2019-06-28 09:55:45.679406164,100716,136,100649,336,100782,232,100441,352,101093,232,99989,232,101161,100,99983,100,101203,100,99967,100,101239,100,99961,100,101264,100,99883,100,101336,100,99781,100,101451,100,99567,100,101836,100,99267,100
2019-06-28 09:55:50.000000000,100782,236,100649,336,101093,232,100441,352,101161,232,99989,232,101203,100,99983,100,101239,100,99967,100,101264,100,99961,100,101336,100,99883,100,101451,100,99781,100,101836,100,99567,100,101883,100,99267,100
2019-06-28 09:55:53.185241093,100782,136,100649,336,101093,232,100441,352,101161,232,99989,232,101203,100,99983,100,101239,100,99967,100,101264,100,99961,100,101336,100,99883,100,101451,100,99781,100,101836,100,99567,100,,,99267,100
2019-06-28 09:56:00.000000000,101093,300,100649,400,101161,300,100441,420,101203,100,99989,100,101239,100,99983,100,101264,100,99967,100,101336,100,99961,100,101451,100,99883,100,101836,100,99781,100,,,99567,100,,,99267,100
2019-06-28 09:56:09.205329241,101093,200,100649,400,101161,300,100441,420,101203,100,99989,100,101239,100,99983,100,101264,100,99967,100,101336,100,99883,100,101451,100,99781,100,101836,100,99567,100,,,99267,100,,,99227,100
2019-06-28 09:56:10.000000000,101161,236,100649,336,101203,232,100441,352,101239,232,99989,232,101264,100,99983,100,101336,100,99967,100,101451,100,99883,100,101836,100,99781,100,,,99567,100,,,99267,100,,,99227,100
2019-06-28 09:56:11.352267482,101161,236,100649,336,101203,232,100441,352,101239,232,99989,232,101264,100,99983,100,101336,100,99967,100,101451,100,99883,100,101616,100,99781,100,101836,100,99567,100,,,99267,100,,,99227,100
2019-06-28 09:56:19.451079226,101161,136,100649,336,101203,232,100441,332,101239,232,99989,232,101264,100,99983,100,101336,100,99967,100,101451,100,99883,100,101616,100,99781,100,101836,100,99567,100,,,99267,100,,,99227,100
2019-06-28 09:56:20.000000000,101203,200,100649,300,101239,200,100441,300,101264,200,99989,200,101336,200,99983,200,101451,100,99967,100,101616,100,99883,100,101836,100,99781,100,,,99567,100,,,99267,100,,,99227,100
2019-06-28 09:56:30.000000000,101203,300,100649,400,101239,300,100441,400,101264,100,99989,100,101336,100,99983,100,101451,100,99967,100,101616,100,99883,100,101836,100,99781,100,,,99567,100,,,99267,100,,,99227,100
2019-06-28 09:56:40.000000000,101203,500,100649,600,101239,100,100441,200,101264,100,99989,100,101336,100,99983,100,101451,100,99967,100,101616,100,99883,100,101836,100,99781,100,,,99567,100,,,99267,100,,,99227,100
2019-06-28 09:56:50.000000000,101203,500,100649,600,101239,100,100441,200,101264,100,99989,100,101336,100,99983,100,101451,100,99967,100,101616,100,99883,100,101836,100,99781,100,,,99567,100,,,99267,100,,,99227,100
2019-06-28 09:56:59.828148379,101203,500,100649,600,101239,100,100441,200,101264,100,99983,100,101336,100,99967,100,101451,100,99883,100,101616,100,99781,100,101818,100,99567,100,101836,100,99267,100,,,99227,100,,,99127,100
2019-06-28 09:57:00.000000000,101203,500,100649,600,101239,100,100441,200,101264,100,99983,100,101336,100,99967,100,101451,100,99883,100,101616,100,99781,100,101818,100,99567,100,101836,100,99267,100,,,99227,100,,,99127,100
2019-06-28 09:57:00.520237809,101203,400,100649,600,101239,100,100441,200,101264,100,99983,100,101336,100,99967,100,101451,100,99883,100,101616,100,99781,100,101836,100,99567,100,,,99267,100,,,99227,100,,,99127,100
2019-06-28 09:57:10.000000000,101239,500,100649,600,101264,100,100441,200,101336,100,99983,100,101451,100,99967,100,101616,100,99883,100,101836,100,99781,100,,,99567,100,,,99267,100,,,99227,100,,,99127,100
2019-06-28 09:57:10.875171112,101239,500,101161,100,101264,100,100649,600,101336,100,100441,100,101451,100,99983,100,101616,100,99967,100,101836,100,99883,100,,,99781,100,,,99567,100,,,99267,100,,,99227,100
2019-06-28 09:57:20.000000000,101239,500,101161,500,101264,100,100649,200,101336,100,100441,100,101451,100,99983,100,101616,100,99967,100,101836,100,99883,100,,,99781,100,,,99567,100,,,99267,100,,,99227,100
2019-06-28 09:57:20.248204033,101239,400,101161,500,101264,100,100649,200,101336,100,100441,100,101451,100,99983,100,101616,100,99967,100,101836,100,99883,100,,,99781,100,,,99567,100,,,99267,100,,,99227,100
2019-06-28 09:57:21.231739101,101239,400,101161,500,101264,100,100649,200,101336,100,100441,100,101451,100,99983,100,101616,100,99967,100,101836,100,99883,100,101845,100,99781,100,,,99567,100,,,99267,100,,,99227,100
2019-06-28 09:57:29.287610213,101239,300,101161,500,101264,100,100649,200,101336,100,100441,100,101451,100,99983,100,101836,100,99967,100,101845,100,99883,100,,,99781,100,,,99567,100,,,99267,100,,,99227,100
2019-06-28 09:57:30.000000000,101264,500,101161,500,101336,100,100649,200,101451,100,100441,100,101836,100,99983,100,101845,100,99967,100,,,99883,100,,,99781,100,,,99567,100,,,99267,100,,,99227,100
2019-06-28 09:57:31.152926449,101264,400,101161,500,101336,100,100649,200,101451,100,100441,100,101836,100,99983,100,101845,100,99967,100,,,99883,100,,,99781,100,,,99567,100,,,99267,100,,,99227,100
2019-06-28 09:57:40.000000000,101336,180,101161,180,101451,180,100649,280,101836,180,100441,180,101845,180,99983,180,101846,80,99967,180,,,99883,100,,,99781,100,,,99567,100,,,99267,100,,,99227,100
2019-06-28 09:57:42.806244198,101336,80,101161,180,101451,180,100649,280,101836,180,100441,180,101845,180,99983,180,101846,80,99967,180,,,99883,100,,,99781,100,,,99567,100,,,99267,100,,,99127,100
2019-06-28 09:57:45.304906392,101451,180,101336,20,101836,180,101161,180,101845,180,100649,280,101846,80,100441,180,,,99983,180,,,99967,180,,,99883,100,,,99781,100,,,99567,100,,,99267,100
2019-06-28 09:57:49.464064825,101451,180,101336,20,101836,180,101254,100,101845,180,101161,180,101846,80,100649,280,,,100441,180,,,99983,180,,,99967,180,,,99883,100,,,99781,100,,,99567,100
2019-06-28 09:57:50.000000000,101451,180,101336,100,101836,180,101254,180,101845,180,101161,180,101846,80,100649,280,,,100441,180,,,99983,100,,,99967,100,,,99883,100,,,99781,100,,,99567,100
2019-06-28 09:57:52.937287225,101451,180,101336,100,101714,100,101254,180,101836,180,101161,180,101845,180,100649,280,101846,80,100441,180,,,99983,100,,,99967,100,,,99883,100,,,99781,100,,,99567,100
2019-06-28 09:58:00.000000000,101451,200,101336,120,101714,200,101254,200,101836,200,101161,200,101845,200,100649,300,,,100441,100,,,99983,100,,,99967,100,,,99883,100,,,99781,100,,,99567,100
2019-06-28 09:58:04.590926539,101451,200,101336,220,101714,200,101254,200,101836,200,101161,200,101845,200,100649,300,,,100441,100,,,99983,100,,,99967,100,,,99883,100,,,99781,100,,,99567,100
2019-06-28 09:58:05.898172662,101451,200,101429,100,101714,200,101336,220,101836,200,101254,200,101845,200,101161,200,,,100649,300,,,100441,100,,,99983,100,,,99967,100,,,99883,100,,,99781,100
2019-06-28 09:58:10.000000000,101451,500,101429,500,101714,100,101336,120,101836,100,101254,100,101845,100,101161,100,,,100649,200,,,100441,100,,,99983,100,,,99967,100,,,99883,100,,,99781,100
2019-06-28 09:58:20.000000000,101451,180,101429,180,101714,180,101336,200,101836,180,101254,180,101845,180,101161,180,101846,80,100649,280,,,100441,100,,,99983,100,,,99967,100,,,99883,100,,,99781,100
2019-06-28 09:58:30.000000000,101451,200,101429,200,101714,200,101336,220,101836,200,101254,200,101845,200,101161,200,,,100649,200,,,100441,100,,,99983,100,,,99967,100,,,99883,100,,,99781,100
2019-06-28 09:58:32.383553284,101451,200,101429,200,101714,200,101336,220,101836,200,101254,200,101845,200,101161,200,,,100649,100,,,100441,100,,,99983,100,,,99967,100,,,99883,100,,,99781,100
2019-06-28 09:58:37.468615447,101451,200,101429,200,101714,200,101336,220,101836,200,101313,100,101845,200,101254,200,,,101161,200,,,100649,100,,,100441,100,,,99983,100,,,99967,100,,,99883,100
2019-06-28 09:58:40.000000000,101451,236,101429,236,101714,232,101336,252,101836,232,101313,232,101845,100,101254,100,,,101161,100,,,100649,100,,,100441,100,,,99983,100,,,99967,100,,,99883,100
2019-06-28 09:58:42.667175690,101451,236,101429,236,101515,100,101336,252,101714,232,101313,232,101836,232,101254,100,101845,100,101161,100,,,100649,100,,,100441,100,,,99983,100,,,99967,100,,,99883,100
2019-06-28 09:58:49.783448047,101451,236,101429,236,101515,100,101336,352,101714,232,101313,232,101836,232,101254,100,101845,100,101161,100,,,100649,100,,,100441,100,,,99983,100,,,99967,100,,,99883,100
2019-06-28 09:58:50.000000000,101451,500,101429,500,101515,100,101336,220,101714,100,101313,100,101836,100,101254,100,101845,100,101161,100,,,100649,100,,,100441,100,,,99983,100,,,99967,100,,,99883,100
2019-06-28 09:59:00.000000000,101451,300,101429,300,101515,300,101336,420,101714,100,101313,100,101836,100,101254,100,101845,100,101161,100,,,100649,100,,,100441,100,,,99983,100,,,99967,100,,,99883,100
2019-06-28 09:59:03.892590257,101451,300,101429,300,101515,300,101336,420,101714,100,101313,100,101836,100,101254,100,101845,100,101161,100,,,101084,100,,,100649,100,,,100441,100,,,99983,100,,,99967,100
2019-06-28 09:59:10.000000000,101451,300,101429,300,101515,300,101336,420,101714,100,101313,100,101836,100,101254,100,101845,100,101161,100,,,101084,100,,,100649,100,,,100441,100,,,99983,100,,,99967,100
2019-06-28 09:59:15.972475568,101451,300,101429,300,101515,300,101336,420,101714,100,101313,100,101836,100,101161,100,101845,100,101084,100,,,101057,100,,,100649,100,,,100441,100,,,99983,100,,,99967,100
2019-06-28 09:59:19.826652568,101451,300,101429,300,101515,300,101336,400,101714,100,101313,100,101836,100,101184,100,101845,100,101161,100,,,101084,100,,,101057,100,,,100649,100,,,100441,100,,,99983,100
2019-06-28 09:59:20.000000000,101451,500,101429,500,101515,100,101336,200,101714,100,101313,100,101836,100,101184,100,101845,100,101161,100,,,101084,100,,,101057,100,,,100649,100,,,100441,100,,,99983,100
2019-06-28 09:59:22.266573337,101451,500,101429,400,101515,100,101336,200,101714,100,101313,100,101836,100,101184,100,101845,100,101161,100,,,101084,100,,,101057,100,,,100649,100,,,100441,100,,,99983,100
2019-06-28 09:59:27.319874818,101451,500,101429,300,101515,100,101336,200,101714,100,101313,100,101836,100,101184,100,101845,100,101161,100,,,101084,100,,,101057,100,,,100649,100,,,100441,100,,,99983,100
2019-06-28 09:59:30.000000000,101451,200,101336,300,101515,200,101313,200,101714,200,101184,200,101836,200,101161,200,101845,100,101084,100,,,101057,100,,,100649,100,,,100441,100,,,99983,100,,,99967,100
2019-06-28 09:59:40.000000000,101451,236,101336,336,101515,232,101313,232,101714,232,101184,232,101836,100,101161,100,101845,100,101084,100,,,101057,100,,,100649,100,,,100441,100,,,99983,100,,,99967,100
2019-06-28 09:59:50.000000000,101451,300,101336,400,101515,300,101313,300,101714,100,101184,100,101836,100,101161,100,101845,100,101084,100,,,101057,100,,,100649,100,,,100441,100,,,99983,100,,,99967,100
2019-06-28 10:00:00.000000000,101451,200,101336,300,101515,200,101313,200,101714,200,101184,200,101836,200,101161,200,101845,100,101084,100,,,101057,100,,,100649,100,,,100441,100,,,99983,100,,,99967,100
2019-06-28 10:00:02.577902579,101451,200,101336,300,101515,200,101313,200,101517,100,101184,200,101714,200,101161,200,101836,200,101084,100,101845,100,101057,100,,,100649,100,,,100441,100,,,99983,100,,,99967,100
2019-06-28 10:00:10.000000000,101451,300,101336,400,101515,300,101313,300,101517,100,101184,100,101714,100,101161,100,101836,100,101084,100,101845,100,101057,100,,,100649,100,,,100441,100,,,99983,100,,,99967,100
2019-06-28 10:00:20.000000000,101451,180,101336,280,101515,180,101313,180,101517,180,101184,180,101714,180,101161,180,101836,180,101084,180,101845,100,101057,100,,,100649,100,,,100441,100,,,99983,100,,,99967,100
2019-06-28 10:00:30.000000000,101451,236,101336,336,101515,232,101313,232,101517,232,101184,232,101714,100,101161,100,101836,100,101084,100,101845,100,101057,100,,,100649,100,,,100441,100,,,99983,100,,,99967,100
2019-06-28 10:00:40.000000000,101451,300,101336,400,101515,300,101313,300,101517,100,101184,100,101714,100,101161,100,101836,100,101084,100,101845,100,101057,100,,,100649,100,,,100441,100,,,99983,100,,,99967,100
2019-06-28 10:00:49.407989082,101429,100,101336,400,101451,300,101313,300,101515,300,101184,100,101517,100,101084,100,101714,100,101057,100,101836,100,100649,100,101845,100,100441,100,,,99983,100,,,99967,100,,,99883,100
2019-06-28 10:00:50.000000000,101429,500,101336,600,101451,100,101313,100,101515,100,101184,100,101517,100,101084,100,101714,100,101057,100,101836,100,100649,100,101845,100,100441,100,,,99983,100,,,99967,100,,,99883,100
2019-06-28 10:01:00.000000000,101429,236,101336,336,101451,232,101313,232,101515,232,101184,232,101517,100,101084,100,101714,100,101057,100,101836,100,100649,100,101845,100,100441,100,,,99983,100,,,99967,100,,,99883,100
2019-06-28 10:01:10.000000000,101429,236,101336,336,101451,232,101313,232,101515,232,101184,232,101517,100,101084,100,101714,100,101057,100,101836,100,100649,100,101845,100,100441,100,,,99983,100,,,99967,100,,,99883,100
2019-06-28 10:01:18.155703366,101429,236,101336,336,101451,232,101313,232,101515,232,101184,232,101517,100,101115,100,101714,100,101084,100,101836,100,101057,100,101845,100,100649,100,,,100441,100,,,99983,100,,,99967,100
2019-06-28 10:01:20.000000000,101429,180,101336,280,101451,180,101313,180,101515,180,101184,180,101517,180,101115,180,101714,180,101084,180,101836,100,101057,100,101845,100,100649,100,,,100441,100,,,99983,100,,,99967,100
2019-06-28 10:01:30.000000000,101429,300,101336,400,101451,300,101313,300,101515,100,101184,100,101517,100,101115,100,101714,100,101084,100,101836,100,101057,100,101845,100,100649,100,,,100441,100,,,99983,100,,,99967,100
2019-06-28 10:01:40.000000000,101429,236,101336,336,101451,232,101313,232,101515,232,101184,232,101517,100,101115,100,101714,100,101084,100,101836,100,101057,100,101845,100,100649,100,,,100441,100,,,99983,100,,,99967,100
2019-06-28 10:01:41.963100747,101429,236,101336,336,101451,232,101313,232,101515,232,101227,100,101517,100,101184,232,101714,100,101115,100,101836,100,101084,100,101845,100,101057,100,,,100649,100,,,100441,100,,,99983,100
2019-06-28 10:01:49.688370837,101429,236,101336,336,101451,232,101313,232,101515,232,101227,100,101517,100,101184,232,101714,100,101115,100,101836,100,101084,100,101845,100,101057,100,,,100993,100,,,100649,100,,,100441,100
2019-06-28 10:01:50.000000000,101429,236,101336,336,101451,232,101313,232,101515,232,101227,232,101517,100,101184,100,101714,100,101115,100,101836,100,101084,100,101845,100,101057,100,,,100993,100,,,100649,100,,,100441,100
2019-06-28 10:01:56.174055003,101429,236,101336,336,101451,232,101313,232,101515,232,101227,232,101517,100,101184,100,101714,100,101115,100,101836,100,101084,100,101845,100,101057,100,,,100993,100,,,100944,100,,,100649,100
2019-06-28 10:02:00.000000000,101429,200,101336,300,101451,200,101313,200,101515,200,101227,200,101517,200,101184,200,101714,100,101115,100,101836,100,101084,100,101845,100,101057,100,,,100993,100,,,100944,100,,,100649,100
2019-06-28 10:02:03.468561292,101429,200,101336,200,101451,200,101313,200,101515,200,101227,200,101517,200,101184,200,101714,100,101115,100,101836,100,101084,100,101845,100,101057,100,,,100993,100,,,100944,100,,,100649,100
2019-06-28 10:02:10.000000000,101429,300,101336,300,101451,300,101313,300,101515,100,101227,100,101517,100,101184,100,101714,100,101115,100,101836,100,101084,100,101845,100,101057,100,,,100993,100,,,100944,100,,,100649,100
2019-06-28 10:02:13.416942220,101429,300,101336,200,101451,300,101313,300,101515,100,101227,100,101517,100,101184,100,101714,100,101115,100,101836,100,101084,100,101845,100,101057,100,,,100993,100,,,100944,100,,,100649,100
2019-06-28 10:02:17.632753330,101429,300,101336,200,101451,300,101313,300,101515,100,101227,100,101714,100,101184,100,101836,100,101115,100,101845,100,101084,100,,,101057,100,,,101040,100,,,100993,100,,,100944,100
2019-06-28 10:02:20.000000000,101429,200,101313,200,101451,200,101227,200,101515,200,101184,200,101714,200,101115,200,101836,100,101084,100,101845,100,101057,100,,,101040,100,,,100993,100,,,100944,100,,,100649,100
2019-06-28 10:02:26.374011681,101429,200,101313,100,101451,200,101227,200,101515,200,101184,200,101714,200,101115,200,101836,100,101084,100,101845,100,101057,100,,,101040,100,,,100993,100,,,100944,100,,,100649,100
2019-06-28 10:02:30.000000000,101429,180,101227,180,101451,180,101184,180,101515,180,101115,180,101714,180,101084,180,101836,180,101057,180,101845,100,101040,100,,,100993,100,,,100944,100,,,100649,100,,,100441,100
2019-06-28 10:02:40.000000000,101429,236,101227,236,101451,232,101184,232,101515,232,101115,232,101714,100,101084,100,101836,100,101057,100,101845,100,101040,100,,,100993,100,,,100944,100,,,100649,100,,,100441,100
2019-06-28 10:02:50.000000000,101429,500,101227,500,101451,100,101184,100,101515,100,101115,100,101714,100,101084,100,101836,100,101057,100,101845,100,101040,100,,,100993,100,,,100944,100,,,100649,100,,,100441,100
2019-06-28 10:03:00.000000000,101429,236,101227,236,101451,232,101184,232,101515,232,101115,232,101714,100,101084,100,101836,100,101057,100,101845,100,101040,100,,,100993,100,,,100944,100,,,100649,100,,,100441,100
2019-06-28 10:03:10.000000000,101429,180,101227,180,101451,180,101184,180,101515,180,101115,180,101714,180,101084,180,101836,180,101057,180,101845,100,101040,100,,,100993,100,,,100944,100,,,100649,100,,,100441,100
2019-06-28 10:03:20.000000000,101429,180,101227,180,101451,180,101184,180,101515,180,101115,180,101714,180,101084,180,101836,180,101057,180,101845,100,101040,100,,,100993,100,,,100944,100,,,100649,100,,,100441,100
2019-06-28 10:03:27.437882456,101429,180,101227,180,101451,180,101184,180,101515,180,101115,180,101714,180,101084,180,101836,180,101057,180,101845,100,101040,100,,,100993,100,,,100944,100,,,100808,100,,,100649,100
2019-06-28 10:03:30.000000000,101429,500,101227,500,101451,100,101184,100,101515,100,101115,100,101714,100,101084,100,101836,100,101057,100,101845,100,101040,100,,,100993,100,,,100944,100,,,100808,100,,,100649,100
2019-06-28 10:03:40.000000000,101429,200,101227,200,101451,200,101184,200,101515,200,101115,200,101714,200,101084,200,101836,100,101057,100,101845,100,101040,100,,,100993,100,,,100944,100,,,100808,100,,,100649,100
2019-06-28 10:03:50.000000000,101429,500,101227,500,101451,100,101184,100,101515,100,101115,100,101714,100,101084,100,101836,100,101057,100,101845,100,101040,100,,,100993,100,,,100944,100,,,100808,100,,,100649,100
2019-06-28 10:03:54.997982806,101429,500,101227,500,101451,100,101184,100,101515,100,101133,100,101714,100,101115,100,101836,100,101084,100,101845,100,101057,100,,,101040,100,,,100993,100,,,100944,100,,,100808,100
2019-06-28 10:04:00.000000000,101429,180,101227,180,101451,180,101184,180,101515,180,101133,180,101714,180,101115,180,101836,180,101084,180,101845,100,101057,100,,,101040,100,,,100993,100,,,100944,100,,,100808,100
2019-06-28 10:04:10.000000000,101429,180,101227,180,101451,180,101184,180,101515,180,101133,180,101714,180,101115,180,101836,180,101084,180,101845,100,101057,100,,,101040,100,,,100993,100,,,100944,100,,,100808,100
2019-06-28 10:04:20.000000000,101429,300,101227,300,101451,300,101184,300,101515,100,101133,100,101714,100,101115,100,101836,100,101084,100,101845,100,101057,100,,,101040,100,,,100993,100,,,100944,100,,,100808,100
2019-06-28 10:04:20.389968483,101336,100,101227,300,101429,300,101184,300,101451,300,101133,100,101515,100,101115,100,101714,100,101084,100,101836,100,101057,100,101845,100,101040,100,,,100993,100,,,100944,100,,,100808,100
2019-06-28 10:04:25.448123561,101336,100,101227,200,101429,300,101184,300,101451,300,101133,100,101515,100,101115,100,101714,100,101084,100,101836,100,101057,100,101845,100,101040,100,,,100993,100,,,100944,100,,,100808,100
2019-06-28 10:04:30.000000000,101336,200,101184,200,101429,200,101133,200,101451,200,101115,200,101515,200,101084,200,101714,100,101057,100,101836,100,101040,100,101845,100,100993,100,,,100944,100,,,100808,100,,,100649,100
2019-06-28 10:04:30.740439388,101313,100,101184,200,101336,200,101133,200,101429,200,101115,200,101451,200,101084,200,101515,200,101057,100,101714,100,101040,100,101836,100,100993,100,101845,100,100944,100,,,100808,100,,,100649,100
2019-06-28 10:04:39.383525552,101313,200,101184,200,101336,200,101133,200,101429,200,101115,200,101451,200,101084,200,101515,200,101057,100,101714,100,101040,100,101836,100,100993,100,101845,100,100944,100,,,100808,100,,,100649,100
2019-06-28 10:04:40.000000000,101313,400,101184,300,101336,300,101133,300,101429,100,101115,100,101451,100,101084,100,101515,100,101057,100,101714,100,101040,100,101836,100,100993,100,101845,100,100944,100,,,100808,100,,,100649,100
2019-06-28 10:04:43.625558637,101313,400,101184,300,101336,300,101133,300,101429,100,101122,100,101451,100,101115,100,101515,100,101084,100,101714,100,101057,100,101836,100,100993,100,101845,100,100944,100,,,100808,100,,,100649,100
2019-06-28 10:04:50.000000000,101313,400,101184,300,101336,300,101133,300,101429,100,101122,100,101451,100,101115,100,101515,100,101084,100,101714,100,101057,100,101836,100,100993,100,101845,100,100944,100,,,100808,100,,,100649,100
2019-06-28 10:05:00.000000000,101313,400,101184,300,101336,300,101133,300,101429,100,101122,100,101451,100,101115,100,101515,100,101084,100,101714,100,101057,100,101836,100,100993,100,101845,100,100944,100,,,100808,100,,,100649,100
2019-06-28 10:05:10.000000000,101313,600,101184,500,101336,100,101133,100,101429,100,101122,100,101451,100,101115,100,101515,100,101084,100,101714,100,101057,100,101836,100,100993,100,101845,100,100944,100,,,100808,100,,,100649,100
2019-06-28 10:05:12.668915746,101313,500,101184,500,101336,100,101133,100,101429,100,101122,100,101451,100,101115,100,101515,100,101084,100,101714,100,101057,100,101836,100,100993,100,101845,100,100944,100,,,100808,100,,,100649,100
2019-06-28 10:05:20.000000000,101313,500,101184,500,101336,100,101133,100,101429,100,101122,100,101451,100,101115,100,101515,100,101084,100,101714,100,101057,100,101836,100,100993,100,101845,100,100944,100,,,100808,100,,,100649,100
2019-06-28 10:05:30.000000000,101313,180,101184,180,101336,180,101133,180,101429,180,101122,180,101451,180,101115,180,101515,180,101084,180,101714,100,101057,100,101836,100,100993,100,101845,100,100944,100,,,100808,100,,,100649,100
2019-06-28 10:05:40.000000000,101313,500,101184,500,101336,100,101133,100,101429,100,101122,100,101451,100,101115,100,101515,100,101084,100,101714,100,101057,100,101836,100,100993,100,101845,100,100944,100,,,100808,100,,,100649,100
2019-06-28 10:05:50.000000000,101313,180,101184,180,101336,180,101133,180,101429,180,101122,180,101451,180,101115,180,101515,180,101084,180,101714,100,101057,100,101836,100,100993,100,101845,100,100944,100,,,100808,100,,,100649,100
2019-06-28 10:06:00.000000000,101313,300,101184,300,101336,300,101133,300,101429,100,101122,100,101451,100,101115,100,101515,100,101084,100,101714,100,101057,100,101836,100,100993,100,101845,100,100944,100,,,100808,100,,,100649,100
2019-06-28 10:06:10.000000000,101313,236,101184,236,101336,232,101133,232,101429,232,101122,232,101451,100,101115,100,101515,100,101084,100,101714,100,101057,100,101836,100,100993,100,101845,100,100944,100,,,100808,100,,,100649,100
2019-06-28 10:06:16.768537687,101313,236,101184,236,101336,232,101164,100,101429,232,101133,232,101451,100,101122,232,101515,100,101115,100,101714,100,101084,100,101836,100,101057,100,101845,100,100993,100,,,100944,100,,,100808,100
2019-06-28 10:06:20.000000000,101313,500,101184,500,101336,100,101164,100,101429,100,101133,100,101451,100,101122,100,101515,100,101115,100,101714,100,101084,100,101836,100,101057,100,101845,100,100993,100,,,100944,100,,,100808,100
2019-06-28 10:06:28.537896464,101313,500,101228,100,101336,100,101184,500,101429,100,101164,100,101451,100,101133,100,101515,100,101122,100,101714,100,101115,100,101836,100,101084,100,101845,100,101057,100,,,100993,100,,,100944,100
2019-06-28 10:06:30.000000000,101313,500,101228,500,101336,100,101184,100,101429,100,101164,100,101451,100,101133,100,101515,100,101122,100,101714,100,101115,100,101836,100,101084,100,101845,100,101057,100,,,100993,100,,,100944,100
2019-06-28 10:06:40.000000000,101313,200,101228,200,101336,200,101184,200,101429,200,101164,200,101451,200,101133,200,101515,100,101122,100,101714,100,101115,100,101836,100,101084,100,101845,100,101057,100,,,100993,100,,,100944,100
2019-06-28 10:06:49.544887074,101312,100,101228,200,101313,200,101184,200,101336,200,101164,200,101429,200,101133,200,101451,200,101122,100,101515,100,101115,100,101714,100,101084,100,101836,100,101057,100,101845,100,100993,100,,,100944,100
2019-06-28 10:06:50.000000000,101312,236,101228,236,101313,232,101184,232,101336,232,101164,232,101429,100,101133,100,101451,100,101122,100,101515,100,101115,100,101714,100,101084,100,101836,100,101057,100,101845,100,100993,100,,,100944,100
2019-06-28 10:07:00.000000000,101312,236,101228,236,101313,232,101184,232,101336,232,101164,232,101429,100,101133,100,101451,100,101122,100,101515,100,101115,100,101714,100,101084,100,101836,100,101057,100,101845,100,100993,100,,,100944,100
2019-06-28 10:07:10.000000000,101312,300,101228,300,101313,300,101184,300,101336,100,101164,100,101429,100,101133,100,101451,100,101122,100,101515,100,101115,100,101714,100,101084,100,101836,100,101057,100,101845,100,100993,100,,,100944,100
2019-06-28 10:07:20.000000000,101312,300,101228,300,101313,300,101184,300,101336,100,101164,100,101429,100,101133,100,101451,100,101122,100,101515,100,101115,100,101714,100,101084,100,101836,100,101057,100,101845,100,100993,100,,,100944,100
2019-06-28 10:07:23.697032658,101312,300,101228,300,101313,200,101184,300,101336,100,101164,100,101429,100,101133,100,101451,100,101122,100,101515,100,101115,100,101714,100,101084,100,101836,100,101057,100,101845,100,100993,100,,,100944,100
2019-06-28 10:07:30.000000000,101312,180,101228,180,101336,180,101184,180,101429,180,101164,180,101451,180,101133,180,101515,180,101122,180,101714,100,101115,100,101836,100,101084,100,101845,100,101057,100,,,100993,100,,,100944,100
2019-06-28 10:07:40.000000000,101312,200,101228,200,101336,200,101184,200,101429,200,101164,200,101451,200,101133,200,101515,100,101122,100,101714,100,101115,100,101836,100,101084,100,101845,100,101057,100,,,100993,100,,,100944,100
2019-06-28 10:07:50.000000000,101312,300,101228,300,101336,300,101184,300,101429,100,101164,100,101451,100,101133,100,101515,100,101122,100,101714,100,101115,100,101836,100,101084,100,101845,100,101057,100,,,100993,100,,,100944,100
2019-06-28 10:07:57.649857054,101312,300,101228,200,101336,300,101184,300,101429,100,101164,100,101451,100,101122,100,101515,100,101115,100,101714,100,101084,100,101836,100,101057,100,101845,100,100993,100,,,100944,100,,,100808,100
