,ask_price_1,ask_size_1,bid_price_1,bid_size_1,ask_price_2,ask_size_2,bid_price_2,bid_size_2,ask_price_3,ask_size_3,bid_price_3,bid_size_3,ask_price_4,ask_size_4,bid_price_4,bid_size_4,ask_price_5,ask_size_5,bid_price_5,bid_size_5,ask_price_6,ask_size_6,bid_price_6,bid_size_6,ask_price_7,ask_size_7,bid_price_7,bid_size_7,ask_price_8,ask_size_8,bid_price_8,bid_size_8,ask_price_9,ask_size_9,bid_price_9,bid_size_9,ask_price_10,ask_size_10,bid_price_10,bid_size_10
2019-06-28 09:30:00.000000000,100030,100,,,,,,,,,,,,,,,,,,,,,,,,,,,,,,,,,,,,,,
2019-06-28 09:30:00.000000004,100030,100,,,100074,100,,,,,,,,,,,,,,,,,,,,,,,,,,,,,,,,,,
2019-06-28 09:30:00.000000006,100030,100,99939,100,100074,100,,,,,,,,,,,,,,,,,,,,,,,,,,,,,,,,,,
2019-06-28 09:30:00.000000007,100030,100,99939,100,100074,100,,,100089,100,,,,,,,,,,,,,,,,,,,,,,,,,,,,,,
2019-06-28 09:30:00.000000008,100074,100,100051,100,100089,100,99939,100,,,,,,,,,,,,,,,,,,,,,,,,,,,,,,,,
2019-06-28 09:30:00.000000009,100074,100,100051,100,100089,100,99939,100,,,99923,100,,,,,,,,,,,,,,,,,,,,,,,,,,,,
2019-06-28 09:30:00.000000012,100074,100,100051,100,100089,100,99939,100,,,99936,100,,,99923,100,,,,,,,,,,,,,,,,,,,,,,,,
2019-06-28 09:30:00.000000014,100074,100,99939,100,100089,100,99936,100,,,99923,100,,,,,,,,,,,,,,,,,,,,,,,,,,,,
2019-06-28 09:30:00.000000017,100037,100,99939,100,100074,100,99936,100,100089,100,99923,100,,,,,,,,,,,,,,,,,,,,,,,,,,,,
2019-06-28 09:30:00.000000018,100024,100,99939,100,100037,100,99936,100,100074,100,99923,100,100089,100,,,,,,,,,,,,,,,,,,,,,,,,,,
2019-06-28 09:30:00.000000020,99943,100,99939,100,99994,100,99936,100,100024,100,99923,100,100037,100,,,100074,100,,,100089,100,,,,,,,,,,,,,,,,,,
2019-06-28 09:30:00.000000025,99943,100,99939,100,99994,100,99936,100,100024,100,99923,100,100037,100,,,100074,100,,,100089,100,,,100210,100,,,,,,,,,,,,,,
2019-06-28 09:30:00.000000026,99943,100,99939,100,99994,100,99936,100,100024,100,99923,100,100037,100,,,100051,100,,,100074,100,,,100089,100,,,100210,100,,,,,,,,,,
2019-06-28 09:30:00.000000028,99943,100,99939,100,99994,100,99936,100,100024,100,99923,100,100037,100,,,100051,100,,,100068,100,,,100074,100,,,100089,100,,,100210,100,,,,,,
2019-06-28 09:30:00.000000029,99994,100,99943,100,100024,100,99939,100,100037,100,99936,100,100051,200,99923,100,100068,100,,,100074,100,,,100089,100,,,100210,100,,,,,,,,,,
2019-06-28 09:30:00.000000032,99994,100,99943,100,100023,100,99939,100,100024,100,99936,100,100037,100,99923,100,100051,200,,,100068,100,,,100074,100,,,100089,100,,,100210,100,,,,,,
2019-06-28 09:30:00.000000038,99994,100,99943,100,100008,100,99939,100,100023,100,99936,100,100024,100,99923,100,100037,100,,,100051,200,,,100068,100,,,100074,100,,,100089,100,,,100210,100,,
2019-06-28 09:30:00.000000040,99994,100,99943,100,100008,100,99939,100,100023,100,99936,100,100024,100,99923,100,100037,100,99877,100,100051,200,,,100068,100,,,100074,100,,,100089,100,,,100210,100,,
2019-06-28 09:30:00.000000041,99994,100,99943,100,100008,100,99939,100,100023,100,99936,100,100024,100,99923,100,100037,100,99877,100,100051,200,,,100062,100,,,100068,100,,,100074,100,,,100089,100,,
2019-06-28 09:30:00.000000043,99994,100,99943,200,100008,100,99939,100,100023,100,99936,100,100024,100,99923,100,100037,100,99877,100,100051,200,,,100062,100,,,100068,100,,,100074,100,,,100089,100,,
2019-06-28 09:30:00.000000045,99994,100,99943,200,100008,100,99939,100,100023,100,99936,100,100024,100,99923,100,100037,100,99877,100,100051,200,,,100062,100,,,100068,100,,,100074,100,,,100089,100,,
2019-06-28 09:30:00.000000047,99994,100,99974,100,100008,100,99943,200,100023,100,99939,100,100024,100,99936,100,100037,100,99923,100,100051,200,99877,100,100062,100,,,100068,100,,,100074,100,,,100089,100,,
2019-06-28 09:30:00.000000050,99994,100,99974,100,100008,100,99943,300,100023,100,99939,100,100024,100,99936,100,100037,100,99923,100,100051,200,99877,100,100062,100,,,100068,100,,,100074,100,,,100089,100,,
2019-06-28 09:30:00.000000051,99994,100,99974,100,100008,100,99943,300,100023,100,99939,100,100024,100,99936,100,100037,100,99923,100,100051,200,99877,100,100062,100,,,100068,100,,,100074,100,,,100089,100,,
2019-06-28 09:30:00.000000053,100008,100,99974,100,100023,100,99943,300,100024,100,99939,100,100037,100,99936,100,100051,200,99923,100,100062,100,99877,100,100065,100,,,100068,100,,,100074,100,,,100089,100,,
2019-06-28 09:30:00.000000054,100001,100,99974,100,100008,100,99943,300,100023,100,99939,100,100024,100,99936,100,100037,100,99923,100,100051,200,99877,100,100062,100,,,100065,100,,,100068,100,,,100074,100,,
2019-06-28 09:30:00.000000055,100001,100,99975,100,100008,100,99974,100,100023,100,99943,300,100024,100,99939,100,100037,100,99936,100,100051,200,99923,100,100062,100,99877,100,100065,100,,,100068,100,,,100074,100,,
2019-06-28 09:30:00.000000056,100001,100,99975,100,100008,100,99974,100,100023,100,99943,300,100024,100,99939,100,100037,100,99938,100,100051,200,99936,100,100062,100,99923,100,100065,100,99877,100,100068,100,,,100074,100,,
2019-06-28 09:30:00.000000057,100001,100,99975,100,100008,100,99974,100,100023,100,99943,300,100024,100,99939,100,100037,100,99938,100,100051,200,99936,100,100062,100,99923,100,100065,100,99877,100,100068,100,,,100074,100,,
2019-06-28 09:30:00.000000060,100001,100,99975,100,100008,100,99974,100,100023,100,99943,300,100024,100,99939,100,100037,100,99938,100,100051,200,99936,100,100062,100,99923,100,100065,100,99877,100,100068,100,,,100074,100,,
2019-06-28 09:30:00.000000061,100001,100,99975,100,100008,100,99974,100,100023,100,99943,300,100024,100,99939,100,100037,100,99938,100,100051,200,99936,100,100062,100,99923,100,100065,100,99914,100,100068,100,99877,100,100074,100,,
2019-06-28 09:30:00.000000062,100001,100,99978,100,100008,100,99975,100,100023,100,99974,100,100024,100,99943,300,100037,100,99939,100,100051,200,99938,100,100062,100,99936,100,100065,100,99923,100,100068,100,99914,100,100074,100,99877,100
2019-06-28 09:30:00.000000063,100001,100,99978,100,100008,100,99975,100,100023,100,99974,100,100024,100,99944,100,100037,100,99943,300,100051,200,99939,100,100062,100,99938,100,100065,100,99936,100,100068,100,99923,100,100074,100,99914,100
2019-06-28 09:30:00.000000065,100008,100,99978,100,100023,100,99975,100,100024,100,99974,100,100037,100,99944,100,100051,200,99943,300,100062,100,99939,100,100065,100,99938,100,100068,100,99936,100,100074,100,99923,100,100078,100,99914,100
2019-06-28 09:30:00.000000066,100008,100,99975,100,100023,100,99974,100,100024,100,99944,100,100037,100,99943,300,100051,200,99939,100,100062,100,99938,100,100065,100,99936,100,100068,100,99923,100,100074,100,99914,100,100078,100,99885,100
2019-06-28 09:30:00.000000067,100008,100,99975,100,100023,100,99974,100,100024,100,99944,100,100037,100,99943,300,100051,200,99939,100,100062,100,99938,100,100065,100,99936,100,100068,100,99923,100,100074,100,99914,100,100078,100,99897,100
2019-06-28 09:30:00.000000068,100001,100,99975,100,100008,100,99974,100,100023,100,99944,100,100024,100,99943,300,100037,100,99939,100,100051,200,99938,100,100062,100,99936,100,100065,100,99923,100,100068,100,99914,100,100074,100,99903,100
2019-06-28 09:30:00.000000071,100001,100,99975,100,100008,100,99974,100,100023,100,99973,100,100024,100,99944,100,100037,100,99943,300,100051,200,99939,100,100062,100,99938,100,100065,100,99936,100,100068,100,99923,100,100074,100,99914,100
2019-06-28 09:30:00.000000073,100001,100,99975,100,100008,100,99974,100,100023,100,99973,100,100024,100,99944,100,100037,100,99943,300,100041,100,99939,100,100051,200,99938,100,100062,100,99936,100,100065,100,99923,100,100068,100,99914,100
2019-06-28 09:30:00.000000080,100001,100,99975,100,100008,100,99974,100,100023,100,99973,100,100024,100,99944,100,100037,100,99943,300,100041,100,99939,100,100051,200,99938,100,100062,100,99936,100,100065,100,99923,100,100068,100,99914,100
2019-06-28 09:30:00.000000084,100001,100,99978,100,100008,100,99975,100,100023,100,99974,100,100024,100,99973,100,100037,100,99955,100,100041,100,99944,100,100051,200,99943,300,100062,100,99939,100,100065,100,99938,100,100068,100,99936,100
2019-06-28 09:30:00.000000085,100001,100,99978,100,100008,100,99975,100,100023,100,99974,100,100024,100,99973,100,100037,100,99955,200,100041,100,99944,100,100051,200,99943,300,100062,100,99939,100,100065,100,99938,100,100068,100,99936,100
2019-06-28 09:30:00.000000087,100001,100,99978,100,100008,100,99975,100,100023,100,99974,100,100024,100,99973,100,100037,100,99957,100,100041,100,99955,200,100051,200,99944,100,100062,100,99943,300,100065,100,99939,100,100068,100,99938,100
2019-06-28 09:30:00.000000088,100001,100,99978,100,100008,100,99975,100,100023,100,99974,100,100024,100,99973,100,100037,100,99957,100,100041,100,99955,200,100051,200,99944,100,100062,100,99943,300,100065,100,99941,100,100068,100,99939,100
2019-06-28 09:30:00.000000089,100001,100,99978,100,100008,100,99975,100,100023,100,99974,100,100024,100,99973,100,100037,100,99957,100,100041,100,99955,200,100051,200,99944,100,100062,100,99943,300,100065,100,99941,100,100068,100,99939,100
2019-06-28 09:30:00.000000091,100001,100,99978,100,100008,100,99975,100,100023,100,99974,100,100024,100,99973,100,100037,100,99957,100,100041,100,99955,200,100051,200,99944,100,100062,100,99943,300,100065,200,99941,100,100068,100,99939,100
2019-06-28 09:30:00.000000092,100001,100,99978,100,100008,100,99975,100,100023,100,99974,100,100024,100,99973,100,100037,100,99957,100,100041,100,99955,200,100051,200,99944,100,100062,100,99943,300,100065,200,99941,100,100068,100,99939,100
2019-06-28 09:30:00.000000096,100001,100,99978,100,100008,100,99975,100,100023,100,99974,100,100024,100,99973,100,100037,100,99957,100,100041,100,99955,200,100051,200,99944,100,100062,100,99943,300,100065,200,99941,100,100068,100,99939,100
2019-06-28 09:30:00.000000098,100001,100,99975,100,100008,100,99974,100,100023,100,99973,100,100024,100,99957,100,100037,100,99955,200,100041,100,99944,100,100051,200,99943,300,100062,100,99941,100,100065,200,99939,100,100068,100,99938,100
2019-06-28 09:30:00.000000099,100001,100,99984,100,100008,100,99976,100,100023,100,99975,100,100024,100,99974,100,100037,100,99973,100,100041,100,99957,100,100051,200,99955,200,100062,100,99944,100,100065,200,99943,300,100068,100,99942,100
2019-06-28 09:30:00.141474350,100001,100,99984,100,100008,100,99976,100,100023,100,99975,100,100024,100,99974,100,100037,100,99973,100,100041,100,99957,100,100051,200,99955,200,100062,100,99944,100,100065,100,99943,300,100068,100,99942,100
2019-06-28 09:30:01.539578360,100001,100,99984,100,100008,100,99978,100,100023,100,99976,100,100024,100,99975,100,100037,100,99974,100,100041,100,99973,100,100051,200,99957,100,100062,100,99955,200,100065,100,99944,100,100068,100,99943,200
2019-06-28 09:30:10.000000000,100001,252,99984,252,100008,252,99978,252,100023,100,99976,100,100024,100,99975,100,100037,100,99974,100,100041,100,99973,100,100051,200,99957,100,100062,100,99955,200,100065,100,99944,100,100068,100,99943,200
2019-06-28 09:30:14.654376267,100001,252,99984,252,100008,252,99978,252,100023,100,99976,100,100024,100,99975,100,100027,100,99974,100,100037,100,99973,100,100041,100,99957,100,100051,200,99955,200,100062,100,99944,100,100065,100,99943,200
2019-06-28 09:30:20.000000000,100001,203,99984,203,100008,200,99978,200,100023,200,99976,200,100024,100,99975,100,100027,100,99974,100,100037,100,99973,100,100041,100,99957,100,100051,200,99955,200,100062,100,99944,100,100065,100,99943,200
2019-06-28 09:30:30.000000000,100001,404,99984,404,100008,100,99978,100,100023,100,99976,100,100024,100,99975,100,100027,100,99974,100,100037,100,99973,100,100041,100,99957,100,100051,200,99955,200,100062,100,99944,100,100065,100,99943,200
2019-06-28 09:30:33.162168277,100001,404,99984,404,100008,100,99978,100,100023,100,99976,100,100024,100,99975,100,100027,100,99974,100,100037,100,99973,100,100041,100,99957,100,100051,200,99955,200,100062,100,99944,100,100065,100,99943,200
2019-06-28 09:30:40.000000000,100001,161,99984,161,100008,161,99978,161,100023,161,99976,161,100024,161,99975,161,100027,161,99974,161,100037,100,99973,100,100041,100,99957,100,100051,200,99955,200,100062,100,99944,100,100065,100,99943,200
2019-06-28 09:30:50.000000000,100001,252,99984,252,100008,252,99978,252,100023,100,99976,100,100024,100,99975,100,100027,100,99974,100,100037,100,99973,100,100041,100,99957,100,100051,200,99955,200,100062,100,99944,100,100065,100,99943,200
2019-06-28 09:31:00.000000000,100001,404,99984,404,100008,100,99978,100,100023,100,99976,100,100024,100,99975,100,100027,100,99974,100,100037,100,99973,100,100041,100,99957,100,100051,200,99955,200,100062,100,99944,100,100065,100,99943,200
2019-06-28 09:31:00.778788222,100001,404,99984,304,100008,100,99978,100,100023,100,99976,100,100024,100,99975,100,100027,100,99974,100,100037,100,99973,100,100041,100,99955,200,100051,200,99944,100,100062,100,99943,200,100065,100,99942,100
2019-06-28 09:31:06.434486924,100001,404,99984,304,100008,100,99978,100,100023,100,99976,100,100024,100,99975,100,100027,100,99974,100,100037,100,99973,100,100041,100,99955,200,100051,200,99944,100,100062,100,99943,200,100065,100,99942,100
2019-06-28 09:31:08.584812808,100001,404,99984,204,100008,100,99978,100,100023,100,99976,100,100024,100,99975,100,100027,100,99974,100,100037,100,99973,100,100051,200,99955,200,100062,100,99944,100,100065,100,99943,200,100068,100,99942,100
2019-06-28 09:31:10.000000000,100001,176,99978,176,100008,176,99976,176,100023,176,99975,176,100024,176,99974,176,100027,100,99973,100,100037,100,99955,200,100051,200,99944,100,100062,100,99943,200,100065,100,99942,100,100068,100,99941,100
2019-06-28 09:31:15.597255626,100001,176,99978,76,100008,176,99976,176,100023,176,99975,176,100024,176,99974,176,100027,100,99973,100,100037,100,99955,200,100051,200,99944,100,100062,100,99943,200,100065,100,99942,100,100068,100,99941,100
2019-06-28 09:31:20.000000000,100001,203,99976,203,100008,200,99975,200,100023,200,99974,200,100024,100,99973,100,100027,100,99955,200,100037,100,99944,100,100051,200,99943,200,100062,100,99942,100,100065,100,99941,100,100068,100,99940,100
2019-06-28 09:31:26.930241584,100001,203,99976,203,100008,200,99975,200,100023,200,99974,200,100024,100,99973,100,100027,100,99955,200,100037,100,99944,100,100051,200,99943,200,100062,100,99942,100,100065,100,99941,100,100068,100,99940,100
2019-06-28 09:31:29.778072721,100001,203,99976,103,100008,200,99975,200,100023,200,99974,200,100024,100,99973,100,100027,100,99955,200,100037,100,99944,100,100051,200,99943,200,100062,100,99942,100,100065,100,99941,100,100068,100,99940,100
2019-06-28 09:31:30.000000000,100001,252,99975,252,100008,252,99974,252,100023,100,99973,100,100024,100,99955,200,100027,100,99944,100,100037,100,99943,200,100051,200,99942,100,100062,100,99941,100,100065,100,99940,100,100068,100,99939,100
2019-06-28 09:31:40.000000000,100001,404,99975,404,100008,100,99974,100,100023,100,99973,100,100024,100,99955,200,100027,100,99944,100,100037,100,99943,200,100051,200,99942,100,100062,100,99941,100,100065,100,99940,100,100068,100,99939,100
2019-06-28 09:31:50.000000000,100001,252,99975,252,100008,252,99974,252,100023,100,99973,100,100024,100,99955,200,100027,100,99944,100,100037,100,99943,200,100051,200,99942,100,100062,100,99941,100,100065,100,99940,100,100068,100,99939,100
2019-06-28 09:32:00.000000000,100001,161,99975,161,100008,161,99974,161,100023,161,99973,161,100024,161,99955,261,100027,161,99944,161,100037,100,99943,200,100051,200,99942,100,100062,100,99941,100,100065,100,99940,100,100068,100,99939,100
2019-06-28 09:32:10.000000000,100001,252,99975,252,100008,252,99974,252,100023,100,99973,100,100024,100,99955,200,100027,100,99944,100,100037,100,99943,200,100051,200,99942,100,100062,100,99941,100,100065,100,99940,100,100068,100,99939,100
2019-06-28 09:32:10.719872860,100001,252,99975,252,100008,152,99974,252,100023,100,99973,100,100024,100,99955,200,100027,100,99944,100,100037,100,99943,200,100051,200,99942,100,100062,100,99941,100,100065,100,99940,100,100068,100,99939,100
2019-06-28 09:32:20.000000000,100001,252,99975,252,100023,252,99974,252,100024,100,99973,100,100027,100,99955,200,100037,100,99944,100,100051,200,99943,200,100062,100,99942,100,100065,100,99941,100,100068,100,99940,100,100073,100,99939,100
2019-06-28 09:32:30.000000000,100001,404,99975,404,100023,100,99974,100,100024,100,99973,100,100027,100,99955,200,100037,100,99944,100,100051,200,99943,200,100062,100,99942,100,100065,100,99941,100,100068,100,99940,100,100073,100,99939,100
2019-06-28 09:32:40.000000000,100001,252,99975,252,100023,252,99974,252,100024,100,99973,100,100027,100,99955,200,100037,100,99944,100,100051,200,99943,200,100062,100,99942,100,100065,100,99941,100,100068,100,99940,100,100073,100,99939,100
2019-06-28 09:32:50.000000000,100001,176,99975,176,100023,176,99974,176,100024,176,99973,176,100027,176,99955,276,100037,100,99944,100,100051,200,99943,200,100062,100,99942,100,100065,100,99941,100,100068,100,99940,100,100073,100,99939,100
2019-06-28 09:33:00.000000000,100001,252,99975,252,100023,252,99974,252,100024,100,99973,100,100027,100,99955,200,100037,100,99944,100,100051,200,99943,200,100062,100,99942,100,100065,100,99941,100,100068,100,99940,100,100073,100,99939,100
2019-06-28 09:33:02.131459881,100001,252,99975,252,100023,252,99974,252,100024,100,99973,100,100027,100,99955,200,100037,100,99944,100,100051,200,99943,200,100062,100,99942,100,100065,100,99941,100,100068,100,99940,100,100073,100,99939,100
2019-06-28 09:33:10.000000000,100001,203,99975,203,100023,200,99974,200,100024,200,99973,200,100027,100,99955,200,100037,100,99944,100,100051,200,99943,200,100062,100,99942,100,100065,100,99941,100,100068,100,99940,100,100073,100,99939,100
2019-06-28 09:33:20.000000000,100001,252,99975,252,100023,252,99974,252,100024,100,99973,100,100027,100,99955,200,100037,100,99944,100,100051,200,99943,200,100062,100,99942,100,100065,100,99941,100,100068,100,99940,100,100073,100,99939,100
2019-06-28 09:33:21.319362522,100001,252,99975,252,100023,252,99974,252,100024,100,99973,100,100027,100,99955,200,100037,100,99944,100,100051,200,99943,200,100062,100,99942,100,100065,100,99941,100,100068,100,99940,100,100073,100,99939,100
2019-06-28 09:33:22.105703062,100001,252,99975,152,100023,252,99974,252,100024,100,99973,100,100027,100,99955,200,100037,100,99944,100,100051,200,99943,200,100062,100,99942,100,100065,100,99941,100,100068,100,99940,100,100073,100,99939,100
2019-06-28 09:33:30.000000000,100001,176,99974,176,100023,176,99973,176,100024,176,99955,276,100027,176,99944,176,100037,100,99943,200,100051,200,99942,100,100062,100,99941,100,100065,100,99940,100,100068,100,99939,100,100073,100,99938,100
2019-06-28 09:33:40.000000000,100001,176,99974,176,100023,176,99973,176,100024,176,99955,276,100027,176,99944,176,100037,100,99943,200,100051,200,99942,100,100062,100,99941,100,100065,100,99940,100,100068,100,99939,100,100073,100,99938,100
2019-06-28 09:33:50.000000000,100001,203,99974,203,100023,200,99973,200,100024,200,99955,300,100027,100,99944,100,100037,100,99943,200,100051,200,99942,100,100062,100,99941,100,100065,100,99940,100,100068,100,99939,100,100073,100,99938,100
2019-06-28 09:33:53.788461029,100001,203,99974,203,100023,200,99973,200,100024,200,99955,300,100027,100,99944,100,100037,100,99943,200,100051,200,99942,100,100062,100,99941,100,100065,100,99940,100,100068,100,99939,100,100073,100,99938,100
2019-06-28 09:34:00.000000000,100001,252,99974,252,100023,252,99973,252,100024,100,99955,200,100027,100,99944,100,100037,100,99943,200,100051,200,99942,100,100062,100,99941,100,100065,100,99940,100,100068,100,99939,100,100073,100,99938,100
2019-06-28 09:34:10.000000000,100001,203,99974,203,100023,200,99973,200,100024,200,99955,300,100027,100,99944,100,100037,100,99943,200,100051,200,99942,100,100062,100,99941,100,100065,100,99940,100,100068,100,99939,100,100073,100,99938,100
2019-06-28 09:34:13.041992208,100001,203,99974,203,100023,200,99973,200,100024,200,99955,300,100027,100,99944,100,100037,100,99943,200,100051,200,99941,100,100062,100,99940,100,100065,100,99939,100,100068,100,99938,100,100073,100,99936,100
2019-06-28 09:34:20.000000000,100001,252,99974,252,100023,252,99973,252,100024,100,99955,200,100027,100,99944,100,100037,100,99943,200,100051,200,99941,100,100062,100,99940,100,100065,100,99939,100,100068,100,99938,100,100073,100,99936,100
2019-06-28 09:34:30.000000000,100001,161,99974,161,100023,161,99973,161,100024,161,99955,261,100027,161,99944,161,100037,161,99943,261,100051,200,99941,100,100062,100,99940,100,100065,100,99939,100,100068,100,99938,100,100073,100,99936,100
2019-06-28 09:34:40.000000000,100001,176,99974,176,100023,176,99973,176,100024,176,99955,276,100027,176,99944,176,100037,100,99943,200,100051,200,99941,100,100062,100,99940,100,100065,100,99939,100,100068,100,99938,100,100073,100,99936,100
2019-06-28 09:34:41.375073704,99978,100,99974,176,100001,76,99973,176,100023,176,99955,276,100024,176,99944,176,100027,176,99943,200,100037,100,99941,100,100051,200,99940,100,100062,100,99939,100,100065,100,99938,100,100068,100,99936,100
2019-06-28 09:34:48.988576661,99978,100,99974,76,100001,76,99973,176,100023,176,99955,276,100024,176,99944,176,100027,176,99943,200,100037,100,99941,100,100051,200,99940,100,100062,100,99939,100,100065,100,99938,100,100068,100,99936,100
2019-06-28 09:34:50.000000000,99978,176,99973,176,100023,176,99955,276,100024,176,99944,176,100027,176,99943,276,100037,100,99941,100,100051,200,99940,100,100062,100,99939,100,100065,100,99938,100,100068,100,99936,100,100073,100,99924,100
2019-06-28 09:35:00.000000000,99978,252,99973,252,100023,252,99955,352,100024,100,99944,100,100027,100,99943,200,100037,100,99941,100,100051,200,99940,100,100062,100,99939,100,100065,100,99938,100,100068,100,99936,100,100073,100,99924,100
2019-06-28 09:35:03.419155690,99978,252,99973,152,100023,252,99955,352,100024,100,99944,100,100027,100,99943,200,100037,100,99941,100,100051,200,99940,100,100062,100,99939,100,100065,100,99938,100,100068,100,99936,100,100073,100,99924,100
2019-06-28 09:35:09.752197152,99975,100,99973,152,99978,252,99955,352,100023,252,99944,100,100024,100,99943,200,100027,100,99941,100,100037,100,99940,100,100051,200,99939,100,100062,100,99938,100,100065,100,99936,100,100068,100,99924,100
2019-06-28 09:35:10.000000000,99975,404,99955,504,99978,100,99944,100,100023,100,99943,200,100024,100,99941,100,100027,100,99940,100,100037,100,99939,100,100051,200,99938,100,100062,100,99936,100,100065,100,99924,100,100068,100,99920,100
2019-06-28 09:35:20.000000000,99975,404,99955,504,99978,100,99944,100,100023,100,99943,200,100024,100,99941,100,100027,100,99940,100,100037,100,99939,100,100051,200,99938,100,100062,100,99936,100,100065,100,99924,100,100068,100,99920,100
2019-06-28 09:35:30.000000000,99975,161,99955,261,99978,161,99944,161,100023,161,99943,261,100024,161,99941,161,100027,161,99940,161,100037,100,99939,100,100051,200,99938,100,100062,100,99936,100,100065,100,99924,100,100068,100,99920,100
2019-06-28 09:35:34.288116195,99975,161,99955,261,99978,161,99944,161,100023,161,99943,261,100024,161,99941,161,100027,161,99940,161,100037,100,99939,100,100051,200,99938,100,100062,100,99936,100,100065,100,99924,100,100068,100,99920,100
2019-06-28 09:35:40.000000000,99975,203,99955,303,99978,200,99944,200,100023,200,99943,300,100024,100,99941,100,100027,100,99940,100,100037,100,99939,100,100051,200,99938,100,100062,100,99936,100,100065,100,99924,100,100068,100,99920,100
2019-06-28 09:35:50.000000000,99975,203,99955,303,99978,200,99944,200,100023,200,99943,300,100024,100,99941,100,100027,100,99940,100,100037,100,99939,100,100051,200,99938,100,100062,100,99936,100,100065,100,99924,100,100068,100,99920,100
2019-06-28 09:36:00.000000000,99975,176,99955,276,99978,176,99944,176,100023,176,99943,276,100024,176,99941,176,100027,100,99940,100,100037,100,99939,100,100051,200,99938,100,100062,100,99936,100,100065,100,99924,100,100068,100,99920,100
2019-06-28 09:36:01.033184427,99975,176,99955,176,99978,176,99944,176,100023,176,99943,276,100024,176,99941,176,100027,100,99940,100,100037,100,99939,100,100051,200,99938,100,100062,100,99936,100,100065,100,99924,100,100068,100,99920,100
2019-06-28 09:36:10.000000000,99975,161,99955,161,99978,161,99944,161,100023,161,99943,261,100024,161,99941,161,100027,161,99940,161,100037,100,99939,100,100051,200,99938,100,100062,100,99936,100,100065,100,99924,100,100068,100,99920,100
2019-06-28 09:36:20.000000000,99975,252,99955,252,99978,252,99944,252,100023,100,99943,200,100024,100,99941,100,100027,100,99940,100,100037,100,99939,100,100051,200,99938,100,100062,100,99936,100,100065,100,99924,100,100068,100,99920,100
2019-06-28 09:36:28.181829673,99975,252,99955,252,99978,252,99944,252,100023,100,99943,200,100024,100,99941,100,100027,100,99940,100,100037,100,99939,100,100051,200,99938,100,100062,100,99936,100,100065,100,99924,100,100068,100,99920,100
2019-06-28 09:36:28.261765131,99975,252,99955,252,99978,252,99944,252,100023,100,99943,200,100024,100,99941,100,100027,100,99940,100,100037,100,99939,100,100051,200,99938,100,100062,100,99936,100,100065,100,99924,100,100068,100,99920,100
2019-06-28 09:36:30.000000000,99975,161,99955,161,99978,161,99944,161,100023,161,99943,261,100024,161,99941,161,100027,161,99940,161,100037,100,99939,100,100051,200,99938,100,100062,100,99936,100,100065,100,99924,100,100068,100,99920,100
2019-06-28 09:36:30.651399466,99975,161,99955,61,99978,161,99944,161,100023,161,99943,261,100024,161,99941,161,100027,161,99940,61,100037,100,99939,100,100051,200,99938,100,100062,100,99936,100,100065,100,99924,100,100068,100,99920,100
2019-06-28 09:36:36.079658722,99955,39,99944,161,99975,161,99943,261,99978,161,99941,161,100023,161,99940,61,100024,161,99939,100,100027,161,99938,100,100037,100,99936,100,100051,200,99924,100,100062,100,99920,100,100065,100,99914,100
2019-06-28 09:36:36.477632801,99955,39,99944,161,99975,161,99943,261,99978,161,99941,161,100023,161,99940,61,100024,161,99939,100,100027,161,99938,100,100037,100,99936,100,100051,200,99924,100,100062,100,99920,100,100065,100,99914,100
2019-06-28 09:36:40.000000000,99955,115,99944,176,99975,176,99943,276,99978,176,99941,176,100023,176,99939,176,100024,100,99938,100,100027,100,99936,100,100037,100,99924,100,100051,200,99920,100,100062,100,99914,100,100065,100,99903,100
2019-06-28 09:36:50.000000000,99955,191,99944,252,99975,252,99943,352,99978,100,99941,100,100023,100,99939,100,100024,100,99938,100,100027,100,99936,100,100037,100,99924,100,100051,200,99920,100,100062,100,99914,100,100065,100,99903,100
2019-06-28 09:36:53.989000844,99955,191,99944,252,99975,252,99943,352,99978,100,99941,100,100023,100,99939,100,100024,100,99938,100,100027,100,99936,100,100037,100,99924,100,100051,200,99920,100,100062,100,99914,100,100065,100,99903,100
2019-06-28 09:37:00.000000000,99955,142,99944,203,99975,200,99943,300,99978,200,99941,200,100023,100,99939,100,100024,100,99938,100,100027,100,99936,100,100037,100,99924,100,100051,200,99920,100,100062,100,99914,100,100065,100,99903,100
2019-06-28 09:37:08.479397284,99955,142,99944,103,99975,200,99943,300,99978,200,99941,200,100023,100,99939,100,100024,100,99938,100,100027,100,99936,100,100037,100,99924,100,100051,200,99920,100,100062,100,99914,100,100065,100,99903,100
2019-06-28 09:37:10.000000000,99955,142,99943,303,99975,200,99941,200,99978,200,99939,200,100023,100,99938,100,100024,100,99936,100,100027,100,99924,100,100037,100,99920,100,100051,200,99914,100,100062,100,99903,100,100065,100,99889,100
2019-06-28 09:37:15.536539371,99954,100,99943,303,99955,142,99941,200,99975,100,99939,200,99978,200,99938,100,100023,100,99936,100,100024,100,99924,100,100027,100,99920,100,100037,100,99914,100,100051,200,99903,100,100062,100,99889,100
2019-06-28 09:37:20.000000000,99954,404,99943,504,99955,39,99941,100,99978,100,99939,100,100023,100,99938,100,100024,100,99936,100,100027,100,99924,100,100037,100,99920,100,100051,200,99914,100,100062,100,99903,100,100065,100,99889,100
2019-06-28 09:37:30.000000000,99954,252,99943,352,99955,191,99941,252,99978,100,99939,100,100023,100,99938,100,100024,100,99936,100,100027,100,99924,100,100037,100,99920,100,100051,200,99914,100,100062,100,99903,100,100065,100,99889,100
2019-06-28 09:37:38.150788154,99954,252,99943,352,99955,191,99941,252,99978,100,99939,100,100023,100,99938,100,100024,100,99936,100,100027,100,99924,100,100037,100,99920,100,100051,200,99914,100,100062,100,99903,100,100065,100,99889,100
2019-06-28 09:37:40.000000000,99954,203,99943,303,99955,139,99941,200,99978,200,99939,200,100023,100,99938,100,100024,100,99936,100,100027,100,99924,100,100037,100,99920,100,100051,200,99914,100,100062,100,99903,100,100065,100,99889,100
2019-06-28 09:37:50.000000000,99954,176,99943,276,99955,115,99941,176,99978,176,99939,176,100023,176,99938,176,100024,100,99936,100,100027,100,99924,100,100037,100,99920,100,100051,200,99914,100,100062,100,99903,100,100065,100,99889,100
2019-06-28 09:38:00.000000000,99954,203,99943,303,99955,139,99941,200,99978,200,99939,200,100023,100,99938,100,100024,100,99936,100,100027,100,99924,100,100037,100,99920,100,100051,200,99914,100,100062,100,99903,100,100065,100,99889,100
2019-06-28 09:38:02.108151212,99954,203,99943,203,99955,139,99941,200,99978,200,99939,200,100023,100,99938,100,100024,100,99936,100,100027,100,99924,100,100037,100,99920,100,100051,200,99914,100,100062,100,99903,100,100065,100,99889,100
2019-06-28 09:38:05.530131382,99954,203,99943,103,99955,139,99941,200,99978,200,99939,200,100023,100,99938,100,100024,100,99936,100,100027,100,99924,100,100037,100,99920,100,100051,200,99914,100,100062,100,99903,100,100065,100,99889,100
2019-06-28 09:38:10.000000000,99954,252,99941,252,99955,191,99939,252,99978,100,99938,100,100023,100,99936,100,100024,100,99924,100,100027,100,99920,100,100037,100,99914,100,100051,200,99903,100,100062,100,99889,100,100065,100,99885,100
2019-06-28 09:38:12.735968027,99954,252,99941,152,99955,191,99939,252,99978,100,99938,100,100023,100,99936,100,100024,100,99924,100,100027,100,99920,100,100037,100,99914,100,100051,200,99903,100,100062,100,99889,100,100065,100,99885,100
2019-06-28 09:38:20.000000000,99954,203,99939,203,99955,139,99938,200,99978,200,99936,200,100023,100,99924,100,100024,100,99920,100,100027,100,99914,100,100037,100,99903,100,100051,200,99889,100,100062,100,99885,100,100065,100,99514,100
2019-06-28 09:38:30.000000000,99954,203,99939,203,99955,139,99938,200,99978,200,99936,200,100023,100,99924,100,100024,100,99920,100,100027,100,99914,100,100037,100,99903,100,100051,200,99889,100,100062,100,99885,100,100065,100,99514,100
2019-06-28 09:38:35.590760254,99954,203,99939,203,99955,139,99938,200,99978,200,99936,200,100023,100,99924,100,100027,100,99920,100,100037,100,99914,100,100051,200,99903,100,100062,100,99889,100,100065,100,99885,100,100074,100,99514,100
2019-06-28 09:38:36.010149765,99954,203,99939,203,99955,139,99938,200,99978,200,99936,200,100023,100,99924,100,100027,100,99920,100,100037,100,99914,100,100051,200,99903,100,100062,100,99889,100,100065,100,99885,100,100074,100,99594,100
2019-06-28 09:38:36.067851697,99954,203,99939,203,99955,139,99938,200,99978,200,99936,100,100023,100,99924,100,100027,100,99920,100,100037,100,99914,100,100051,200,99903,100,100062,100,99889,100,100065,100,99885,100,100074,100,99594,100
2019-06-28 09:38:40.000000000,99954,176,99939,176,99955,115,99938,176,99978,176,99924,176,100023,176,99920,176,100027,100,99914,100,100037,100,99903,100,100051,200,99889,100,100062,100,99885,100,100065,100,99594,100,100074,100,99514,100
2019-06-28 09:38:50.000000000,99954,161,99939,161,99955,100,99938,161,99978,161,99924,161,100023,161,99920,161,100027,161,99914,161,100037,100,99903,100,100051,200,99889,100,100062,100,99885,100,100065,100,99594,100,100074,100,99514,100
2019-06-28 09:38:51.872007865,99954,161,99939,161,99955,100,99938,161,99978,161,99924,161,100023,161,99920,161,100027,161,99914,161,100037,100,99903,100,100051,200,99889,100,100062,100,99885,100,100065,100,99594,100,100074,100,99514,100
2019-06-28 09:39:00.000000000,99954,203,99939,203,99955,139,99938,200,99978,200,99924,200,100023,100,99920,100,100027,100,99914,100,100037,100,99903,100,100051,200,99889,100,100062,100,99885,100,100065,100,99594,100,100074,100,99514,100
2019-06-28 09:39:10.000000000,99954,161,99939,161,99955,100,99938,161,99978,161,99924,161,100023,161,99920,161,100027,161,99914,161,100037,100,99903,100,100051,200,99889,100,100062,100,99885,100,100065,100,99594,100,100074,100,99514,100
2019-06-28 09:39:20.000000000,99954,176,99939,176,99955,115,99938,176,99978,176,99924,176,100023,176,99920,176,100027,100,99914,100,100037,100,99903,100,100051,200,99889,100,100062,100,99885,100,100065,100,99594,100,100074,100,99514,100
2019-06-28 09:39:30.000000000,99954,404,99939,404,99955,39,99938,100,99978,100,99924,100,100023,100,99920,100,100027,100,99914,100,100037,100,99903,100,100051,200,99889,100,100062,100,99885,100,100065,100,99594,100,100074,100,99514,100
2019-06-28 09:39:34.266219900,99954,404,99939,404,99955,39,99938,100,99978,100,99924,100,100023,100,99920,100,100027,100,99914,100,100037,100,99903,100,100051,200,99889,100,100062,100,99885,100,100065,100,99594,100,100074,100,99514,100
2019-06-28 09:39:40.000000000,99954,176,99939,176,99955,115,99938,176,99978,176,99924,176,100023,176,99920,176,100027,100,99914,100,100037,100,99903,100,100051,200,99889,100,100062,100,99885,100,100065,100,99594,100,100074,100,99514,100
2019-06-28 09:39:50.000000000,99954,161,99939,161,99955,100,99938,161,99978,161,99924,161,100023,161,99920,161,100027,161,99914,161,100037,100,99903,100,100051,200,99889,100,100062,100,99885,100,100065,100,99594,100,100074,100,99514,100
2019-06-28 09:40:00.000000000,99954,252,99939,252,99955,191,99938,252,99978,100,99924,100,100023,100,99920,100,100027,100,99914,100,100037,100,99903,100,100051,200,99889,100,100062,100,99885,100,100065,100,99594,100,100074,100,99514,100
2019-06-28 09:40:10.000000000,99954,176,99939,176,99955,115,99938,176,99978,176,99924,176,100023,176,99920,176,100027,100,99914,100,100037,100,99903,100,100051,200,99889,100,100062,100,99885,100,100065,100,99594,100,100074,100,99514,100
2019-06-28 09:40:20.000000000,99954,404,99939,404,99955,39,99938,100,99978,100,99924,100,100023,100,99920,100,100027,100,99914,100,100037,100,99903,100,100051,200,99889,100,100062,100,99885,100,100065,100,99594,100,100074,100,99514,100
2019-06-28 09:40:30.000000000,99954,252,99939,252,99955,191,99938,252,99978,100,99924,100,100023,100,99920,100,100027,100,99914,100,100037,100,99903,100,100051,200,99889,100,100062,100,99885,100,100065,100,99594,100,100074,100,99514,100
2019-06-28 09:40:32.391459443,99954,252,99939,252,99955,191,99938,252,99978,100,99924,100,100023,100,99920,100,100027,100,99914,100,100037,100,99903,100,100051,100,99889,100,100062,100,99885,100,100065,100,99594,100,100074,100,99514,100
2019-06-28 09:40:40.000000000,99954,161,99939,161,99955,100,99938,161,99978,161,99924,161,100023,161,99920,161,100027,161,99914,161,100037,100,99903,100,100051,100,99889,100,100062,100,99885,100,100065,100,99594,100,100074,100,99514,100
2019-06-28 09:40:48.298874299,99954,161,99939,161,99955,100,99938,161,99978,161,99924,161,100023,161,99920,161,100027,161,99914,161,100037,100,99903,100,100051,100,99889,100,100062,100,99885,100,100065,100,99594,100,100074,100,99514,100
2019-06-28 09:40:50.000000000,99954,252,99939,252,99955,191,99938,252,99978,100,99924,100,100023,100,99920,100,100027,100,99914,100,100037,100,99903,100,100051,100,99889,100,100062,100,99885,100,100065,100,99594,100,100074,100,99514,100
2019-06-28 09:41:00.000000000,99954,203,99939,203,99955,139,99938,200,99978,200,99924,200,100023,100,99920,100,100027,100,99914,100,100037,100,99903,100,100051,100,99889,100,100062,100,99885,100,100065,100,99594,100,100074,100,99514,100
2019-06-28 09:41:01.802076721,99954,103,99939,203,99955,139,99938,200,99978,200,99924,200,100023,100,99920,100,100027,100,99914,100,100037,100,99903,100,100051,100,99889,100,100062,100,99885,100,100065,100,99594,100,100074,100,99514,100
2019-06-28 09:41:05.818149384,99954,103,99939,203,99955,139,99938,200,99978,200,99924,200,100023,100,99920,100,100027,100,99903,100,100037,100,99889,100,100051,100,99885,100,100062,100,99788,100,100065,100,99594,100,100074,100,99514,100
2019-06-28 09:41:06.559937104,99954,103,99939,203,99955,139,99938,200,99978,200,99924,200,100023,100,99920,100,100027,100,99903,100,100037,100,99889,100,100051,100,99885,100,100062,100,99788,100,100065,100,99594,100,100074,100,99514,100
2019-06-28 09:41:10.000000000,99955,100,99939,161,99978,161,99938,161,100023,161,99924,161,100027,161,99920,161,100037,161,99903,161,100051,100,99889,100,100062,100,99885,100,100065,100,99788,100,100074,100,99594,100,100093,100,99514,100
2019-06-28 09:41:20.000000000,99955,142,99939,203,99978,200,99938,200,100023,200,99924,200,100027,100,99920,100,100037,100,99903,100,100051,100,99889,100,100062,100,99885,100,100065,100,99788,100,100074,100,99594,100,100093,100,99514,100
2019-06-28 09:41:30.000000000,99955,191,99939,252,99978,252,99938,252,100023,100,99924,100,100027,100,99920,100,100037,100,99903,100,100051,100,99889,100,100062,100,99885,100,100065,100,99788,100,100074,100,99594,100,100093,100,99514,100
2019-06-28 09:41:40.000000000,99955,191,99939,252,99978,252,99938,252,100023,100,99924,100,100027,100,99920,100,100037,100,99903,100,100051,100,99889,100,100062,100,99885,100,100065,100,99788,100,100074,100,99594,100,100093,100,99514,100
2019-06-28 09:41:49.573011037,99955,91,99939,252,99978,252,99938,252,100023,100,99924,100,100027,100,99920,100,100037,100,99903,100,100051,100,99889,100,100062,100,99885,100,100065,100,99788,100,100074,100,99514,100,100093,100,99507,100
2019-06-28 09:41:50.000000000,99978,404,99939,404,100023,100,99938,100,100027,100,99924,100,100037,100,99920,100,100051,100,99903,100,100062,100,99889,100,100065,100,99885,100,100074,100,99788,100,100093,100,99514,100,100148,100,99507,100
2019-06-28 09:42:00.000000000,99978,176,99939,176,100023,176,99938,176,100027,176,99924,176,100037,176,99920,176,100051,100,99903,100,100062,100,99889,100,100065,100,99885,100,100074,100,99788,100,100093,100,99514,100,100148,100,99507,100
2019-06-28 09:42:03.195310195,99978,176,99939,176,100023,176,99938,276,100027,176,99924,176,100037,176,99920,176,100051,100,99903,100,100062,100,99889,100,100065,100,99885,100,100074,100,99788,100,100093,100,99514,100,100148,100,99483,100
2019-06-28 09:42:05.453645300,99978,176,99939,176,100005,100,99938,276,100023,176,99924,176,100027,176,99920,176,100037,176,99903,100,100051,100,99889,100,100062,100,99885,100,100065,100,99788,100,100074,100,99514,100,100093,100,99483,100
2019-06-28 09:42:10.000000000,99978,404,99939,404,100005,100,99938,200,100023,100,99924,100,100027,100,99920,100,100037,100,99903,100,100051,100,99889,100,100062,100,99885,100,100065,100,99788,100,100074,100,99514,100,100093,100,99483,100
2019-06-28 09:42:20.000000000,99978,252,99939,252,100005,252,99938,352,100023,100,99924,100,100027,100,99920,100,100037,100,99903,100,100051,100,99889,100,100062,100,99885,100,100065,100,99788,100,100074,100,99514,100,100093,100,99483,100
2019-06-28 09:42:26.011719463,99978,252,99954,100,100005,252,99939,252,100023,100,99938,352,100027,100,99924,100,100037,100,99920,100,100051,100,99903,100,100062,100,99889,100,100065,100,99885,100,100074,100,99788,100,100093,100,99514,100
2019-06-28 09:42:30.000000000,99978,203,99954,203,100005,200,99939,200,100023,200,99938,300,100027,100,99924,100,100037,100,99920,100,100051,100,99903,100,100062,100,99889,100,100065,100,99885,100,100074,100,99788,100,100093,100,99514,100
2019-06-28 09:42:35.648445917,99978,203,99954,203,100005,200,99939,200,100023,200,99938,300,100027,100,99924,100,100037,100,99920,100,100051,100,99903,100,100062,100,99889,200,100065,100,99885,100,100074,100,99514,100,100093,100,99483,100
2019-06-28 09:42:37.509410562,99978,103,99954,203,100005,200,99939,200,100023,200,99938,300,100027,100,99924,100,100037,100,99920,100,100051,100,99903,100,100062,100,99889,200,100065,100,99885,100,100074,100,99514,100,100093,100,99483,100
2019-06-28 09:42:40.000000000,100005,404,99954,404,100023,100,99939,100,100027,100,99938,200,100037,100,99924,100,100051,100,99920,100,100062,100,99903,100,100065,100,99889,200,100074,100,99885,100,100093,100,99514,100,100148,100,99483,100
2019-06-28 09:42:50.000000000,100005,176,99954,176,100023,176,99939,176,100027,176,99938,276,100037,176,99924,176,100051,100,99920,100,100062,100,99903,100,100065,100,99889,200,100074,100,99885,100,100093,100,99514,100,100148,100,99483,100
2019-06-28 09:42:55.507698814,100005,176,99955,100,100023,176,99954,176,100027,176,99939,176,100037,176,99938,276,100051,100,99924,176,100062,100,99920,100,100065,100,99903,100,100074,100,99889,200,100093,100,99885,100,100148,100,99514,100
2019-06-28 09:43:00.000000000,100005,161,99955,161,100023,161,99954,161,100027,161,99939,161,100037,161,99938,261,100051,161,99924,161,100062,100,99920,100,100065,100,99903,100,100074,100,99889,200,100093,100,99885,100,100148,100,99514,100
2019-06-28 09:43:08.784385450,100005,61,99955,161,100023,161,99954,161,100027,61,99939,161,100037,161,99938,261,100051,161,99924,161,100062,100,99920,100,100065,100,99903,100,100074,100,99889,200,100093,100,99885,100,100148,100,99514,100
2019-06-28 09:43:10.000000000,100023,404,99955,404,100037,100,99954,100,100051,100,99939,100,100062,100,99938,200,100065,100,99924,100,100074,100,99920,100,100093,100,99903,100,100148,100,99889,200,100178,100,99885,100,100415,100,99514,100
2019-06-28 09:43:20.000000000,100023,404,99955,404,100037,100,99954,100,100051,100,99939,100,100062,100,99938,200,100065,100,99924,100,100074,100,99920,100,100093,100,99903,100,100148,100,99889,200,100178,100,99885,100,100415,100,99514,100
2019-06-28 09:43:28.598611560,100023,404,99955,404,100037,100,99954,100,100051,100,99939,100,100062,100,99938,200,100065,100,99924,100,100074,100,99920,100,100093,100,99903,100,100148,100,99889,200,100178,100,99885,100,100374,100,99514,100
2019-06-28 09:43:30.000000000,100023,203,99955,203,100037,200,99954,200,100051,200,99939,200,100062,100,99938,200,100065,100,99924,100,100074,100,99920,100,100093,100,99903,100,100148,100,99889,200,100178,100,99885,100,100374,100,99514,100
2019-06-28 09:43:40.000000000,100023,404,99955,404,100037,100,99954,100,100051,100,99939,100,100062,100,99938,200,100065,100,99924,100,100074,100,99920,100,100093,100,99903,100,100148,100,99889,200,100178,100,99885,100,100374,100,99514,100
2019-06-28 09:43:44.102229768,100023,404,99955,304,100037,100,99954,100,100051,100,99939,100,100062,100,99938,200,100065,100,99924,100,100074,100,99920,100,100093,100,99903,100,100148,100,99889,200,100178,100,99885,100,100374,100,99514,100
2019-06-28 09:43:50.000000000,100023,161,99954,161,100037,161,99939,161,100051,161,99938,261,100062,161,99924,161,100065,161,99920,161,100074,100,99903,100,100093,100,99889,200,100148,100,99885,100,100178,100,99514,100,100374,100,99483,100
2019-06-28 09:44:00.000000000,100023,252,99954,252,100037,252,99939,252,100051,100,99938,200,100062,100,99924,100,100065,100,99920,100,100074,100,99903,100,100093,100,99889,200,100148,100,99885,100,100178,100,99514,100,100374,100,99483,100
2019-06-28 09:44:10.000000000,100023,161,99954,161,100037,161,99939,161,100051,161,99938,261,100062,161,99924,161,100065,161,99920,161,100074,100,99903,100,100093,100,99889,200,100148,100,99885,100,100178,100,99514,100,100374,100,99483,100
2019-06-28 09:44:14.895814726,100023,161,99954,161,100037,161,99939,161,100051,161,99938,261,100062,161,99924,161,100065,161,99920,161,100074,100,99903,100,100093,100,99889,200,100148,100,99885,100,100178,100,99730,100,100374,100,99514,100
2019-06-28 09:44:20.000000000,100023,252,99954,252,100037,252,99939,252,100051,100,99938,200,100062,100,99924,100,100065,100,99920,100,100074,100,99903,100,100093,100,99889,200,100148,100,99885,100,100178,100,99730,100,100374,100,99514,100
2019-06-28 09:44:30.000000000,100023,161,99954,161,100037,161,99939,161,100051,161,99938,261,100062,161,99924,161,100065,161,99920,161,100074,100,99903,100,100093,100,99889,200,100148,100,99885,100,100178,100,99730,100,100374,100,99514,100
2019-06-28 09:44:32.848484614,100023,161,99954,61,100037,161,99939,161,100051,161,99938,261,100062,161,99924,161,100065,161,99920,161,100074,100,99903,100,100093,100,99889,200,100148,100,99885,100,100178,100,99730,100,100374,100,99514,100
2019-06-28 09:44:40.000000000,100023,203,99939,203,100037,200,99938,300,100051,200,99924,200,100062,100,99920,100,100065,100,99903,100,100074,100,99889,200,100093,100,99885,100,100148,100,99730,100,100178,100,99514,100,100374,100,99483,100
2019-06-28 09:44:43.470831851,100023,203,99939,203,100037,200,99938,300,100051,200,99924,200,100062,100,99920,100,100065,100,99903,100,100074,100,99889,200,100093,100,99885,100,100148,100,99730,100,100178,100,99727,100,100374,100,99514,100
2019-06-28 09:44:50.000000000,100023,404,99939,404,100037,100,99938,200,100051,100,99924,100,100062,100,99920,100,100065,100,99903,100,100074,100,99889,200,100093,100,99885,100,100148,100,99730,100,100178,100,99727,100,100374,100,99514,100
2019-06-28 09:45:00.000000000,100023,161,99939,161,100037,161,99938,261,100051,161,99924,161,100062,161,99920,161,100065,161,99903,161,100074,100,99889,200,100093,100,99885,100,100148,100,99730,100,100178,100,99727,100,100374,100,99514,100
2019-06-28 09:45:10.000000000,100023,203,99939,203,100037,200,99938,300,100051,200,99924,200,100062,100,99920,100,100065,100,99903,100,100074,100,99889,200,100093,100,99885,100,100148,100,99730,100,100178,100,99727,100,100374,100,99514,100
2019-06-28 09:45:13.402923332,100023,203,99939,103,100037,200,99938,300,100051,200,99924,200,100062,100,99920,100,100065,100,99903,100,100074,100,99889,200,100093,100,99885,100,100148,100,99730,100,100374,100,99727,100,100415,100,99514,100
2019-06-28 09:45:20.000000000,100023,252,99938,352,100037,252,99924,252,100051,100,99920,100,100062,100,99903,100,100065,100,99889,200,100074,100,99885,100,100093,100,99730,100,100148,100,99727,100,100374,100,99514,100,100415,100,99483,100
2019-06-28 09:45:22.139765703,100023,252,99938,352,100037,252,99924,252,100051,100,99920,100,100062,100,99903,100,100065,100,99889,200,100074,100,99885,100,100093,100,99730,100,100148,100,99727,100,100374,100,99636,100,100415,100,99514,100
2019-06-28 09:45:23.849929624,100023,252,99938,252,100037,252,99924,252,100051,100,99920,100,100062,100,99903,100,100065,100,99889,100,100074,100,99885,100,100093,100,99730,100,100148,100,99727,100,100374,100,99636,100,100415,100,99514,100
2019-06-28 09:45:27.554938094,100023,252,99938,252,100037,252,99924,252,100051,100,99920,100,100062,100,99903,100,100065,100,99889,100,100074,100,99885,100,100093,100,99730,100,100148,100,99727,100,100374,100,99636,100,100415,100,99514,100
2019-06-28 09:45:30.000000000,100023,176,99938,176,100037,176,99924,176,100051,176,99920,176,100062,176,99903,176,100065,100,99889,100,100074,100,99885,100,100093,100,99730,100,100148,100,99727,100,100374,100,99636,100,100415,100,99514,100
2019-06-28 09:45:40.000000000,100023,404,99938,404,100037,100,99924,100,100051,100,99920,100,100062,100,99903,100,100065,100,99889,100,100074,100,99885,100,100093,100,99730,100,100148,100,99727,100,100374,100,99636,100,100415,100,99514,100
2019-06-28 09:45:42.843774186,100023,404,99938,404,100037,100,99924,100,100051,100,99920,100,100062,100,99903,100,100065,100,99889,100,100074,100,99885,100,100093,100,99730,100,100148,100,99727,100,100374,100,99636,100,100415,100,99514,100
2019-06-28 09:45:50.000000000,100023,161,99938,161,100037,161,99924,161,100051,161,99920,161,100062,161,99903,161,100065,161,99889,161,100074,100,99885,100,100093,100,99730,100,100148,100,99727,100,100374,100,99636,100,100415,100,99514,100
2019-06-28 09:46:00.000000000,100023,176,99938,176,100037,176,99924,176,100051,176,99920,176,100062,176,99903,176,100065,100,99889,100,100074,100,99885,100,100093,100,99730,100,100148,100,99727,100,100374,100,99636,100,100415,100,99514,100
2019-06-28 09:46:10.000000000,100023,161,99938,161,100037,161,99924,161,100051,161,99920,161,100062,161,99903,161,100065,161,99889,161,100074,100,99885,100,100093,100,99730,100,100148,100,99727,100,100374,100,99636,100,100415,100,99514,100
2019-06-28 09:46:20.000000000,100023,203,99938,203,100037,200,99924,200,100051,200,99920,200,100062,100,99903,100,100065,100,99889,100,100074,100,99885,100,100093,100,99730,100,100148,100,99727,100,100374,100,99636,100,100415,100,99514,100
2019-06-28 09:46:30.000000000,100023,203,99938,203,100037,200,99924,200,100051,200,99920,200,100062,100,99903,100,100065,100,99889,100,100074,100,99885,100,100093,100,99730,100,100148,100,99727,100,100374,100,99636,100,100415,100,99514,100
2019-06-28 09:46:40.000000000,100023,252,99938,252,100037,252,99924,252,100051,100,99920,100,100062,100,99903,100,100065,100,99889,100,100074,100,99885,100,100093,100,99730,100,100148,100,99727,100,100374,100,99636,100,100415,100,99514,100
2019-06-28 09:46:40.478209142,100023,252,99938,252,100037,252,99924,252,100051,100,99920,100,100062,100,99903,100,100065,100,99889,100,100074,100,99885,100,100093,100,99730,100,100374,100,99727,100,100415,100,99636,100,,,99514,100
2019-06-28 09:46:50.000000000,100023,176,99938,176,100037,176,99924,176,100051,176,99920,176,100062,176,99903,176,100065,100,99889,100,100074,100,99885,100,100093,100,99730,100,100374,100,99727,100,100415,100,99636,100,,,99514,100
2019-06-28 09:46:55.783470294,99955,100,99938,176,100023,176,99924,176,100037,176,99920,176,100051,176,99903,176,100062,176,99889,100,100065,100,99885,100,100074,100,99730,100,100093,100,99727,100,100374,100,99636,100,100415,100,99514,100
2019-06-28 09:47:00.000000000,99955,252,99938,252,100023,252,99924,252,100037,100,99920,100,100051,100,99903,100,100062,100,99889,100,100065,100,99885,100,100074,100,99730,100,100093,100,99727,100,100374,100,99636,100,100415,100,99514,100
2019-06-28 09:47:10.000000000,99955,404,99938,404,100023,100,99924,100,100037,100,99920,100,100051,100,99903,100,100062,100,99889,100,100065,100,99885,100,100074,100,99730,100,100093,100,99727,100,100374,100,99636,100,100415,100,99514,100
2019-06-28 09:47:20.000000000,99955,176,99938,176,100023,176,99924,176,100037,176,99920,176,100051,176,99903,176,100062,100,99889,100,100065,100,99885,100,100074,100,99730,100,100093,100,99727,100,100374,100,99636,100,100415,100,99514,100
2019-06-28 09:47:26.897315416,99955,176,99938,176,100023,176,99924,176,100037,76,99920,176,100051,176,99903,176,100062,100,99889,100,100065,100,99885,100,100074,100,99730,100,100093,100,99727,100,100374,100,99636,100,100415,100,99514,100
2019-06-28 09:47:30.000000000,99955,203,99938,203,100023,200,99924,200,100051,200,99920,200,100062,100,99903,100,100065,100,99889,100,100074,100,99885,100,100093,100,99730,100,100374,100,99727,100,100415,100,99636,100,,,99514,100
2019-06-28 09:47:32.991453799,99955,203,99938,203,100023,200,99924,200,100051,200,99920,200,100062,100,99903,100,100065,100,99889,100,100074,100,99885,100,100093,100,99730,100,100374,100,99727,100,100415,100,99636,100,,,99514,100
2019-06-28 09:47:40.000000000,99955,404,99938,404,100023,100,99924,100,100051,100,99920,100,100062,100,99903,100,100065,100,99889,100,100074,100,99885,100,100093,100,99730,100,100374,100,99727,100,100415,100,99636,100,,,99514,100
2019-06-28 09:47:40.946411554,99955,404,99938,304,100023,100,99924,100,100051,100,99920,100,100062,100,99903,100,100065,100,99889,100,100074,100,99885,100,100093,100,99730,100,100374,100,99727,100,100415,100,99636,100,,,99514,100
2019-06-28 09:47:48.274768330,99955,404,99938,304,100023,100,99924,100,100051,100,99920,100,100062,100,99903,100,100065,100,99889,100,100074,100,99885,100,100093,100,99730,100,100374,100,99727,100,100415,100,99636,100,,,99514,100
2019-06-28 09:47:50.000000000,99955,252,99924,252,100023,252,99920,252,100051,100,99903,100,100062,100,99889,100,100065,100,99885,100,100074,100,99730,100,100093,100,99727,100,100374,100,99636,100,100415,100,99514,100,,,99504,100
2019-06-28 09:48:00.000000000,99955,252,99924,252,100023,252,99920,252,100051,100,99903,100,100062,100,99889,100,100065,100,99885,100,100074,100,99730,100,100093,100,99727,100,100374,100,99636,100,100415,100,99514,100,,,99504,100
2019-06-28 09:48:10.000000000,99955,176,99924,176,100023,176,99920,176,100051,176,99903,176,100062,176,99889,176,100065,100,99885,100,100074,100,99730,100,100093,100,99727,100,100374,100,99636,100,100415,100,99514,100,,,99504,100
2019-06-28 09:48:11.824256194,99955,176,99924,176,100023,176,99920,176,100051,176,99903,176,100062,176,99889,176,100065,100,99885,100,100074,100,99730,100,100093,100,99727,100,100374,100,99636,100,,,99514,100,,,99504,100
2019-06-28 09:48:20.000000000,99955,404,99924,404,100023,100,99920,100,100051,100,99903,100,100062,100,99889,100,100065,100,99885,100,100074,100,99730,100,100093,100,99727,100,100374,100,99636,100,,,99514,100,,,99504,100
2019-06-28 09:48:30.000000000,99955,203,99924,203,100023,200,99920,200,100051,200,99903,200,100062,100,99889,100,100065,100,99885,100,100074,100,99730,100,100093,100,99727,100,100374,100,99636,100,,,99514,100,,,99504,100
2019-06-28 09:48:40.000000000,99955,161,99924,161,100023,161,99920,161,100051,161,99903,161,100062,161,99889,161,100065,161,99885,161,100074,100,99730,100,100093,100,99727,100,100374,100,99636,100,,,99514,100,,,99504,100
2019-06-28 09:48:49.085787199,99955,161,99924,61,100023,161,99920,161,100051,161,99903,161,100062,161,99889,161,100065,161,99885,161,100074,100,99730,100,100093,100,99636,100,100374,100,99514,100,,,99504,100,,,99483,100
2019-06-28 09:48:50.000000000,99955,252,99920,252,100023,252,99903,252,100051,100,99889,100,100062,100,99885,100,100065,100,99730,100,100074,100,99636,100,100093,100,99514,100,100374,100,99504,100,,,99483,100,,,99459,100
2019-06-28 09:49:00.000000000,99955,161,99920,161,100023,161,99903,161,100051,161,99889,161,100062,161,99885,161,100065,161,99730,161,100074,100,99636,100,100093,100,99514,100,100374,100,99504,100,,,99483,100,,,99459,100
2019-06-28 09:49:09.836820974,99920,39,99903,161,99955,161,99889,161,100023,161,99885,161,100051,161,99730,161,100062,161,99636,100,100065,161,99514,100,100074,100,99504,100,100093,100,99483,100,100374,100,99459,100,,,99319,100
2019-06-28 09:49:10.000000000,99920,115,99903,176,99955,176,99889,176,100023,176,99885,176,100051,176,99730,176,100062,100,99636,100,100065,100,99514,100,100074,100,99504,100,100093,100,99483,100,100374,100,99459,100,,,99319,100
2019-06-28 09:49:18.431639171,99920,115,99903,76,99955,176,99889,176,100023,176,99885,176,100051,176,99730,176,100062,100,99636,100,100065,100,99514,100,100074,100,99504,100,100093,100,99483,100,100374,100,99459,100,,,99319,100
2019-06-28 09:49:20.000000000,99920,343,99889,404,99955,100,99885,100,100023,100,99730,100,100051,100,99636,100,100062,100,99514,100,100065,100,99504,100,100074,100,99483,100,100093,100,99459,100,100374,100,99319,100,,,99284,100
2019-06-28 09:49:30.000000000,99920,191,99889,252,99955,252,99885,252,100023,100,99730,100,100051,100,99636,100,100062,100,99514,100,100065,100,99504,100,100074,100,99483,100,100093,100,99459,100,100374,100,99319,100,,,99284,100
2019-06-28 09:49:40.000000000,99920,142,99889,203,99955,200,99885,200,100023,200,99730,200,100051,100,99636,100,100062,100,99514,100,100065,100,99504,100,100074,100,99483,100,100093,100,99459,100,100374,100,99319,100,,,99284,100
2019-06-28 09:49:50.000000000,99920,142,99889,203,99955,200,99885,200,100023,200,99730,200,100051,100,99636,100,100062,100,99514,100,100065,100,99504,100,100074,100,99483,100,100093,100,99459,100,100374,100,99319,100,,,99284,100
2019-06-28 09:49:55.354942303,99920,142,99889,203,99955,200,99885,200,100023,200,99730,200,100051,100,99636,100,100062,100,99514,100,100065,100,99504,100,100074,100,99483,100,100093,100,99459,100,100374,100,99319,100,,,99284,100
2019-06-28 09:50:00.000000000,99920,100,99889,161,99955,161,99885,161,100023,161,99730,161,100051,161,99636,161,100062,161,99514,161,100065,100,99504,100,100074,100,99483,100,100093,100,99459,100,100374,100,99319,100,,,99284,100
2019-06-28 09:50:07.301758747,99920,100,99889,61,99955,161,99885,161,100023,161,99730,161,100051,161,99636,161,100062,161,99514,161,100065,100,99504,100,100074,100,99483,100,100093,100,99459,100,100374,100,99319,100,,,99284,100
2019-06-28 09:50:10.000000000,99920,191,99885,252,99955,252,99730,252,100023,100,99636,100,100051,100,99514,100,100062,100,99504,100,100065,100,99483,100,100074,100,99459,100,100093,100,99319,100,100374,100,99284,100,,,99231,100
2019-06-28 09:50:17.159068317,99920,191,99885,152,99955,252,99730,252,100023,100,99636,100,100051,100,99514,100,100062,100,99504,100,100065,100,99483,100,100074,100,99459,100,100093,100,99319,100,100374,100,99231,100,,,99222,100
2019-06-28 09:50:20.000000000,99920,115,99730,176,99955,176,99636,176,100023,176,99514,176,100051,176,99504,176,100062,100,99483,100,100065,100,99459,100,100074,100,99319,100,100093,100,99231,100,100374,100,99222,100,,,99208,100
2019-06-28 09:50:30.000000000,99920,115,99730,176,99955,176,99636,176,100023,176,99514,176,100051,176,99504,176,100062,100,99483,100,100065,100,99459,100,100074,100,99319,100,100093,100,99231,100,100374,100,99222,100,,,99208,100
2019-06-28 09:50:34.777658553,99883,100,99730,176,99920,115,99636,176,99955,176,99514,176,100023,176,99504,176,100051,176,99459,100,100062,100,99319,100,100065,100,99231,100,100074,100,99222,100,100093,100,99208,100,100374,100,99202,100
2019-06-28 09:50:40.000000000,99883,161,99730,161,99920,100,99636,161,99955,161,99514,161,100023,161,99504,161,100051,161,99459,161,100062,100,99319,100,100065,100,99231,100,100074,100,99222,100,100093,100,99208,100,100374,100,99202,100
2019-06-28 09:50:43.220022490,99883,161,99730,161,99889,100,99636,161,99920,100,99514,161,99955,161,99504,161,100023,161,99459,161,100051,161,99319,100,100062,100,99231,100,100065,100,99222,100,100074,100,99208,100,100093,100,99202,100
2019-06-28 09:50:50.000000000,99883,176,99730,176,99889,176,99636,176,99920,115,99514,176,99955,176,99504,176,100023,100,99459,100,100051,100,99319,100,100062,100,99231,100,100065,100,99222,100,100074,100,99208,100,100093,100,99202,100
2019-06-28 09:51:00.000000000,99883,203,99730,203,99889,200,99636,200,99920,139,99514,200,99955,100,99504,100,100023,100,99459,100,100051,100,99319,100,100062,100,99231,100,100065,100,99222,100,100074,100,99208,100,100093,100,99202,100
2019-06-28 09:51:00.922888354,99883,203,99826,100,99889,200,99730,203,99920,139,99636,200,99955,100,99514,200,100023,100,99504,100,100051,100,99459,100,100062,100,99319,100,100065,100,99231,100,100074,100,99222,100,100093,100,99208,100
2019-06-28 09:51:10.000000000,99883,203,99826,203,99889,200,99730,200,99920,139,99636,200,99955,100,99514,100,100023,100,99504,100,100051,100,99459,100,100062,100,99319,100,100065,100,99231,100,100074,100,99222,100,100093,100,99208,100
2019-06-28 09:51:20.000000000,99883,161,99826,161,99889,161,99730,161,99920,100,99636,161,99955,161,99514,161,100023,161,99504,161,100051,100,99459,100,100062,100,99319,100,100065,100,99231,100,100074,100,99222,100,100093,100,99208,100
2019-06-28 09:51:20.539485534,99883,61,99826,161,99889,161,99730,161,99920,100,99636,161,99955,161,99514,161,100023,161,99504,161,100051,100,99459,100,100062,100,99319,100,100065,100,99231,100,100074,100,99222,100,100093,100,99208,100
2019-06-28 09:51:30.000000000,99889,161,99826,161,99920,100,99730,161,99955,161,99636,161,100023,161,99514,161,100051,161,99504,161,100062,100,99459,100,100065,100,99319,100,100074,100,99231,100,100093,100,99222,100,100374,100,99208,100
2019-06-28 09:51:40.000000000,99889,404,99826,404,99920,39,99730,100,99955,100,99636,100,100023,100,99514,100,100051,100,99504,100,100062,100,99459,100,100065,100,99319,100,100074,100,99231,100,100093,100,99222,100,100374,100,99208,100
2019-06-28 09:51:50.000000000,99889,161,99826,161,99920,100,99730,161,99955,161,99636,161,100023,161,99514,161,100051,161,99504,161,100062,100,99459,100,100065,100,99319,100,100074,100,99231,100,100093,100,99222,100,100374,100,99208,100
2019-06-28 09:51:57.939216619,99889,161,99826,161,99920,100,99730,161,99955,161,99636,161,100023,161,99514,161,100051,161,99504,161,100062,100,99459,100,100065,100,99319,100,100074,100,99231,100,100093,100,99222,100,100374,100,99208,100
2019-06-28 09:52:00.000000000,99889,252,99826,252,99920,191,99730,252,99955,100,99636,100,100023,100,99514,100,100051,100,99504,100,100062,100,99459,100,100065,100,99319,100,100074,100,99231,100,100093,100,99222,100,100374,100,99208,100
2019-06-28 09:52:10.000000000,99889,176,99826,176,99920,115,99730,176,99955,176,99636,176,100023,176,99514,176,100051,100,99504,100,100062,100,99459,100,100065,100,99319,100,100074,100,99231,100,100093,100,99222,100,100374,100,99208,100
2019-06-28 09:52:19.329872699,99889,176,99826,176,99920,115,99730,176,99955,176,99636,176,100023,176,99514,176,100051,100,99504,100,100062,100,99459,100,100065,100,99231,100,100074,100,99222,100,100093,100,99208,100,100374,100,99202,100
2019-06-28 09:52:20.000000000,99889,176,99826,176,99920,115,99730,176,99955,176,99636,176,100023,176,99514,176,100051,100,99504,100,100062,100,99459,100,100065,100,99231,100,100074,100,99222,100,100093,100,99208,100,100374,100,99202,100
2019-06-28 09:52:20.542420210,99889,176,99826,176,99920,115,99730,176,99955,176,99636,176,100023,176,99514,176,100051,100,99504,100,100062,100,99459,100,100065,100,99231,100,100074,100,99222,100,100093,100,99208,100,100374,100,99202,100
2019-06-28 09:52:30.000000000,99889,252,99826,252,99920,191,99730,252,99955,100,99636,100,100023,100,99514,100,100051,100,99504,100,100062,100,99459,100,100065,100,99231,100,100074,100,99222,100,100093,100,99208,100,100374,100,99202,100
2019-06-28 09:52:35.861227065,99889,252,99826,252,99920,191,99730,252,99955,100,99636,100,100023,100,99514,100,100051,100,99504,100,100062,100,99459,100,100065,100,99231,100,100074,100,99222,100,100093,100,99202,100,100374,100,99156,100
2019-06-28 09:52:40.000000000,99889,252,99826,252,99920,191,99730,252,99955,100,99636,100,100023,100,99514,100,100051,100,99504,100,100062,100,99459,100,100065,100,99231,100,100074,100,99222,100,100093,100,99202,100,100374,100,99156,100
2019-06-28 09:52:50.000000000,99889,161,99826,161,99920,100,99730,161,99955,161,99636,161,100023,161,99514,161,100051,161,99504,161,100062,100,99459,100,100065,100,99231,100,100074,100,99222,100,100093,100,99202,100,100374,100,99156,100
2019-06-28 09:53:00.000000000,99889,203,99826,203,99920,139,99730,200,99955,200,99636,200,100023,100,99514,100,100051,100,99504,100,100062,100,99459,100,100065,100,99231,100,100074,100,99222,100,100093,100,99202,100,100374,100,99156,100
2019-06-28 09:53:10.000000000,99889,252,99826,252,99920,191,99730,252,99955,100,99636,100,100023,100,99514,100,100051,100,99504,100,100062,100,99459,100,100065,100,99231,100,100074,100,99222,100,100093,100,99202,100,100374,100,99156,100
2019-06-28 09:53:20.000000000,99889,161,99826,161,99920,100,99730,161,99955,161,99636,161,100023,161,99514,161,100051,161,99504,161,100062,100,99459,100,100065,100,99231,100,100074,100,99222,100,100093,100,99202,100,100374,100,99156,100
2019-06-28 09:53:20.971267946,99882,100,99826,161,99889,161,99730,161,99920,100,99636,161,99955,161,99514,161,100023,161,99504,161,100051,161,99459,100,100062,100,99231,100,100065,100,99222,100,100074,100,99202,100,100093,100,99156,100
2019-06-28 09:53:25.660020408,99889,161,99826,161,99920,100,99730,161,99955,161,99636,161,100023,161,99514,161,100051,161,99504,161,100062,100,99459,100,100065,100,99231,100,100074,100,99222,100,100093,100,99202,100,100374,100,99156,100
2019-06-28 09:53:30.000000000,99889,252,99826,252,99920,191,99730,252,99955,100,99636,100,100023,100,99514,100,100051,100,99504,100,100062,100,99459,100,100065,100,99231,100,100074,100,99222,100,100093,100,99202,100,100374,100,99156,100
2019-06-28 09:53:33.368498294,99889,152,99826,252,99920,191,99730,252,99955,100,99636,100,100023,100,99514,100,100051,100,99504,100,100062,100,99459,100,100065,100,99231,100,100074,100,99222,100,100093,100,99202,100,100374,100,99156,100
2019-06-28 09:53:40.000000000,99920,100,99826,161,99955,161,99730,161,100023,161,99636,161,100051,161,99514,161,100062,161,99504,161,100065,100,99459,100,100074,100,99231,100,100093,100,99222,100,100374,100,99202,100,,,99156,100
2019-06-28 09:53:50.000000000,99920,343,99826,404,99955,100,99730,100,100023,100,99636,100,100051,100,99514,100,100062,100,99504,100,100065,100,99459,100,100074,100,99231,100,100093,100,99222,100,100374,100,99202,100,,,99156,100
2019-06-28 09:54:00.000000000,99920,191,99826,252,99955,252,99730,252,100023,100,99636,100,100051,100,99514,100,100062,100,99504,100,100065,100,99459,100,100074,100,99231,100,100093,100,99222,100,100374,100,99202,100,,,99156,100
2019-06-28 09:54:10.000000000,99920,100,99826,161,99955,161,99730,161,100023,161,99636,161,100051,161,99514,161,100062,161,99504,161,100065,100,99459,100,100074,100,99231,100,100093,100,99222,100,100374,100,99202,100,,,99156,100
2019-06-28 09:54:17.404166290,99955,161,99826,161,100023,61,99730,161,100051,161,99636,161,100062,161,99514,161,100065,100,99504,161,100074,100,99459,100,100093,100,99231,100,100374,100,99222,100,,,99202,100,,,99156,100
2019-06-28 09:54:20.000000000,99955,404,99826,404,100051,100,99730,100,100062,100,99636,100,100065,100,99514,100,100074,100,99504,100,100093,100,99459,100,100374,100,99231,100,,,99222,100,,,99202,100,,,99156,100
2019-06-28 09:54:25.344240402,99955,404,99826,404,100051,100,99730,100,100062,100,99636,100,100065,100,99514,100,100074,100,99504,100,100093,100,99459,100,100195,100,99231,100,100374,100,99222,100,,,99202,100,,,99156,100
2019-06-28 09:54:30.000000000,99955,161,99826,161,100051,161,99730,161,100062,161,99636,161,100065,161,99514,161,100074,161,99504,161,100093,100,99459,100,100195,100,99231,100,100374,100,99222,100,,,99202,100,,,99156,100
2019-06-28 09:54:40.000000000,99955,176,99826,176,100051,176,99730,176,100062,176,99636,176,100065,176,99514,176,100074,100,99504,100,100093,100,99459,100,100195,100,99231,100,100374,100,99222,100,,,99202,100,,,99156,100
2019-06-28 09:54:50.000000000,99955,203,99826,203,100051,200,99730,200,100062,200,99636,200,100065,100,99514,100,100074,100,99504,100,100093,100,99459,100,100195,100,99231,100,100374,100,99222,100,,,99202,100,,,99156,100
2019-06-28 09:54:52.766213981,99862,100,99826,203,99955,203,99730,200,100051,200,99636,200,100062,200,99514,100,100065,100,99504,100,100093,100,99459,100,100195,100,99231,100,100374,100,99222,100,,,99202,100,,,99156,100
2019-06-28 09:54:55.836897820,99862,100,99826,203,99888,100,99730,200,99955,203,99636,200,100051,200,99514,100,100062,200,99504,100,100065,100,99459,100,100093,100,99231,100,100195,100,99222,100,100374,100,99202,100,,,99156,100
2019-06-28 09:55:00.000000000,99862,404,99826,404,99888,100,99730,100,99955,100,99636,100,100051,100,99514,100,100062,100,99504,100,100065,100,99459,100,100093,100,99231,100,100195,100,99222,100,100374,100,99202,100,,,99156,100
2019-06-28 09:55:10.000000000,99862,203,99826,203,99888,200,99730,200,99955,200,99636,200,100051,100,99514,100,100062,100,99504,100,100065,100,99459,100,100093,100,99231,100,100195,100,99222,100,100374,100,99202,100,,,99156,100
2019-06-28 09:55:20.000000000,99862,176,99826,176,99888,176,99730,176,99955,176,99636,176,100051,176,99514,176,100062,100,99504,100,100065,100,99459,100,100093,100,99231,100,100195,100,99222,100,100374,100,99202,100,,,99156,100
2019-06-28 09:55:30.000000000,99862,161,99826,161,99888,161,99730,161,99955,161,99636,161,100051,161,99514,161,100062,161,99504,161,100065,100,99459,100,100093,100,99231,100,100195,100,99222,100,100374,100,99202,100,,,99156,100
2019-06-28 09:55:31.014670527,99862,161,99826,161,99888,161,99730,161,99955,161,99636,161,100051,161,99625,100,100062,161,99514,161,100065,100,99504,161,100093,100,99459,100,100195,100,99231,100,100374,100,99222,100,,,99202,100
2019-06-28 09:55:40.000000000,99862,252,99826,252,99888,252,99730,252,99955,100,99636,100,100051,100,99625,100,100062,100,99514,100,100065,100,99504,100,100093,100,99459,100,100195,100,99231,100,100374,100,99222,100,,,99202,100
2019-06-28 09:55:41.334798694,99862,252,99826,152,99888,252,99730,252,99955,100,99625,100,100051,100,99514,100,100062,100,99504,100,100065,100,99459,100,100093,100,99231,100,100195,100,99222,100,100374,100,99202,100,,,99156,100
2019-06-28 09:55:50.000000000,99862,252,99730,252,99888,252,99625,252,99955,100,99514,100,100051,100,99504,100,100062,100,99459,100,100065,100,99231,100,100093,100,99222,100,100195,100,99202,100,100374,100,99156,100,,,99098,100
2019-06-28 09:55:50.063740624,99862,252,99730,152,99888,252,99625,252,99955,100,99514,100,100051,100,99504,100,100062,100,99459,100,100065,100,99231,100,100093,100,99222,100,100195,100,99202,100,100374,100,99156,100,,,99098,100
2019-06-28 09:55:50.901560974,99862,252,99730,152,99888,252,99625,252,99955,100,99514,100,100051,100,99504,100,100062,100,99459,100,100065,100,99239,100,100093,100,99231,100,100195,100,99222,100,100374,100,99202,100,,,99156,100
2019-06-28 09:56:00.000000000,99862,404,99625,404,99888,100,99514,100,99955,100,99504,100,100051,100,99459,100,100062,100,99239,100,100065,100,99231,100,100093,100,99222,100,100195,100,99202,100,100374,100,99156,100,,,99098,100
2019-06-28 09:56:10.000000000,99862,161,99625,161,99888,161,99514,161,99955,161,99504,161,100051,161,99459,161,100062,161,99239,161,100065,100,99231,100,100093,100,99222,100,100195,100,99202,100,100374,100,99156,100,,,99098,100
2019-06-28 09:56:20.000000000,99862,252,99625,252,99888,252,99514,252,99955,100,99504,100,100051,100,99459,100,100062,100,99239,100,100065,100,99231,100,100093,100,99222,100,100195,100,99202,100,100374,100,99156,100,,,99098,100
2019-06-28 09:56:30.000000000,99862,203,99625,203,99888,200,99514,200,99955,200,99504,200,100051,100,99459,100,100062,100,99239,100,100065,100,99231,100,100093,100,99222,100,100195,100,99202,100,100374,100,99156,100,,,99098,100
2019-06-28 09:56:40.000000000,99862,252,99625,252,99888,252,99514,252,99955,100,99504,100,100051,100,99459,100,100062,100,99239,100,100065,100,99231,100,100093,100,99222,100,100195,100,99202,100,100374,100,99156,100,,,99098,100
2019-06-28 09:56:50.000000000,99862,404,99625,404,99888,100,99514,100,99955,100,99504,100,100051,100,99459,100,100062,100,99239,100,100065,100,99231,100,100093,100,99222,100,100195,100,99202,100,100374,100,99156,100,,,99098,100
2019-06-28 09:56:58.010009818,99862,404,99625,404,99888,100,99514,100,99955,100,99504,100,100051,100,99459,100,100062,100,99239,100,100065,100,99231,100,100093,100,99222,100,100157,100,99202,100,100374,100,99156,100,,,99098,100
2019-06-28 09:56:59.159193520,99862,304,99625,404,99888,100,99514,100,99955,100,99504,100,100051,100,99459,100,100062,100,99239,100,100065,100,99231,100,100093,100,99222,100,100157,100,99202,100,100374,100,99156,100,,,99098,100
2019-06-28 09:57:00.000000000,99888,161,99625,161,99955,161,99514,161,100051,161,99504,161,100062,161,99459,161,100065,161,99239,161,100093,100,99231,100,100157,100,99222,100,100374,100,99202,100,,,99156,100,,,99098,100
2019-06-28 09:57:00.306381362,99888,61,99625,161,99955,161,99514,161,100051,161,99504,161,100062,161,99459,161,100065,161,99239,161,100093,100,99231,100,100157,100,99222,100,100374,100,99202,100,,,99098,100,,,99085,100
2019-06-28 09:57:10.000000000,99955,203,99625,203,100051,200,99514,200,100062,200,99504,200,100065,100,99459,100,100093,100,99239,100,100157,100,99231,100,100374,100,99222,100,,,99202,100,,,99098,100,,,99085,100
2019-06-28 09:57:20.000000000,99955,252,99625,252,100051,252,99514,252,100062,100,99504,100,100065,100,99459,100,100093,100,99239,100,100157,100,99231,100,100374,100,99222,100,,,99202,100,,,99098,100,,,99085,100
2019-06-28 09:57:30.000000000,99955,252,99625,252,100051,252,99514,252,100062,100,99504,100,100065,100,99459,100,100093,100,99239,100,100157,100,99231,100,100374,100,99222,100,,,99202,100,,,99098,100,,,99085,100
2019-06-28 09:57:40.000000000,99955,176,99625,176,100051,176,99514,176,100062,176,99504,176,100065,176,99459,176,100093,100,99239,100,100157,100,99231,100,100374,100,99222,100,,,99202,100,,,99098,100,,,99085,100
2019-06-28 09:57:40.236837130,99955,176,99625,176,100051,176,99514,176,100062,176,99504,176,100065,76,99459,176,100093,100,99239,100,100157,100,99231,100,100374,100,99222,100,100511,100,99202,100,,,99098,100,,,99085,100
2019-06-28 09:57:50.000000000,99955,404,99625,404,100051,100,99514,100,100062,100,99504,100,100093,100,99459,100,100157,100,99239,100,100374,100,99231,100,100511,100,99222,100,,,99202,100,,,99098,100,,,99085,100
2019-06-28 09:58:00.000000000,99955,404,99625,404,100051,100,99514,100,100062,100,99504,100,100093,100,99459,100,100157,100,99239,100,100374,100,99231,100,100511,100,99222,100,,,99202,100,,,99098,100,,,99085,100
2019-06-28 09:58:00.802230894,99955,404,99625,404,100051,100,99514,100,100093,100,99504,100,100157,100,99459,100,100374,100,99239,100,100511,100,99231,100,100687,100,99222,100,,,99202,100,,,99098,100,,,99085,100
2019-06-28 09:58:09.091486983,99955,404,99625,404,100051,100,99514,100,100093,100,99504,100,100157,100,99459,100,100304,100,99239,100,100374,100,99231,100,100511,100,99222,100,100687,100,99202,100,,,99098,100,,,99085,100
2019-06-28 09:58:10.000000000,99955,404,99625,404,100051,100,99514,100,100093,100,99504,100,100157,100,99459,100,100304,100,99239,100,100374,100,99231,100,100511,100,99222,100,100687,100,99202,100,,,99098,100,,,99085,100
2019-06-28 09:58:16.590988018,99955,404,99625,404,100051,100,99514,100,100093,100,99504,100,100157,100,99459,100,100304,100,99239,100,100337,100,99231,100,100374,100,99222,100,100511,100,99202,100,100687,100,99098,100,,,99085,100
2019-06-28 09:58:20.000000000,99955,404,99625,404,100051,100,99514,100,100093,100,99504,100,100157,100,99459,100,100304,100,99239,100,100337,100,99231,100,100374,100,99222,100,100511,100,99202,100,100687,100,99098,100,,,99085,100
2019-06-28 09:58:30.000000000,99955,203,99625,203,100051,200,99514,200,100093,200,99504,200,100157,100,99459,100,100304,100,99239,100,100337,100,99231,100,100374,100,99222,100,100511,100,99202,100,100687,100,99098,100,,,99085,100
2019-06-28 09:58:40.000000000,99955,161,99625,161,100051,161,99514,161,100093,161,99504,161,100157,161,99459,161,100304,161,99239,161,100337,100,99231,100,100374,100,99222,100,100511,100,99202,100,100687,100,99098,100,,,99085,100
2019-06-28 09:58:47.837365516,99955,161,99625,161,100051,161,99514,161,100054,100,99504,61,100093,161,99459,161,100157,161,99239,161,100304,161,99231,100,100337,100,99222,100,100374,100,99202,100,100511,100,99098,100,100687,100,99085,100
2019-06-28 09:58:50.000000000,99955,252,99625,252,100051,252,99514,252,100054,100,99459,100,100093,100,99239,100,100157,100,99231,100,100304,100,99222,100,100337,100,99202,100,100374,100,99098,100,100511,100,99085,100,100687,100,99076,100
2019-06-28 09:59:00.000000000,99955,161,99625,161,100051,161,99514,161,100054,161,99459,161,100093,161,99239,161,100157,161,99231,161,100304,100,99222,100,100337,100,99202,100,100374,100,99098,100,100511,100,99085,100,100687,100,99076,100
2019-06-28 09:59:10.000000000,99955,252,99625,252,100051,252,99514,252,100054,100,99459,100,100093,100,99239,100,100157,100,99231,100,100304,100,99222,100,100337,100,99202,100,100374,100,99098,100,100511,100,99085,100,100687,100,99076,100
2019-06-28 09:59:20.000000000,99955,252,99625,252,100051,252,99514,252,100054,100,99459,100,100093,100,99239,100,100157,100,99231,100,100304,100,99222,100,100337,100,99202,100,100374,100,99098,100,100511,100,99085,100,100687,100,99076,100
2019-06-28 09:59:24.274676636,99955,252,99625,252,100051,252,99514,252,100054,100,99459,100,100093,100,99239,100,100157,100,99231,100,100304,100,99222,100,100337,100,99202,100,100374,100,99098,100,100459,100,99085,100,100511,100,99076,100
2019-06-28 09:59:30.000000000,99955,252,99625,252,100051,252,99514,252,100054,100,99459,100,100093,100,99239,100,100157,100,99231,100,100304,100,99222,100,100337,100,99202,100,100374,100,99098,100,100459,100,99085,100,100511,100,99076,100
2019-06-28 09:59:40.000000000,99955,252,99625,252,100051,252,99514,252,100054,100,99459,100,100093,100,99239,100,100157,100,99231,100,100304,100,99222,100,100337,100,99202,100,100374,100,99098,100,100459,100,99085,100,100511,100,99076,100
2019-06-28 09:59:50.000000000,99955,404,99625,404,100051,100,99514,100,100054,100,99459,100,100093,100,99239,100,100157,100,99231,100,100304,100,99222,100,100337,100,99202,100,100374,100,99098,100,100459,100,99085,100,100511,100,99076,100
2019-06-28 09:59:50.433581651,99955,304,99625,404,100051,100,99514,100,100054,100,99459,100,100093,100,99239,100,100157,100,99231,100,100304,100,99222,100,100337,100,99202,100,100374,100,99098,100,100459,100,99085,100,100511,100,99076,100
2019-06-28 10:00:00.000000000,100051,203,99625,203,100054,200,99514,200,100093,200,99459,200,100157,100,99239,100,100304,100,99231,100,100337,100,99222,100,100374,100,99202,100,100459,100,99098,100,100511,100,99085,100,100687,100,99076,100
2019-06-28 10:00:10.000000000,100051,203,99625,203,100054,200,99514,200,100093,200,99459,200,100157,100,99239,100,100304,100,99231,100,100337,100,99222,100,100374,100,99202,100,100459,100,99098,100,100511,100,99085,100,100687,100,99076,100
2019-06-28 10:00:20.000000000,100051,404,99625,404,100054,100,99514,100,100093,100,99459,100,100157,100,99239,100,100304,100,99231,100,100337,100,99222,100,100374,100,99202,100,100459,100,99098,100,100511,100,99085,100,100687,100,99076,100
2019-06-28 10:00:30.000000000,100051,404,99625,404,100054,100,99514,100,100093,100,99459,100,100157,100,99239,100,100304,100,99231,100,100337,100,99222,100,100374,100,99202,100,100459,100,99098,100,100511,100,99085,100,100687,100,99076,100
2019-06-28 10:00:39.690869016,100051,404,99625,404,100054,100,99514,100,100093,100,99459,100,100157,100,99239,100,100304,100,99231,100,100337,100,99222,100,100374,100,99202,100,100459,100,99098,100,100511,100,99085,100,100600,100,99076,100
2019-06-28 10:00:40.000000000,100051,252,99625,252,100054,252,99514,252,100093,100,99459,100,100157,100,99239,100,100304,100,99231,100,100337,100,99222,100,100374,100,99202,100,100459,100,99098,100,100511,100,99085,100,100600,100,99076,100
2019-06-28 10:00:50.000000000,100051,203,99625,203,100054,200,99514,200,100093,200,99459,200,100157,100,99239,100,100304,100,99231,100,100337,100,99222,100,100374,100,99202,100,100459,100,99098,100,100511,100,99085,100,100600,100,99076,100
2019-06-28 10:00:58.630100369,100051,203,99625,203,100054,200,99514,200,100093,100,99459,200,100157,100,99239,100,100304,100,99231,100,100337,100,99222,100,100374,100,99202,100,100459,100,99098,100,100511,100,99085,100,100600,100,99076,100
2019-06-28 10:01:00.000000000,100051,252,99625,252,100054,252,99514,252,100157,100,99459,100,100304,100,99239,100,100337,100,99231,100,100374,100,99222,100,100459,100,99202,100,100511,100,99098,100,100600,100,99085,100,100687,100,99076,100
2019-06-28 10:01:05.772939032,100051,252,99625,252,100054,252,99514,252,100157,100,99459,100,100304,100,99239,100,100337,100,99231,100,100374,100,99222,100,100459,100,99202,100,100511,100,99098,100,100600,100,99085,100,100687,100,99076,100
2019-06-28 10:01:10.000000000,100051,252,99625,252,100054,252,99514,252,100157,100,99459,100,100304,100,99239,100,100337,100,99231,100,100374,100,99222,100,100459,100,99202,100,100511,100,99098,100,100600,100,99085,100,100687,100,99076,100
2019-06-28 10:01:20.000000000,100051,404,99625,404,100054,100,99514,100,100157,100,99459,100,100304,100,99239,100,100337,100,99231,100,100374,100,99222,100,100459,100,99202,100,100511,100,99098,100,100600,100,99085,100,100687,100,99076,100
2019-06-28 10:01:30.000000000,100051,176,99625,176,100054,176,99514,176,100157,176,99459,176,100304,176,99239,176,100337,100,99231,100,100374,100,99222,100,100459,100,99202,100,100511,100,99098,100,100600,100,99085,100,100687,100,99076,100
2019-06-28 10:01:40.000000000,100051,176,99625,176,100054,176,99514,176,100157,176,99459,176,100304,176,99239,176,100337,100,99231,100,100374,100,99222,100,100459,100,99202,100,100511,100,99098,100,100600,100,99085,100,100687,100,99076,100
2019-06-28 10:01:50.000000000,100051,176,99625,176,100054,176,99514,176,100157,176,99459,176,100304,176,99239,176,100337,100,99231,100,100374,100,99222,100,100459,100,99202,100,100511,100,99098,100,100600,100,99085,100,100687,100,99076,100
2019-06-28 10:01:58.439834236,100051,76,99625,176,100054,176,99514,176,100157,76,99459,176,100304,176,99239,176,100337,100,99231,100,100374,100,99222,100,100459,100,99202,100,100511,100,99098,100,100600,100,99085,100,100687,100,99076,100
2019-06-28 10:02:00.000000000,100054,404,99625,404,100304,100,99514,100,100337,100,99459,100,100374,100,99239,100,100459,100,99231,100,100511,100,99222,100,100600,100,99202,100,100687,100,99098,100,100743,100,99085,100,100868,100,99076,100
2019-06-28 10:02:00.637074270,100054,404,99625,304,100304,100,99514,100,100337,100,99459,100,100374,100,99239,100,100459,100,99231,100,100511,100,99222,100,100600,100,99202,100,100687,100,99098,100,100743,100,99085,100,100868,100,99076,100
2019-06-28 10:02:10.000000000,100054,161,99514,161,100304,161,99459,161,100337,161,99239,161,100374,161,99231,161,100459,161,99222,161,100511,100,99202,100,100600,100,99098,100,100687,100,99085,100,100743,100,99076,100,100868,100,99042,100
2019-06-28 10:02:17.318799613,100054,61,99514,161,100304,161,99459,161,100337,161,99239,161,100374,161,99231,61,100459,161,99222,161,100511,100,99202,100,100600,100,99098,100,100687,100,99085,100,100743,100,99076,100,100868,100,99042,100
2019-06-28 10:02:17.956495337,100054,61,99514,161,100304,161,99459,161,100337,161,99239,161,100374,161,99231,61,100459,161,99222,161,100511,100,99202,100,100600,100,99098,100,100687,100,99085,100,100743,100,99076,100,100868,100,99042,100
2019-06-28 10:02:20.000000000,100304,252,99514,252,100337,252,99459,252,100374,100,99239,100,100459,100,99222,100,100511,100,99202,100,100600,100,99098,100,100687,100,99085,100,100743,100,99076,100,100868,100,99042,100,101091,100,98969,100
2019-06-28 10:02:24.733452219,100304,152,99514,252,100337,252,99459,252,100374,100,99239,100,100459,100,99222,100,100511,100,99202,100,100600,100,99098,100,100743,100,99085,100,100868,100,99076,100,101091,100,99042,100,101493,100,98969,100
2019-06-28 10:02:30.000000000,100337,203,99514,203,100374,200,99459,200,100459,200,99239,200,100511,100,99222,100,100600,100,99202,100,100743,100,99098,100,100868,100,99085,100,101091,100,99076,100,101493,100,99042,100,,,98969,100
2019-06-28 10:02:40.000000000,100337,161,99514,161,100374,161,99459,161,100459,161,99239,161,100511,161,99222,161,100600,161,99202,161,100743,100,99098,100,100868,100,99085,100,101091,100,99076,100,101493,100,99042,100,,,98969,100
2019-06-28 10:02:44.222343858,100337,161,99514,161,100374,161,99459,161,100459,161,99239,161,100511,161,99222,161,100600,161,99202,161,100743,100,99098,100,100868,100,99085,100,101091,100,99076,100,101152,100,99042,100,101493,100,98969,100
2019-06-28 10:02:50.000000000,100337,252,99514,252,100374,252,99459,252,100459,100,99239,100,100511,100,99222,100,100600,100,99202,100,100743,100,99098,100,100868,100,99085,100,101091,100,99076,100,101152,100,99042,100,101493,100,98969,100
2019-06-28 10:02:52.749838595,100337,152,99514,252,100374,252,99459,252,100459,100,99239,100,100511,100,99222,100,100600,100,99202,100,100743,100,99098,100,100868,100,99085,100,101091,100,99076,100,101152,100,99042,100,101493,100,98969,100
2019-06-28 10:03:00.000000000,100374,203,99514,203,100459,200,99459,200,100511,200,99239,200,100600,100,99222,100,100743,100,99202,100,100868,100,99098,100,101091,100,99085,100,101152,100,99076,100,101493,100,99042,100,,,98969,100
2019-06-28 10:03:06.389829441,100374,203,100304,100,100459,200,99514,203,100511,200,99459,200,100600,100,99239,200,100743,100,99222,100,100868,100,99202,100,101091,100,99098,100,101152,100,99085,100,101493,100,99076,100,,,99042,100
2019-06-28 10:03:10.000000000,100374,161,100304,161,100459,161,99514,161,100511,161,99459,161,100600,161,99239,161,100743,161,99222,161,100868,100,99202,100,101091,100,99098,100,101152,100,99085,100,101493,100,99076,100,,,99042,100
2019-06-28 10:03:12.730041299,100374,161,100304,161,100459,161,99514,161,100511,161,99459,161,100600,161,99239,161,100743,161,99222,161,100840,100,99202,100,100868,100,99098,100,101091,100,99085,100,101152,100,99076,100,101493,100,99042,100
2019-06-28 10:03:13.988900336,100374,161,100304,161,100459,161,99514,161,100511,161,99459,161,100600,161,99239,161,100743,161,99222,161,100840,100,99202,100,100868,100,99098,100,101091,100,99085,100,101152,100,99076,100,101255,100,99042,100
2019-06-28 10:03:18.715528427,100374,161,100304,161,100459,161,99514,161,100511,161,99459,161,100600,161,99239,161,100743,161,99222,161,100840,100,99202,100,100868,100,99098,100,100927,100,99085,100,101091,100,99076,100,101152,100,99042,100
2019-06-28 10:03:20.000000000,100374,203,100304,203,100459,200,99514,200,100511,200,99459,200,100600,100,99239,100,100743,100,99222,100,100840,100,99202,100,100868,100,99098,100,100927,100,99085,100,101091,100,99076,100,101152,100,99042,100
2019-06-28 10:03:30.000000000,100374,404,100304,404,100459,100,99514,100,100511,100,99459,100,100600,100,99239,100,100743,100,99222,100,100840,100,99202,100,100868,100,99098,100,100927,100,99085,100,101091,100,99076,100,101152,100,99042,100
2019-06-28 10:03:35.825229428,100374,304,100304,404,100459,100,99514,100,100511,100,99459,100,100600,100,99239,100,100743,100,99222,100,100840,100,99202,100,100868,100,99098,100,100927,100,99085,100,101091,100,99076,100,101152,100,99042,100
2019-06-28 10:03:40.000000000,100459,176,100304,176,100511,176,99514,176,100600,176,99459,176,100743,176,99239,176,100840,100,99222,100,100868,100,99202,100,100927,100,99098,100,101091,100,99085,100,101152,100,99076,100,101255,100,99042,100
2019-06-28 10:03:50.000000000,100459,176,100304,176,100511,176,99514,176,100600,176,99459,176,100743,176,99239,176,100840,100,99222,100,100868,100,99202,100,100927,100,99098,100,101091,100,99085,100,101152,100,99076,100,101255,100,99042,100
2019-06-28 10:03:50.599911571,100459,176,100304,176,100511,176,99514,176,100600,176,99459,176,100743,176,99239,176,100840,100,99222,100,100868,100,99202,100,100927,100,99098,100,100991,100,99085,100,101091,100,99076,100,101255,100,99042,100
2019-06-28 10:03:52.573344185,100459,176,100304,176,100511,176,99514,176,100600,176,99459,176,100743,176,99239,176,100840,100,99222,100,100868,100,99202,100,100927,100,99098,100,100960,100,99085,100,100991,100,99076,100,101091,100,99042,100
2019-06-28 10:04:00.000000000,100459,252,100304,252,100511,252,99514,252,100600,100,99459,100,100743,100,99239,100,100840,100,99222,100,100868,100,99202,100,100927,100,99098,100,100960,100,99085,100,100991,100,99076,100,101091,100,99042,100
2019-06-28 10:04:10.000000000,100459,161,100304,161,100511,161,99514,161,100600,161,99459,161,100743,161,99239,161,100840,161,99222,161,100868,100,99202,100,100927,100,99098,100,100960,100,99085,100,100991,100,99076,100,101091,100,99042,100
2019-06-28 10:04:11.192357541,100459,161,100304,161,100511,161,99514,161,100600,161,99459,161,100743,161,99239,161,100840,161,99222,161,100868,100,99202,100,100927,100,99098,100,100960,100,99085,100,100991,100,99076,100,101091,100,99042,100
2019-06-28 10:04:20.000000000,100459,161,100304,161,100511,161,99514,161,100600,161,99459,161,100743,161,99239,161,100840,161,99222,161,100868,100,99202,100,100927,100,99098,100,100960,100,99085,100,100991,100,99076,100,101091,100,99042,100
2019-06-28 10:04:25.046040582,100459,161,100337,100,100511,161,100304,161,100600,161,99514,161,100743,161,99459,161,100840,161,99239,161,100868,100,99222,161,100927,100,99202,100,100960,100,99098,100,100991,100,99085,100,101091,100,99076,100
2019-06-28 10:04:30.000000000,100459,203,100337,203,100511,200,100304,200,100600,200,99514,200,100743,100,99459,100,100840,100,99239,100,100868,100,99222,100,100927,100,99202,100,100960,100,99098,100,100991,100,99085,100,101091,100,99076,100
2019-06-28 10:04:30.763705888,100459,203,100337,303,100511,200,100304,200,100600,200,99514,200,100743,100,99459,100,100840,100,99239,100,100868,100,99222,100,100927,100,99202,100,100960,100,99098,100,100991,100,99085,100,101091,100,99076,100
2019-06-28 10:04:30.935647529,100459,203,100337,303,100511,200,100304,200,100600,200,99514,200,100743,100,99459,100,100840,100,99239,100,100868,100,99222,100,100927,100,99202,100,100960,100,99098,100,100991,100,99085,100,101002,100,99076,100
2019-06-28 10:04:39.618365555,100459,203,100337,303,100511,200,100304,200,100600,200,99514,100,100743,100,99459,100,100840,100,99239,100,100868,100,99222,100,100927,100,99202,100,100960,100,99098,100,100991,100,99085,100,101002,100,99076,100
2019-06-28 10:04:40.000000000,100459,161,100337,261,100511,161,100304,161,100600,161,99459,161,100743,161,99239,161,100840,161,99222,161,100868,100,99202,100,100927,100,99098,100,100960,100,99085,100,100991,100,99076,100,101002,100,99042,100
2019-06-28 10:04:50.000000000,100459,252,100337,352,100511,252,100304,252,100600,100,99459,100,100743,100,99239,100,100840,100,99222,100,100868,100,99202,100,100927,100,99098,100,100960,100,99085,100,100991,100,99076,100,101002,100,99042,100
2019-06-28 10:04:50.099306639,100459,252,100337,352,100511,252,100304,252,100600,100,99459,100,100743,100,99239,100,100840,100,99222,100,100868,100,99202,100,100927,100,99098,100,100960,100,99085,100,100991,100,99076,100,101091,100,99042,100
2019-06-28 10:05:00.000000000,100459,404,100337,504,100511,100,100304,100,100600,100,99459,100,100743,100,99239,100,100840,100,99222,100,100868,100,99202,100,100927,100,99098,100,100960,100,99085,100,100991,100,99076,100,101091,100,99042,100
2019-06-28 10:05:01.097978219,100459,404,100337,504,100511,100,100304,100,100600,100,99459,100,100743,100,99239,100,100840,100,99222,100,100868,100,99202,100,100927,100,99098,100,100960,100,99085,100,100991,100,99076,100,101034,100,99042,100
2019-06-28 10:05:10.000000000,100459,404,100337,504,100511,100,100304,100,100600,100,99459,100,100743,100,99239,100,100840,100,99222,100,100868,100,99202,100,100927,100,99098,100,100960,100,99085,100,100991,100,99076,100,101034,100,99042,100
2019-06-28 10:05:20.000000000,100459,404,100337,504,100511,100,100304,100,100600,100,99459,100,100743,100,99239,100,100840,100,99222,100,100868,100,99202,100,100927,100,99098,100,100960,100,99085,100,100991,100,99076,100,101034,100,99042,100
2019-06-28 10:05:30.000000000,100459,176,100337,276,100511,176,100304,176,100600,176,99459,176,100743,176,99239,176,100840,100,99222,100,100868,100,99202,100,100927,100,99098,100,100960,100,99085,100,100991,100,99076,100,101034,100,99042,100
2019-06-28 10:05:34.203052321,100459,176,100337,276,100511,176,100304,176,100600,176,99459,176,100679,100,99239,176,100743,176,99222,100,100840,100,99202,100,100868,100,99098,100,100927,100,99085,100,100960,100,99076,100,100991,100,99042,100
2019-06-28 10:05:35.936723640,100459,176,100337,276,100511,176,100304,176,100600,176,99459,176,100650,100,99239,176,100679,100,99222,100,100743,176,99202,100,100868,100,99098,100,100927,100,99085,100,100960,100,99076,100,100991,100,99042,100
2019-06-28 10:05:38.647096833,100459,176,100337,276,100511,176,100304,176,100600,176,99459,176,100650,100,99239,176,100662,100,99222,100,100679,100,99202,100,100743,176,99098,100,100868,100,99085,100,100927,100,99076,100,100960,100,98936,100
2019-06-28 10:05:40.000000000,100459,252,100337,352,100511,252,100304,252,100600,100,99459,100,100650,100,99239,100,100662,100,99222,100,100679,100,99202,100,100743,100,99098,100,100868,100,99085,100,100927,100,99076,100,100960,100,98936,100
2019-06-28 10:05:50.000000000,100459,176,100337,276,100511,176,100304,176,100600,176,99459,176,100650,176,99239,176,100662,100,99222,100,100679,100,99202,100,100743,100,99098,100,100868,100,99085,100,100927,100,99076,100,100960,100,98936,100
2019-06-28 10:06:00.000000000,100459,252,100337,352,100511,252,100304,252,100600,100,99459,100,100650,100,99239,100,100662,100,99222,100,100679,100,99202,100,100743,100,99098,100,100868,100,99085,100,100927,100,99076,100,100960,100,98936,100
2019-06-28 10:06:10.000000000,100459,252,100337,352,100511,252,100304,252,100600,100,99459,100,100650,100,99239,100,100662,100,99222,100,100679,100,99202,100,100743,100,99098,100,100868,100,99085,100,100927,100,99076,100,100960,100,98936,100
2019-06-28 10:06:17.022702585,100459,152,100337,352,100511,252,100304,252,100600,100,99459,100,100650,100,99239,100,100662,100,99222,100,100679,100,99202,100,100743,100,99098,100,100927,100,99085,100,100960,100,99076,100,100991,100,98936,100
2019-06-28 10:06:20.000000000,100511,203,100337,303,100600,200,100304,200,100650,200,99459,200,100662,100,99239,100,100679,100,99222,100,100743,100,99202,100,100927,100,99098,100,100960,100,99085,100,100991,100,99076,100,101034,100,98936,100
2019-06-28 10:06:30.000000000,100511,161,100337,261,100600,161,100304,161,100650,161,99459,161,100662,161,99239,161,100679,161,99222,161,100743,100,99202,100,100927,100,99098,100,100960,100,99085,100,100991,100,99076,100,101034,100,98936,100
2019-06-28 10:06:40.000000000,100511,252,100337,352,100600,252,100304,252,100650,100,99459,100,100662,100,99239,100,100679,100,99222,100,100743,100,99202,100,100927,100,99098,100,100960,100,99085,100,100991,100,99076,100,101034,100,98936,100
2019-06-28 10:06:50.000000000,100511,176,100337,276,100600,176,100304,176,100650,176,99459,176,100662,176,99239,176,100679,100,99222,100,100743,100,99202,100,100927,100,99098,100,100960,100,99085,100,100991,100,99076,100,101034,100,98936,100
2019-06-28 10:06:59.876682094,100511,76,100337,276,100600,176,100304,176,100650,176,99459,176,100662,176,99239,176,100679,100,99222,100,100743,100,99202,100,100927,100,99098,100,100960,100,99085,100,100991,100,99076,100,101034,100,98936,100
2019-06-28 10:07:00.000000000,100600,252,100337,352,100650,252,100304,252,100662,100,99459,100,100679,100,99239,100,100743,100,99222,100,100927,100,99202,100,100960,100,99098,100,100991,100,99085,100,101034,100,99076,100,101091,100,98936,100
2019-06-28 10:07:10.000000000,100600,203,100337,303,100650,200,100304,200,100662,200,99459,200,100679,100,99239,100,100743,100,99222,100,100927,100,99202,100,100960,100,99098,100,100991,100,99085,100,101034,100,99076,100,101091,100,98936,100
2019-06-28 10:07:10.002536864,100600,203,100459,100,100650,200,100337,303,100662,200,100304,200,100679,100,99459,200,100743,100,99239,100,100927,100,99222,100,100960,100,99202,100,100991,100,99098,100,101034,100,99085,100,101091,100,99076,100
2019-06-28 10:07:20.000000000,100600,176,100459,176,100650,176,100337,276,100662,176,100304,176,100679,176,99459,176,100743,100,99239,100,100927,100,99222,100,100960,100,99202,100,100991,100,99098,100,101034,100,99085,100,101091,100,99076,100
2019-06-28 10:07:25.348961650,100600,176,100459,176,100650,176,100337,276,100662,176,100304,176,100679,176,99459,176,100743,100,99239,100,100927,100,99222,100,100960,100,99202,100,100991,100,99098,100,101034,100,99085,100,101091,100,99076,100
2019-06-28 10:07:27.284401624,100600,76,100459,176,100650,176,100337,276,100662,176,100304,176,100679,176,99459,76,100743,100,99239,100,100927,100,99222,100,100960,100,99202,100,100991,100,99098,100,101034,100,99085,100,101091,100,99076,100
2019-06-28 10:07:30.000000000,100650,404,100459,404,100662,100,100337,200,100679,100,100304,100,100743,100,99239,100,100927,100,99222,100,100960,100,99202,100,100991,100,99098,100,101034,100,99085,100,101091,100,99076,100,101105,100,98936,100
2019-06-28 10:07:32.773399568,100650,304,100459,404,100662,100,100337,200,100679,100,100304,100,100743,100,99239,100,100927,100,99222,100,100960,100,99202,100,100991,100,99098,100,101034,100,99085,100,101091,100,99076,100,101105,100,98936,100
2019-06-28 10:07:40.000000000,100662,404,100459,404,100679,100,100337,200,100743,100,100304,100,100927,100,99239,100,100960,100,99222,100,100991,100,99202,100,101034,100,99098,100,101091,100,99085,100,101105,100,99076,100,101203,100,98936,100
2019-06-28 10:07:45.595124508,100662,404,100459,404,100679,100,100337,200,100743,100,100304,100,100927,100,99239,100,100960,100,99222,100,100991,100,99202,100,101034,100,99098,100,101091,100,99085,100,101105,100,99076,100,101123,100,98936,100
2019-06-28 10:07:50.000000000,100662,404,100459,404,100679,100,100337,200,100743,100,100304,100,100927,100,99239,100,100960,100,99222,100,100991,100,99202,100,101034,100,99098,100,101091,100,99085,100,101105,100,99076,100,101123,100,98936,100
2019-06-28 10:07:59.020384323,100662,304,100459,404,100679,100,100337,200,100743,100,100304,100,100927,100,99239,100,100960,100,99222,100,100991,100,99202,100,101034,100,99098,100,101091,100,99085,100,101105,100,99076,100,101123,100,98936,100
2019-06-28 10:08:00.000000000,100679,252,100459,252,100743,252,100337,352,100927,100,100304,100,100960,100,99239,100,100991,100,99222,100,101034,100,99202,100,101091,100,99098,100,101105,100,99085,100,101123,100,99076,100,101203,100,98936,100
2019-06-28 10:08:10.000000000,100679,252,100459,252,100743,252,100337,352,100927,100,100304,100,100960,100,99239,100,100991,100,99222,100,101034,100,99202,100,101091,100,99098,100,101105,100,99085,100,101123,100,99076,100,101203,100,98936,100
2019-06-28 10:08:20.000000000,100679,404,100459,404,100743,100,100337,200,100927,100,100304,100,100960,100,99239,100,100991,100,99222,100,101034,100,99202,100,101091,100,99098,100,101105,100,99085,100,101123,100,99076,100,101203,100,98936,100
2019-06-28 10:08:20.924447238,100679,404,100459,404,100743,100,100337,200,100927,100,100304,100,100960,100,99239,100,100991,100,99202,100,101034,100,99098,100,101091,100,99085,100,101105,100,99076,100,101112,100,98936,100,101123,100,98889,100
2019-06-28 10:08:28.008732247,100679,404,100459,404,100743,100,100337,200,100927,100,99239,100,100960,100,99202,100,100991,100,99098,100,101034,100,99085,100,101091,100,99076,100,101105,100,98936,100,101112,100,98889,100,101123,100,98888,100
2019-06-28 10:08:29.054741045,100679,404,100459,404,100743,100,100337,200,100927,100,99239,100,100960,100,99202,100,100991,100,99098,100,101034,100,99085,100,101091,100,99076,100,101105,100,98936,100,101112,100,98889,100,101123,100,98888,100
2019-06-28 10:08:30.000000000,100679,161,100459,161,100743,161,100337,261,100927,161,99239,161,100960,161,99202,161,100991,161,99098,161,101034,100,99085,100,101091,100,99076,100,101105,100,98936,100,101112,100,98889,100,101123,100,98888,100
2019-06-28 10:08:34.326589658,100679,161,100650,100,100743,161,100459,161,100927,161,100337,261,100960,161,99239,161,100991,161,99202,161,101034,100,99098,161,101091,100,99085,100,101105,100,99076,100,101112,100,98936,100,101123,100,98889,100
2019-06-28 10:08:39.906200580,100679,61,100650,100,100743,161,100459,161,100927,161,100337,261,100960,161,99239,161,100991,161,99202,161,101034,100,99098,161,101091,100,99085,100,101105,100,98936,100,101112,100,98889,100,101123,100,98888,100
2019-06-28 10:08:40.000000000,100743,404,100650,404,100927,100,100459,100,100960,100,100337,200,100991,100,99239,100,101034,100,99202,100,101091,100,99098,100,101105,100,99085,100,101112,100,98936,100,101123,100,98889,100,101135,100,98888,100
2019-06-28 10:08:50.000000000,100743,161,100650,161,100927,161,100459,161,100960,161,100337,261,100991,161,99239,161,101034,161,99202,161,101091,100,99098,100,101105,100,99085,100,101112,100,98936,100,101123,100,98889,100,101135,100,98888,100
2019-06-28 10:08:50.805389029,100743,161,100662,100,100927,161,100650,161,100960,161,100459,161,100991,161,100337,261,101034,161,99239,161,101091,100,99202,161,101105,100,99098,100,101112,100,99085,100,101123,100,98936,100,101135,100,98889,100
2019-06-28 10:08:56.692404137,100743,161,100662,100,100927,161,100650,161,100960,161,100459,161,100991,161,100337,161,101034,161,99239,161,101091,100,99202,161,101105,100,99098,100,101112,100,99085,100,101123,100,98936,100,101135,100,98889,100
