,ask_price_1,ask_size_1,bid_price_1,bid_size_1,ask_price_2,ask_size_2,bid_price_2,bid_size_2,ask_price_3,ask_size_3,bid_price_3,bid_size_3,ask_price_4,ask_size_4,bid_price_4,bid_size_4,ask_price_5,ask_size_5,bid_price_5,bid_size_5,ask_price_6,ask_size_6,bid_price_6,bid_size_6,ask_price_7,ask_size_7,bid_price_7,bid_size_7,ask_price_8,ask_size_8,bid_price_8,bid_size_8,ask_price_9,ask_size_9,bid_price_9,bid_size_9,ask_price_10,ask_size_10,bid_price_10,bid_size_10
2019-06-28 09:30:00.000000000,100150,100,,,,,,,,,,,,,,,,,,,,,,,,,,,,,,,,,,,,,,
2019-06-28 09:30:00.000000004,100048,100,,,100150,100,,,,,,,,,,,,,,,,,,,,,,,,,,,,,,,,,,
2019-06-28 09:30:00.000000009,100048,100,99980,100,100150,100,,,,,,,,,,,,,,,,,,,,,,,,,,,,,,,,,,
2019-06-28 09:30:00.000000012,100048,100,99980,100,100150,100,,,,,,,,,,,,,,,,,,,,,,,,,,,,,,,,,,
2019-06-28 09:30:00.000000014,100048,100,99980,100,100150,100,,,,,,,,,,,,,,,,,,,,,,,,,,,,,,,,,,
2019-06-28 09:30:00.000000017,100048,100,99981,100,100150,100,99980,100,,,,,,,,,,,,,,,,,,,,,,,,,,,,,,,,
2019-06-28 09:30:00.000000021,100048,100,99981,100,100132,100,99980,100,100150,100,,,,,,,,,,,,,,,,,,,,,,,,,,,,,,
2019-06-28 09:30:00.000000023,100048,100,100040,100,100132,100,99981,100,100150,100,99980,100,,,,,,,,,,,,,,,,,,,,,,,,,,,,
2019-06-28 09:30:00.000000024,100048,100,99982,100,100132,100,99981,100,100150,100,99980,100,,,,,,,,,,,,,,,,,,,,,,,,,,,,
2019-06-28 09:30:00.000000026,100048,100,99991,100,100132,100,99982,200,100150,100,99981,100,,,99980,100,,,,,,,,,,,,,,,,,,,,,,,,
2019-06-28 09:30:00.000000027,100132,100,99991,100,100150,100,99982,200,,,99981,100,,,99980,100,,,,,,,,,,,,,,,,,,,,,,,,
2019-06-28 09:30:00.000000030,100048,100,99991,100,100132,100,99982,200,100150,100,99981,100,,,99980,100,,,,,,,,,,,,,,,,,,,,,,,,
2019-06-28 09:30:00.000000032,100048,100,99991,100,100132,100,99982,200,100148,100,99981,100,100150,100,99980,100,,,99881,100,,,,,,,,,,,,,,,,,,,,
2019-06-28 09:30:00.000000033,100037,100,99991,100,100048,100,99982,200,100132,100,99981,100,100148,100,99980,100,100150,100,99881,100,,,,,,,,,,,,,,,,,,,,
2019-06-28 09:30:00.000000034,100037,100,99991,100,100048,100,99982,200,100132,100,99981,100,100148,100,99980,100,100150,100,99881,100,,,,,,,,,,,,,,,,,,,,
2019-06-28 09:30:00.000000035,100037,100,99991,100,100048,100,99982,200,100132,100,99981,100,100148,100,99980,100,100150,100,99881,100,,,99834,100,,,,,,,,,,,,,,,,
2019-06-28 09:30:00.000000036,100005,100,99998,100,100037,100,99991,100,100048,100,99982,200,100113,100,99981,100,100132,100,99980,100,100148,100,99881,100,100150,100,99834,100,,,,,,,,,,,,
2019-06-28 09:30:00.000000041,100005,100,99998,100,100037,100,99991,100,100043,100,99982,200,100048,100,99981,100,100113,100,99980,100,100132,100,99974,100,100148,100,99881,100,100150,100,99834,100,,,,,,,,
2019-06-28 09:30:00.000000043,100005,100,99998,100,100037,100,99991,100,100043,100,99982,200,100048,100,99981,100,100113,100,99980,100,100132,100,99974,100,100148,100,99927,100,100150,100,99881,100,,,99834,100,,,99814,100
2019-06-28 09:30:00.000000044,100005,100,99998,100,100037,100,99991,100,100043,100,99982,200,100048,100,99981,100,100054,100,99980,100,100113,100,99974,100,100132,100,99927,100,100148,100,99881,100,100150,100,99834,100,,,99814,100
2019-06-28 09:30:00.000000046,100005,100,99998,100,100037,100,99991,100,100039,100,99982,200,100043,100,99981,100,100048,100,99980,100,100054,100,99974,100,100113,100,99927,100,100132,100,99890,100,100148,100,99881,100,100150,100,99834,100
2019-06-28 09:30:00.000000047,100037,100,99991,100,100039,100,99982,200,100043,100,99981,100,100048,100,99980,100,100054,100,99974,100,100113,100,99927,100,100132,100,99890,100,100148,100,99881,100,100150,100,99834,100,,,99814,100
2019-06-28 09:30:00.000000049,100037,100,99991,100,100039,100,99982,200,100043,100,99981,100,100048,100,99980,100,100054,100,99974,100,100113,100,99970,100,100132,100,99927,100,100148,100,99890,100,100150,100,99881,100,,,99834,100
2019-06-28 09:30:00.000000053,100037,100,99991,100,100039,100,99982,200,100043,100,99981,100,100048,100,99980,100,100054,100,99974,100,100067,100,99970,100,100113,100,99927,100,100132,100,99890,100,100148,100,99881,100,100150,100,99834,100
2019-06-28 09:30:00.000000054,100005,100,99991,100,100037,100,99982,200,100039,100,99981,100,100043,100,99980,100,100048,100,99974,100,100054,100,99970,100,100067,100,99927,100,100113,100,99890,100,100132,100,99881,100,100148,100,99834,100
2019-06-28 09:30:00.000000056,100005,100,99991,100,100037,100,99982,200,100039,100,99981,100,100043,100,99980,100,100048,100,99974,100,100054,100,99970,100,100067,100,99936,100,100113,100,99927,100,100132,100,99890,100,100148,100,99881,100
2019-06-28 09:30:00.000000061,100005,100,99991,100,100037,100,99982,200,100039,100,99981,100,100043,100,99980,100,100048,100,99974,100,100054,100,99970,100,100067,100,99936,100,100113,100,99927,100,100132,100,99890,100,100144,100,99881,100
2019-06-28 09:30:00.000000063,100005,100,99991,100,100037,100,99982,200,100039,100,99981,100,100043,100,99980,100,100048,100,99974,100,100054,100,99970,100,100067,100,99936,100,100113,100,99927,100,100122,100,99890,100,100132,100,99881,100
2019-06-28 09:30:00.000000064,100005,100,99991,100,100037,100,99982,200,100039,100,99981,100,100043,100,99980,100,100048,100,99974,100,100054,200,99970,100,100067,100,99936,100,100113,100,99927,100,100122,100,99890,100,100132,100,99881,100
2019-06-28 09:30:00.000000065,100005,100,99991,100,100037,100,99982,200,100039,100,99981,100,100043,100,99980,100,100048,100,99974,100,100054,200,99970,100,100067,100,99936,100,100113,100,99927,100,100122,100,99890,100,100132,100,99881,100
2019-06-28 09:30:00.000000067,100005,100,99991,100,100037,100,99982,200,100039,100,99981,100,100043,100,99980,100,100048,100,99974,100,100054,200,99970,100,100067,100,99936,100,100113,100,99927,100,100122,100,99912,100,100132,100,99890,100
2019-06-28 09:30:00.000000070,100005,100,99991,100,100037,100,99982,200,100039,100,99981,100,100043,100,99980,100,100048,100,99974,100,100054,200,99970,100,100067,100,99936,100,100113,100,99927,100,100122,100,99912,100,100132,100,99890,100
2019-06-28 09:30:00.000000073,100005,100,99991,100,100037,100,99982,200,100039,100,99981,100,100043,100,99980,100,100048,100,99974,100,100054,200,99970,100,100067,100,99936,100,100113,100,99927,100,100122,100,99912,200,100132,100,99890,100
2019-06-28 09:30:00.000000075,100005,100,99991,100,100037,100,99990,100,100039,100,99982,200,100043,100,99981,100,100048,100,99980,100,100054,200,99974,100,100067,100,99970,100,100113,100,99936,100,100122,100,99927,100,100132,100,99912,200
2019-06-28 09:30:00.000000076,100005,100,100001,100,100037,100,99991,100,100039,100,99990,100,100043,100,99982,200,100048,100,99981,100,100054,200,99980,100,100067,100,99974,100,100113,100,99970,100,100122,100,99936,100,100132,100,99927,100
2019-06-28 09:30:00.000000077,100005,100,100001,100,100037,100,99991,100,100039,100,99990,100,100043,100,99982,200,100048,100,99981,100,100054,200,99980,100,100060,100,99974,100,100067,100,99970,100,100113,100,99936,100,100122,100,99927,100
2019-06-28 09:30:00.000000079,100005,100,100001,100,100037,100,99991,100,100039,100,99990,100,100043,100,99982,200,100048,100,99981,100,100054,200,99980,100,100060,100,99974,100,100067,100,99970,100,100100,100,99936,100,100113,100,99927,100
2019-06-28 09:30:00.000000080,100005,100,100001,100,100037,100,99998,100,100039,100,99991,100,100043,100,99990,100,100048,100,99982,200,100054,200,99981,100,100060,100,99980,100,100067,100,99974,100,100100,100,99970,100,100113,100,99936,100
2019-06-28 09:30:00.000000081,100005,100,100001,100,100037,100,99998,100,100039,100,99991,100,100043,100,99990,100,100048,100,99982,200,100054,200,99981,100,100060,100,99980,200,100067,100,99974,100,100100,100,99970,100,100113,100,99936,100
2019-06-28 09:30:00.000000082,100005,100,100001,100,100037,100,99998,100,100039,100,99991,100,100043,100,99990,100,100048,100,99982,200,100054,200,99981,100,100060,100,99980,200,100067,100,99974,100,100092,100,99970,100,100100,100,99936,100
2019-06-28 09:30:00.000000085,100005,100,100001,100,100037,100,99998,100,100039,100,99991,100,100043,100,99990,100,100047,100,99982,200,100048,100,99981,100,100054,200,99980,200,100060,100,99974,100,100067,100,99970,100,100092,100,99936,100
2019-06-28 09:30:00.000000086,100005,100,100001,200,100037,100,99998,100,100039,100,99991,100,100043,100,99990,100,100047,100,99982,200,100048,100,99981,100,100054,200,99980,200,100060,100,99974,100,100067,100,99970,100,100092,100,99936,100
2019-06-28 09:30:00.000000087,100005,100,100001,200,100037,100,99998,100,100039,100,99991,100,100043,100,99990,100,100047,100,99982,200,100048,100,99981,100,100054,200,99980,200,100060,100,99979,100,100067,100,99974,100,100092,100,99970,100
2019-06-28 09:30:00.000000088,100005,100,100001,200,100037,100,99998,100,100039,100,99991,100,100043,100,99990,100,100047,100,99982,200,100048,100,99981,100,100054,200,99980,200,100060,100,99979,100,100067,100,99974,100,100092,100,99970,100
2019-06-28 09:30:00.000000094,100005,100,100001,200,100037,100,99998,100,100039,100,99991,100,100043,100,99990,100,100047,100,99982,200,100048,100,99981,100,100054,200,99980,200,100060,100,99979,100,100065,100,99974,100,100067,100,99970,100
2019-06-28 09:30:00.000000095,100005,100,100001,200,100009,100,99998,100,100037,100,99991,100,100039,100,99990,100,100043,100,99982,200,100047,100,99981,100,100048,100,99980,200,100054,200,99979,100,100060,100,99974,100,100065,100,99970,100
2019-06-28 09:30:00.000000098,100005,200,100001,200,100009,100,99998,100,100037,100,99991,100,100039,100,99990,100,100043,100,99982,200,100047,100,99981,100,100048,100,99980,200,100054,200,99979,100,100060,100,99974,100,100065,100,99970,100
2019-06-28 09:30:10.000000000,100005,403,100001,403,100009,303,99998,303,100037,100,99991,100,100039,100,99990,100,100043,100,99982,200,100047,100,99981,100,100048,100,99980,200,100054,200,99979,100,100060,100,99974,100,100065,100,99970,100
2019-06-28 09:30:20.000000000,100005,338,100001,338,100009,234,99998,234,100037,234,99991,234,100039,100,99990,100,100043,100,99982,200,100047,100,99981,100,100048,100,99980,200,100054,200,99979,100,100060,100,99974,100,100065,100,99970,100
2019-06-28 09:30:30.000000000,100005,281,100001,281,100009,181,99998,181,100037,181,99991,181,100039,181,99990,181,100043,181,99982,281,100047,100,99981,100,100048,100,99980,200,100054,200,99979,100,100060,100,99974,100,100065,100,99970,100
2019-06-28 09:30:30.158695477,100005,281,100001,281,100009,181,99998,181,100037,181,99991,181,100039,181,99990,181,100043,81,99982,281,100047,100,99981,100,100048,100,99980,200,100054,200,99979,100,100060,100,99974,100,100065,100,99970,100
2019-06-28 09:30:40.000000000,100005,338,100001,338,100009,234,99998,234,100037,234,99991,234,100039,100,99990,100,100047,100,99982,200,100048,100,99981,100,100054,200,99980,200,100060,100,99979,100,100065,100,99974,100,100067,100,99970,100
2019-06-28 09:30:50.000000000,100005,281,100001,281,100009,181,99998,181,100037,181,99991,181,100039,181,99990,181,100047,181,99982,281,100048,100,99981,100,100054,200,99980,200,100060,100,99979,100,100065,100,99974,100,100067,100,99970,100
2019-06-28 09:30:57.130069962,100005,281,100001,281,100009,181,99998,181,100037,181,99991,181,100039,181,99990,181,100047,181,99982,281,100048,100,99981,100,100054,200,99980,200,100060,100,99974,100,100065,100,99970,100,100067,100,99936,100
2019-06-28 09:31:00.000000000,100005,281,100001,281,100009,181,99998,181,100037,181,99991,181,100039,181,99990,181,100047,181,99982,281,100048,100,99981,100,100054,200,99980,200,100060,100,99974,100,100065,100,99970,100,100067,100,99936,100
2019-06-28 09:31:10.000000000,100005,302,100001,302,100009,202,99998,202,100037,202,99991,202,100039,202,99990,202,100047,100,99982,200,100048,100,99981,100,100054,200,99980,200,100060,100,99974,100,100065,100,99970,100,100067,100,99936,100
2019-06-28 09:31:20.000000000,100005,403,100001,403,100009,303,99998,303,100037,100,99991,100,100039,100,99990,100,100047,100,99982,200,100048,100,99981,100,100054,200,99980,200,100060,100,99974,100,100065,100,99970,100,100067,100,99936,100
2019-06-28 09:31:30.000000000,100005,281,100001,281,100009,181,99998,181,100037,181,99991,181,100039,181,99990,181,100047,181,99982,281,100048,100,99981,100,100054,200,99980,200,100060,100,99974,100,100065,100,99970,100,100067,100,99936,100
2019-06-28 09:31:30.679881018,100005,281,100001,181,100009,181,99998,181,100037,181,99991,181,100039,181,99990,181,100047,181,99982,281,100048,100,99981,100,100054,200,99980,200,100060,100,99974,100,100065,100,99970,100,100067,100,99936,100
2019-06-28 09:31:32.833573547,100005,281,100001,181,100009,181,99998,181,100037,181,99991,181,100039,181,99990,181,100047,181,99982,281,100048,100,99981,100,100054,200,99980,200,100060,100,99974,100,100065,100,99970,100,100067,100,99936,100
2019-06-28 09:31:37.621422652,100005,281,100001,181,100009,181,99998,181,100028,100,99991,181,100037,181,99990,181,100039,181,99982,281,100047,81,99981,100,100048,100,99980,200,100054,200,99974,100,100060,100,99970,100,100065,100,99936,100
2019-06-28 09:31:40.000000000,100005,606,100001,506,100009,100,99998,100,100028,100,99991,100,100037,100,99990,100,100039,100,99982,200,100048,100,99981,100,100054,200,99980,200,100060,100,99974,100,100065,100,99970,100,100067,100,99936,100
2019-06-28 09:31:50.000000000,100005,606,100001,506,100009,100,99998,100,100028,100,99991,100,100037,100,99990,100,100039,100,99982,200,100048,100,99981,100,100054,200,99980,200,100060,100,99974,100,100065,100,99970,100,100067,100,99936,100
2019-06-28 09:31:51.576669395,100004,100,100001,506,100005,606,99998,100,100009,100,99991,100,100028,100,99990,100,100037,100,99982,200,100039,100,99981,100,100048,100,99980,200,100054,200,99974,100,100060,100,99970,100,100065,100,99936,100
2019-06-28 09:32:00.000000000,100004,238,100001,238,100005,334,99998,234,100009,234,99991,234,100028,100,99990,100,100037,100,99982,200,100039,100,99981,100,100048,100,99980,200,100054,200,99974,100,100060,100,99970,100,100065,100,99936,100
2019-06-28 09:32:02.022705735,100004,338,100001,238,100005,334,99998,234,100009,234,99991,234,100028,100,99990,100,100037,100,99982,200,100039,100,99981,100,100048,100,99980,200,100054,200,99974,100,100060,100,99970,100,100065,100,99936,100
2019-06-28 09:32:07.191082438,100004,338,100001,238,100005,334,99998,234,100009,234,99991,234,100028,100,99990,100,100037,100,99982,200,100039,100,99981,100,100048,100,99980,200,100054,200,99974,100,100060,100,99970,100,100065,100,99936,100
2019-06-28 09:32:10.000000000,100004,281,100001,181,100005,281,99998,181,100009,181,99991,181,100028,181,99990,181,100037,181,99982,281,100039,100,99981,100,100048,100,99980,200,100054,200,99974,100,100060,100,99970,100,100065,100,99936,100
2019-06-28 09:32:20.000000000,100004,338,100001,238,100005,334,99998,234,100009,234,99991,234,100028,100,99990,100,100037,100,99982,200,100039,100,99981,100,100048,100,99980,200,100054,200,99974,100,100060,100,99970,100,100065,100,99936,100
2019-06-28 09:32:30.000000000,100004,606,100001,506,100005,200,99998,100,100009,100,99991,100,100028,100,99990,100,100037,100,99982,200,100039,100,99981,100,100048,100,99980,200,100054,200,99974,100,100060,100,99970,100,100065,100,99936,100
2019-06-28 09:32:40.000000000,100004,281,100001,181,100005,281,99998,181,100009,181,99991,181,100028,181,99990,181,100037,181,99982,281,100039,100,99981,100,100048,100,99980,200,100054,200,99974,100,100060,100,99970,100,100065,100,99936,100
2019-06-28 09:32:42.347472193,100004,281,100001,181,100005,281,99998,181,100009,181,99991,181,100028,181,99990,181,100037,181,99982,281,100039,100,99981,100,100048,100,99980,200,100054,200,99974,100,100060,100,99970,100,100065,100,99927,100
2019-06-28 09:32:43.882836107,100004,181,100001,181,100005,281,99998,181,100009,181,99991,181,100028,181,99990,181,100037,181,99982,281,100039,100,99981,100,100048,100,99980,200,100054,200,99974,100,100060,100,99970,100,100065,100,99927,100
2019-06-28 09:32:50.000000000,100004,303,100001,303,100005,403,99998,303,100009,100,99991,100,100028,100,99990,100,100037,100,99982,200,100039,100,99981,100,100048,100,99980,200,100054,200,99974,100,100060,100,99970,100,100065,100,99927,100
2019-06-28 09:32:55.161908795,100004,203,100001,303,100005,403,99998,303,100009,100,99991,100,100028,100,99990,100,100037,100,99982,200,100039,100,99981,100,100048,100,99980,200,100054,200,99974,100,100060,100,99970,100,100065,100,99927,100
2019-06-28 09:32:55.191966600,100004,103,100001,303,100005,303,99998,303,100009,100,99991,100,100028,100,99990,100,100037,100,99982,200,100039,100,99981,100,100048,100,99980,200,100054,200,99974,100,100060,100,99970,100,100065,100,99927,100
2019-06-28 09:32:58.851013629,100004,3,100001,303,100005,303,99998,303,100009,100,99991,100,100028,100,99990,100,100037,100,99982,200,100039,100,99981,100,100048,100,99980,200,100054,200,99974,100,100060,100,99970,100,100065,100,99927,100
2019-06-28 09:33:00.000000000,100005,303,100001,303,100009,303,99998,303,100028,100,99991,100,100037,100,99990,100,100039,100,99982,200,100048,100,99981,100,100054,200,99980,200,100060,100,99974,100,100065,100,99970,100,100092,100,99927,100
2019-06-28 09:33:10.000000000,100005,506,100001,506,100009,100,99998,100,100028,100,99991,100,100037,100,99990,100,100039,100,99982,200,100048,100,99981,100,100054,200,99980,200,100060,100,99974,100,100065,100,99970,100,100092,100,99927,100
2019-06-28 09:33:20.000000000,100005,238,100001,238,100009,234,99998,234,100028,234,99991,234,100037,100,99990,100,100039,100,99982,200,100048,100,99981,100,100054,200,99980,200,100060,100,99974,100,100065,100,99970,100,100092,100,99927,100
2019-06-28 09:33:22.257439409,100005,238,100001,238,100009,234,99998,234,100028,234,99991,234,100039,100,99990,100,100048,100,99982,200,100054,200,99981,100,100060,100,99980,200,100065,100,99974,100,100092,100,99970,100,100098,100,99927,100
2019-06-28 09:33:30.000000000,100005,303,100001,303,100009,303,99998,303,100028,100,99991,100,100039,100,99990,100,100048,100,99982,200,100054,200,99981,100,100060,100,99980,200,100065,100,99974,100,100092,100,99970,100,100098,100,99927,100
2019-06-28 09:33:40.000000000,100005,181,100001,181,100009,181,99998,181,100028,181,99991,181,100039,181,99990,181,100048,181,99982,281,100054,200,99981,100,100060,100,99980,200,100065,100,99974,100,100092,100,99970,100,100098,100,99927,100
2019-06-28 09:33:50.000000000,100005,181,100001,181,100009,181,99998,181,100028,181,99991,181,100039,181,99990,181,100048,181,99982,281,100054,200,99981,100,100060,100,99980,200,100065,100,99974,100,100092,100,99970,100,100098,100,99927,100
2019-06-28 09:34:00.000000000,100005,181,100001,181,100009,181,99998,181,100028,181,99991,181,100039,181,99990,181,100048,181,99982,281,100054,200,99981,100,100060,100,99980,200,100065,100,99974,100,100092,100,99970,100,100098,100,99927,100
2019-06-28 09:34:10.000000000,100005,202,100001,202,100009,202,99998,202,100028,202,99991,202,100039,202,99990,202,100048,100,99982,200,100054,200,99981,100,100060,100,99980,200,100065,100,99974,100,100092,100,99970,100,100098,100,99927,100
2019-06-28 09:34:20.000000000,100005,181,100001,181,100009,181,99998,181,100028,181,99991,181,100039,181,99990,181,100048,181,99982,281,100054,200,99981,100,100060,100,99980,200,100065,100,99974,100,100092,100,99970,100,100098,100,99927,100
2019-06-28 09:34:30.000000000,100005,181,100001,181,100009,181,99998,181,100028,181,99991,181,100039,181,99990,181,100048,181,99982,281,100054,200,99981,100,100060,100,99980,200,100065,100,99974,100,100092,100,99970,100,100098,100,99927,100
2019-06-28 09:34:40.000000000,100005,202,100001,202,100009,202,99998,202,100028,202,99991,202,100039,202,99990,202,100048,100,99982,200,100054,200,99981,100,100060,100,99980,200,100065,100,99974,100,100092,100,99970,100,100098,100,99927,100
2019-06-28 09:34:42.220058388,100005,202,100001,202,100009,202,99998,202,100028,202,99991,202,100039,202,99990,202,100048,100,99982,200,100054,200,99981,100,100065,100,99980,200,100092,100,99974,100,100098,100,99970,100,100100,100,99927,100
2019-06-28 09:34:50.000000000,100005,181,100001,181,100009,181,99998,181,100028,181,99991,181,100039,181,99990,181,100048,181,99982,281,100054,200,99981,100,100065,100,99980,200,100092,100,99974,100,100098,100,99970,100,100100,100,99927,100
2019-06-28 09:35:00.000000000,100005,303,100001,303,100009,303,99998,303,100028,100,99991,100,100039,100,99990,100,100048,100,99982,200,100054,200,99981,100,100065,100,99980,200,100092,100,99974,100,100098,100,99970,100,100100,100,99927,100
2019-06-28 09:35:05.746610690,100005,303,100001,303,100009,303,99998,303,100028,100,99991,100,100039,100,99990,100,100048,100,99982,200,100054,200,99981,100,100065,100,99980,200,100098,100,99974,100,100100,100,99970,100,100102,100,99927,100
2019-06-28 09:35:07.142642909,100005,303,100001,203,100009,303,99998,303,100028,100,99991,100,100039,100,99990,100,100048,100,99982,200,100054,200,99981,100,100065,100,99980,200,100100,100,99974,100,100102,100,99970,100,100113,100,99927,100
2019-06-28 09:35:10.000000000,100005,202,99998,202,100009,202,99991,202,100028,202,99990,202,100039,202,99982,302,100048,100,99981,100,100054,200,99980,200,100065,100,99974,100,100100,100,99970,100,100102,100,99927,100,100113,100,99912,100
2019-06-28 09:35:20.000000000,100005,202,99998,202,100009,202,99991,202,100028,202,99990,202,100039,202,99982,302,100048,100,99981,100,100054,200,99980,200,100065,100,99974,100,100100,100,99970,100,100102,100,99927,100,100113,100,99912,100
2019-06-28 09:35:23.089496319,100005,202,99998,202,100009,202,99991,202,100028,202,99990,202,100039,202,99982,302,100048,100,99981,100,100054,200,99980,200,100065,100,99974,100,100100,100,99970,100,100102,100,99927,100,100113,100,99912,100
2019-06-28 09:35:30.000000000,100005,506,99998,506,100009,100,99991,100,100028,100,99990,100,100039,100,99982,200,100048,100,99981,100,100054,200,99980,200,100065,100,99974,100,100100,100,99970,100,100102,100,99927,100,100113,100,99912,100
2019-06-28 09:35:36.515741715,100005,506,99998,506,100009,100,99991,100,100028,100,99990,100,100039,100,99982,200,100048,100,99981,100,100054,100,99980,200,100065,100,99974,100,100100,100,99970,100,100102,100,99927,100,100113,100,99912,100
2019-06-28 09:35:40.000000000,100005,181,99998,181,100009,181,99991,181,100028,181,99990,181,100039,181,99982,281,100048,181,99981,181,100054,100,99980,200,100065,100,99974,100,100100,100,99970,100,100102,100,99927,100,100113,100,99912,100
2019-06-28 09:35:50.000000000,100005,238,99998,238,100009,234,99991,234,100028,234,99990,234,100039,100,99982,200,100048,100,99981,100,100054,100,99980,200,100065,100,99974,100,100100,100,99970,100,100102,100,99927,100,100113,100,99912,100
2019-06-28 09:36:00.000000000,100005,181,99998,181,100009,181,99991,181,100028,181,99990,181,100039,181,99982,281,100048,181,99981,181,100054,100,99980,200,100065,100,99974,100,100100,100,99970,100,100102,100,99927,100,100113,100,99912,100
2019-06-28 09:36:10.000000000,100005,202,99998,202,100009,202,99991,202,100028,202,99990,202,100039,202,99982,302,100048,100,99981,100,100054,100,99980,200,100065,100,99974,100,100100,100,99970,100,100102,100,99927,100,100113,100,99912,100
2019-06-28 09:36:20.000000000,100005,303,99998,303,100009,303,99991,303,100028,100,99990,100,100039,100,99982,200,100048,100,99981,100,100054,100,99980,200,100065,100,99974,100,100100,100,99970,100,100102,100,99927,100,100113,100,99912,100
2019-06-28 09:36:30.000000000,100005,303,99998,303,100009,303,99991,303,100028,100,99990,100,100039,100,99982,200,100048,100,99981,100,100054,100,99980,200,100065,100,99974,100,100100,100,99970,100,100102,100,99927,100,100113,100,99912,100
2019-06-28 09:36:36.289331349,100004,100,99998,303,100005,303,99991,303,100009,303,99990,100,100028,100,99982,200,100039,100,99981,100,100048,100,99980,200,100054,100,99974,100,100065,100,99970,100,100100,100,99927,100,100102,100,99912,100
2019-06-28 09:36:40.000000000,100004,181,99998,181,100005,181,99991,181,100009,181,99990,181,100028,181,99982,281,100039,181,99981,181,100048,100,99980,200,100054,100,99974,100,100065,100,99970,100,100100,100,99927,100,100102,100,99912,100
2019-06-28 09:36:50.000000000,100004,303,99998,303,100005,303,99991,303,100009,100,99990,100,100028,100,99982,200,100039,100,99981,100,100048,100,99980,200,100054,100,99974,100,100065,100,99970,100,100100,100,99927,100,100102,100,99912,100
2019-06-28 09:37:00.000000000,100004,303,99998,303,100005,303,99991,303,100009,100,99990,100,100028,100,99982,200,100039,100,99981,100,100048,100,99980,200,100054,100,99974,100,100065,100,99970,100,100100,100,99927,100,100102,100,99912,100
2019-06-28 09:37:09.195341936,100004,403,99998,303,100005,303,99991,303,100009,100,99990,100,100028,100,99982,200,100039,100,99981,100,100048,100,99980,200,100054,100,99974,100,100065,100,99970,100,100100,100,99927,100,100102,100,99912,100
2019-06-28 09:37:10.000000000,100004,606,99998,506,100005,100,99991,100,100009,100,99990,100,100028,100,99982,200,100039,100,99981,100,100048,100,99980,200,100054,100,99974,100,100065,100,99970,100,100100,100,99927,100,100102,100,99912,100
2019-06-28 09:37:20.000000000,100004,338,99998,238,100005,234,99991,234,100009,234,99990,234,100028,100,99982,200,100039,100,99981,100,100048,100,99980,200,100054,100,99974,100,100065,100,99970,100,100100,100,99927,100,100102,100,99912,100
2019-06-28 09:37:20.181113369,100004,338,99998,138,100005,234,99991,234,100009,234,99990,234,100028,100,99982,200,100039,100,99981,100,100048,100,99980,200,100054,100,99974,100,100065,100,99970,100,100100,100,99927,100,100102,100,99912,100
2019-06-28 09:37:30.000000000,100004,338,99991,238,100005,234,99990,234,100009,234,99982,334,100028,100,99981,100,100039,100,99980,200,100048,100,99974,100,100054,100,99970,100,100065,100,99927,100,100100,100,99912,100,100102,100,99902,100
2019-06-28 09:37:34.323880083,100004,338,99991,138,100005,234,99990,234,100009,234,99982,334,100028,100,99981,100,100039,100,99980,200,100048,100,99974,100,100054,100,99970,100,100065,100,99927,100,100100,100,99912,100,100102,100,99902,100
2019-06-28 09:37:40.000000000,100004,281,99990,181,100005,181,99982,281,100009,181,99981,181,100028,181,99980,281,100039,181,99974,181,100048,100,99970,100,100054,100,99927,100,100065,100,99912,100,100100,100,99902,100,100102,100,99890,100
2019-06-28 09:37:50.000000000,100004,403,99990,303,100005,303,99982,403,100009,100,99981,100,100028,100,99980,200,100039,100,99974,100,100048,100,99970,100,100054,100,99927,100,100065,100,99912,100,100100,100,99902,100,100102,100,99890,100
2019-06-28 09:38:00.000000000,100004,606,99990,506,100005,100,99982,200,100009,100,99981,100,100028,100,99980,200,100039,100,99974,100,100048,100,99970,100,100054,100,99927,100,100065,100,99912,100,100100,100,99902,100,100102,100,99890,100
2019-06-28 09:38:10.000000000,100004,302,99990,202,100005,202,99982,302,100009,202,99981,202,100028,202,99980,302,100039,100,99974,100,100048,100,99970,100,100054,100,99927,100,100065,100,99912,100,100100,100,99902,100,100102,100,99890,100
2019-06-28 09:38:18.017123623,100004,302,99990,202,100005,202,99982,302,100009,202,99981,202,100028,202,99980,302,100039,100,99974,100,100054,100,99970,100,100065,100,99927,100,100100,100,99912,100,100102,100,99902,100,100113,100,99890,100
2019-06-28 09:38:20.000000000,100004,281,99990,181,100005,181,99982,281,100009,181,99981,181,100028,181,99980,281,100039,181,99974,181,100054,100,99970,100,100065,100,99927,100,100100,100,99912,100,100102,100,99902,100,100113,100,99890,100
2019-06-28 09:38:28.347590205,100004,281,99990,181,100005,181,99982,281,100009,181,99981,181,100028,181,99980,281,100039,181,99974,81,100054,100,99970,100,100065,100,99927,100,100100,100,99912,100,100102,100,99902,100,100113,100,99898,100
2019-06-28 09:38:30.000000000,100004,281,99990,181,100005,181,99982,281,100009,181,99981,181,100028,181,99980,281,100039,181,99970,181,100054,100,99927,100,100065,100,99912,100,100100,100,99902,100,100102,100,99898,100,100113,100,99890,100
2019-06-28 09:38:40.000000000,100004,606,99990,506,100005,100,99982,200,100009,100,99981,100,100028,100,99980,200,100039,100,99970,100,100054,100,99927,100,100065,100,99912,100,100100,100,99902,100,100102,100,99898,100,100113,100,99890,100
2019-06-28 09:38:50.000000000,100004,338,99990,238,100005,234,99982,334,100009,234,99981,234,100028,100,99980,200,100039,100,99970,100,100054,100,99927,100,100065,100,99912,100,100100,100,99902,100,100102,100,99898,100,100113,100,99890,100
2019-06-28 09:38:51.730078351,100004,338,99990,138,100005,234,99982,334,100009,234,99981,234,100028,100,99980,200,100039,100,99970,100,100054,100,99927,100,100065,100,99912,100,100102,100,99902,100,100113,100,99898,100,100122,100,99890,100
2019-06-28 09:39:00.000000000,100004,338,99982,338,100005,234,99981,234,100009,234,99980,334,100028,100,99970,100,100039,100,99927,100,100054,100,99912,100,100065,100,99902,100,100102,100,99898,100,100113,100,99890,100,100122,100,99881,100
2019-06-28 09:39:02.798278435,100004,338,99982,238,100005,234,99981,234,100009,234,99980,334,100028,100,99970,100,100039,100,99927,100,100054,100,99912,100,100065,100,99902,100,100102,100,99898,100,100113,100,99890,100,100122,100,99881,100
2019-06-28 09:39:10.000000000,100004,338,99982,238,100005,234,99981,234,100009,234,99980,334,100028,100,99970,100,100039,100,99927,100,100054,100,99912,100,100065,100,99902,100,100102,100,99898,100,100113,100,99890,100,100122,100,99881,100
2019-06-28 09:39:20.000000000,100004,302,99982,202,100005,202,99981,202,100009,202,99980,302,100028,202,99970,202,100039,100,99927,100,100054,100,99912,100,100065,100,99902,100,100102,100,99898,100,100113,100,99890,100,100122,100,99881,100
2019-06-28 09:39:30.000000000,100004,606,99982,506,100005,100,99981,100,100009,100,99980,200,100028,100,99970,100,100039,100,99927,100,100054,100,99912,100,100065,100,99902,100,100102,100,99898,100,100113,100,99890,100,100122,100,99881,100
2019-06-28 09:39:40.000000000,100004,302,99982,202,100005,202,99981,202,100009,202,99980,302,100028,202,99970,202,100039,100,99927,100,100054,100,99912,100,100065,100,99902,100,100102,100,99898,100,100113,100,99890,100,100122,100,99881,100
2019-06-28 09:39:46.694756902,100004,302,99982,102,100005,202,99981,202,100009,202,99980,302,100028,202,99970,202,100039,100,99927,100,100054,100,99912,100,100065,100,99902,100,100102,100,99898,100,100122,100,99890,100,100123,100,99881,100
2019-06-28 09:39:50.000000000,100004,338,99981,238,100005,234,99980,334,100009,234,99970,234,100028,100,99927,100,100039,100,99912,100,100054,100,99902,100,100065,100,99898,100,100102,100,99890,100,100122,100,99881,100,100123,100,99843,100
2019-06-28 09:39:54.410270470,100004,338,99981,138,100005,234,99980,334,100009,234,99970,234,100028,100,99927,100,100039,100,99912,100,100054,100,99902,100,100065,100,99898,100,100102,100,99890,100,100122,100,99881,100,100123,100,99843,100
2019-06-28 09:40:00.000000000,100004,302,99980,302,100005,202,99970,202,100009,202,99927,202,100028,202,99912,202,100039,100,99902,100,100054,100,99898,100,100065,100,99890,100,100102,100,99881,100,100122,100,99843,100,100123,100,99834,100
2019-06-28 09:40:10.000000000,100004,281,99980,281,100005,181,99970,181,100009,181,99927,181,100028,181,99912,181,100039,181,99902,181,100054,100,99898,100,100065,100,99890,100,100102,100,99881,100,100122,100,99843,100,100123,100,99834,100
2019-06-28 09:40:10.661806279,100004,281,99980,181,100005,181,99970,181,100009,181,99927,181,100028,181,99912,181,100039,181,99902,181,100054,100,99898,100,100065,100,99890,100,100102,100,99881,100,100122,100,99843,100,100123,100,99834,100
2019-06-28 09:40:20.000000000,100004,403,99980,303,100005,303,99970,303,100009,100,99927,100,100028,100,99912,100,100039,100,99902,100,100054,100,99898,100,100065,100,99890,100,100102,100,99881,100,100122,100,99843,100,100123,100,99834,100
2019-06-28 09:40:30.000000000,100004,403,99980,303,100005,303,99970,303,100009,100,99927,100,100028,100,99912,100,100039,100,99902,100,100054,100,99898,100,100065,100,99890,100,100102,100,99881,100,100122,100,99843,100,100123,100,99834,100
2019-06-28 09:40:35.850896613,99982,100,99980,303,100004,403,99970,303,100005,303,99927,100,100009,100,99912,100,100028,100,99902,100,100039,100,99898,100,100054,100,99890,100,100065,100,99881,100,100102,100,99843,100,100122,100,99834,100
2019-06-28 09:40:40.000000000,99982,303,99980,303,100004,403,99970,303,100005,100,99927,100,100009,100,99912,100,100028,100,99902,100,100039,100,99898,100,100054,100,99890,100,100065,100,99881,100,100102,100,99843,100,100122,100,99834,100
2019-06-28 09:40:45.030860540,99982,303,99980,303,100004,403,99970,303,100005,100,99927,100,100009,100,99912,100,100028,100,99902,100,100039,100,99898,100,100054,100,99890,100,100065,100,99881,100,100102,100,99843,100,100122,100,99834,100
2019-06-28 09:40:50.000000000,99982,506,99980,506,100004,200,99970,100,100005,100,99927,100,100009,100,99912,100,100028,100,99902,100,100039,100,99898,100,100054,100,99890,100,100065,100,99881,100,100102,100,99843,100,100122,100,99834,100
2019-06-28 09:41:00.000000000,99982,238,99980,238,100004,334,99970,234,100005,234,99927,234,100009,100,99912,100,100028,100,99902,100,100039,100,99898,100,100054,100,99890,100,100065,100,99881,100,100102,100,99843,100,100122,100,99834,100
2019-06-28 09:41:05.771382443,99982,238,99980,238,100004,334,99970,234,100005,234,99927,234,100009,100,99912,100,100028,100,99902,100,100039,100,99898,100,100054,100,99890,100,100065,100,99881,100,100102,100,99843,100,100122,100,99834,100
2019-06-28 09:41:10.000000000,99982,202,99980,202,100004,302,99970,202,100005,202,99927,202,100009,202,99912,202,100028,100,99902,100,100039,100,99898,100,100054,100,99890,100,100065,100,99881,100,100102,100,99843,100,100122,100,99834,100
2019-06-28 09:41:20.000000000,99982,238,99980,238,100004,334,99970,234,100005,234,99927,234,100009,100,99912,100,100028,100,99902,100,100039,100,99898,100,100054,100,99890,100,100065,100,99881,100,100102,100,99843,100,100122,100,99834,100
2019-06-28 09:41:20.170106172,99982,238,99980,138,100004,334,99970,234,100005,234,99927,234,100009,100,99912,100,100028,100,99902,100,100039,100,99898,100,100054,100,99890,100,100065,100,99881,100,100102,100,99843,100,100122,100,99834,100
2019-06-28 09:41:30.000000000,99982,238,99970,238,100004,334,99927,234,100005,234,99912,234,100009,100,99902,100,100028,100,99898,100,100039,100,99890,100,100054,100,99881,100,100065,100,99843,100,100102,100,99834,100,100122,100,99751,100
2019-06-28 09:41:39.576331306,99982,238,99970,238,100004,334,99927,234,100005,234,99912,234,100009,100,99902,100,100028,100,99898,100,100039,100,99890,100,100054,100,99881,100,100065,100,99843,100,100102,100,99834,100,100122,100,99751,100
2019-06-28 09:41:40.000000000,99982,303,99970,303,100004,403,99927,303,100005,100,99912,100,100009,100,99902,100,100028,100,99898,100,100039,100,99890,100,100054,100,99881,100,100065,100,99843,100,100102,100,99834,100,100122,100,99751,100
2019-06-28 09:41:50.000000000,99982,202,99970,202,100004,302,99927,202,100005,202,99912,202,100009,202,99902,202,100028,100,99898,100,100039,100,99890,100,100054,100,99881,100,100065,100,99843,100,100102,100,99834,100,100122,100,99751,100
2019-06-28 09:42:00.000000000,99982,181,99970,181,100004,281,99927,181,100005,181,99912,181,100009,181,99902,181,100028,181,99898,181,100039,100,99890,100,100054,100,99881,100,100065,100,99843,100,100102,100,99834,100,100122,100,99751,100
2019-06-28 09:42:10.000000000,99982,238,99970,238,100004,334,99927,234,100005,234,99912,234,100009,100,99902,100,100028,100,99898,100,100039,100,99890,100,100054,100,99881,100,100065,100,99843,100,100102,100,99834,100,100122,100,99751,100
2019-06-28 09:42:14.285721377,99982,238,99970,238,100004,334,99927,234,100005,234,99912,234,100009,100,99902,100,100028,100,99898,100,100039,100,99890,100,100054,100,99881,100,100065,100,99843,100,100102,100,99834,100,100122,100,99751,100
2019-06-28 09:42:20.000000000,99982,238,99970,238,100004,334,99927,234,100005,234,99912,234,100009,100,99902,100,100028,100,99898,100,100039,100,99890,100,100054,100,99881,100,100065,100,99843,100,100102,100,99834,100,100122,100,99751,100
2019-06-28 09:42:21.302698072,99982,238,99970,238,100004,334,99927,234,100005,234,99912,234,100009,100,99902,100,100028,100,99898,100,100039,100,99890,100,100054,100,99881,100,100065,100,99843,100,100102,100,99834,100,100122,100,99751,100
2019-06-28 09:42:30.000000000,99982,238,99970,238,100004,334,99927,234,100005,234,99912,234,100009,100,99902,100,100028,100,99898,100,100039,100,99890,100,100054,100,99881,100,100065,100,99843,100,100102,100,99834,100,100122,100,99751,100
2019-06-28 09:42:40.000000000,99982,238,99970,238,100004,334,99927,234,100005,234,99912,234,100009,100,99902,100,100028,100,99898,100,100039,100,99890,100,100054,100,99881,100,100065,100,99843,100,100102,100,99834,100,100122,100,99751,100
2019-06-28 09:42:50.000000000,99982,181,99970,181,100004,281,99927,181,100005,181,99912,181,100009,181,99902,181,100028,181,99898,181,100039,100,99890,100,100054,100,99881,100,100065,100,99843,100,100102,100,99834,100,100122,100,99751,100
2019-06-28 09:43:00.000000000,99982,303,99970,303,100004,403,99927,303,100005,100,99912,100,100009,100,99902,100,100028,100,99898,100,100039,100,99890,100,100054,100,99881,100,100065,100,99843,100,100102,100,99834,100,100122,100,99751,100
2019-06-28 09:43:04.686880560,99981,100,99970,303,99982,303,99927,303,100004,403,99912,100,100005,100,99902,100,100009,100,99898,100,100028,100,99890,100,100039,100,99881,100,100054,100,99843,100,100065,100,99834,100,100102,100,99751,100
2019-06-28 09:43:09.307480279,99981,100,99970,303,99982,203,99927,303,100004,403,99912,100,100005,100,99902,100,100009,100,99898,100,100028,100,99890,100,100039,100,99881,100,100054,100,99843,100,100065,100,99834,100,100102,100,99751,100
2019-06-28 09:43:10.000000000,99981,181,99970,181,100004,281,99927,181,100005,181,99912,181,100009,181,99902,181,100028,181,99898,181,100039,100,99890,100,100054,100,99881,100,100065,100,99843,100,100102,100,99834,100,100122,100,99751,100
2019-06-28 09:43:18.326639243,99981,181,99970,81,100004,281,99927,181,100005,181,99912,181,100009,181,99902,181,100028,181,99898,181,100039,100,99890,100,100054,100,99881,100,100065,100,99843,100,100102,100,99834,100,100122,100,99751,100
2019-06-28 09:43:20.000000000,99981,303,99927,303,100004,403,99912,303,100005,100,99902,100,100009,100,99898,100,100028,100,99890,100,100039,100,99881,100,100054,100,99843,100,100065,100,99834,100,100102,100,99751,100,100122,100,99725,100
2019-06-28 09:43:30.000000000,99981,303,99927,303,100004,403,99912,303,100005,100,99902,100,100009,100,99898,100,100028,100,99890,100,100039,100,99881,100,100054,100,99843,100,100065,100,99834,100,100102,100,99751,100,100122,100,99725,100
2019-06-28 09:43:40.000000000,99981,202,99927,202,100004,302,99912,202,100005,202,99902,202,100009,202,99898,202,100028,100,99890,100,100039,100,99881,100,100054,100,99843,100,100065,100,99834,100,100102,100,99751,100,100122,100,99725,100
2019-06-28 09:43:50.000000000,99981,303,99927,303,100004,403,99912,303,100005,100,99902,100,100009,100,99898,100,100028,100,99890,100,100039,100,99881,100,100054,100,99843,100,100065,100,99834,100,100102,100,99751,100,100122,100,99725,100
2019-06-28 09:44:00.000000000,99981,303,99927,303,100004,403,99912,303,100005,100,99902,100,100009,100,99898,100,100028,100,99890,100,100039,100,99881,100,100054,100,99843,100,100065,100,99834,100,100102,100,99751,100,100122,100,99725,100
2019-06-28 09:44:07.360103997,99981,303,99927,303,100004,403,99912,303,100005,100,99902,100,100009,100,99898,100,100028,100,99890,100,100039,100,99881,100,100054,100,99843,100,100102,100,99834,100,100122,100,99751,100,100123,100,99725,100
2019-06-28 09:44:10.000000000,99981,202,99927,202,100004,302,99912,202,100005,202,99902,202,100009,202,99898,202,100028,100,99890,100,100039,100,99881,100,100054,100,99843,100,100102,100,99834,100,100122,100,99751,100,100123,100,99725,100
2019-06-28 09:44:20.000000000,99981,202,99927,202,100004,302,99912,202,100005,202,99902,202,100009,202,99898,202,100028,100,99890,100,100039,100,99881,100,100054,100,99843,100,100102,100,99834,100,100122,100,99751,100,100123,100,99725,100
2019-06-28 09:44:23.193296038,99981,202,99927,102,100004,302,99912,202,100005,202,99902,202,100009,202,99898,202,100028,100,99890,100,100039,100,99881,100,100054,100,99843,100,100102,100,99834,100,100122,100,99751,100,100123,100,99725,100
2019-06-28 09:44:26.684248775,99981,202,99927,102,100004,302,99912,202,100005,202,99902,202,100009,202,99898,202,100028,100,99890,100,100039,100,99881,100,100102,100,99843,100,100122,100,99834,100,100123,100,99751,100,100132,100,99725,100
2019-06-28 09:44:30.000000000,99981,303,99912,303,100004,403,99902,303,100005,100,99898,100,100009,100,99890,100,100028,100,99881,100,100039,100,99843,100,100102,100,99834,100,100122,100,99751,100,100123,100,99725,100,100132,100,99636,100
2019-06-28 09:44:39.573724282,99981,303,99912,303,100004,403,99902,303,100005,100,99898,100,100009,100,99890,100,100028,100,99881,100,100039,100,99843,100,100102,100,99834,100,100122,100,99751,100,100132,100,99725,100,100144,100,99636,100
2019-06-28 09:44:40.000000000,99981,202,99912,202,100004,302,99902,202,100005,202,99898,202,100009,202,99890,202,100028,100,99881,100,100039,100,99843,100,100102,100,99834,100,100122,100,99751,100,100132,100,99725,100,100144,100,99636,100
2019-06-28 09:44:50.000000000,99981,303,99912,303,100004,403,99902,303,100005,100,99898,100,100009,100,99890,100,100028,100,99881,100,100039,100,99843,100,100102,100,99834,100,100122,100,99751,100,100132,100,99725,100,100144,100,99636,100
2019-06-28 09:45:00.000000000,99981,506,99912,506,100004,200,99902,100,100005,100,99898,100,100009,100,99890,100,100028,100,99881,100,100039,100,99843,100,100102,100,99834,100,100122,100,99751,100,100132,100,99725,100,100144,100,99636,100
2019-06-28 09:45:02.917232309,99981,506,99912,506,100004,200,99902,100,100005,100,99898,100,100009,100,99890,100,100028,100,99881,100,100039,100,99843,100,100102,100,99834,100,100122,100,99751,100,100132,100,99725,100,100144,100,99636,100
2019-06-28 09:45:10.000000000,99981,506,99912,506,100004,200,99902,100,100005,100,99898,100,100009,100,99890,100,100028,100,99881,100,100039,100,99843,100,100102,100,99834,100,100122,100,99751,100,100132,100,99725,100,100144,100,99636,100
2019-06-28 09:45:20.000000000,99981,303,99912,303,100004,403,99902,303,100005,100,99898,100,100009,100,99890,100,100028,100,99881,100,100039,100,99843,100,100102,100,99834,100,100122,100,99751,100,100132,100,99725,100,100144,100,99636,100
2019-06-28 09:45:30.000000000,99981,506,99912,506,100004,200,99902,100,100005,100,99898,100,100009,100,99890,100,100028,100,99881,100,100039,100,99843,100,100102,100,99834,100,100122,100,99751,100,100132,100,99725,100,100144,100,99636,100
2019-06-28 09:45:31.044320390,99981,406,99912,506,100004,200,99902,100,100005,100,99898,100,100009,100,99890,100,100028,100,99881,100,100039,100,99843,100,100102,100,99834,100,100122,100,99751,100,100132,100,99725,100,100144,100,99636,100
2019-06-28 09:45:40.000000000,100004,281,99912,181,100005,181,99902,181,100009,181,99898,181,100028,181,99890,181,100039,181,99881,181,100102,100,99843,100,100122,100,99834,100,100132,100,99751,100,100144,100,99725,100,100150,100,99636,100
2019-06-28 09:45:48.196802959,100004,281,99912,181,100005,181,99902,181,100009,181,99898,181,100028,181,99890,181,100039,181,99881,181,100102,100,99843,100,100122,100,99834,100,100132,100,99751,100,100144,100,99725,100,100150,100,99636,100
2019-06-28 09:45:50.000000000,100004,606,99912,506,100005,100,99902,100,100009,100,99898,100,100028,100,99890,100,100039,100,99881,100,100102,100,99843,100,100122,100,99834,100,100132,100,99751,100,100144,100,99725,100,100150,100,99636,100
2019-06-28 09:46:00.000000000,100004,281,99912,181,100005,181,99902,181,100009,181,99898,181,100028,181,99890,181,100039,181,99881,181,100102,100,99843,100,100122,100,99834,100,100132,100,99751,100,100144,100,99725,100,100150,100,99636,100
2019-06-28 09:46:04.634373492,100004,181,99912,181,100005,181,99902,181,100009,181,99898,181,100028,181,99890,181,100039,181,99881,181,100102,100,99843,100,100122,100,99834,100,100132,100,99751,100,100144,100,99725,100,100150,100,99636,100
2019-06-28 09:46:06.705084159,100004,81,99912,181,100005,181,99902,181,100009,181,99898,181,100028,181,99890,181,100039,181,99881,181,100102,100,99843,100,100122,100,99834,100,100132,100,99751,100,100144,100,99725,100,100150,100,99636,100
2019-06-28 09:46:10.000000000,100005,506,99912,506,100009,100,99902,100,100028,100,99898,100,100039,100,99890,100,100102,100,99881,100,100122,100,99843,100,100132,100,99834,100,100144,100,99751,100,100150,100,99725,100,100342,100,99636,100
2019-06-28 09:46:20.000000000,100005,506,99912,506,100009,100,99902,100,100028,100,99898,100,100039,100,99890,100,100102,100,99881,100,100122,100,99843,100,100132,100,99834,100,100144,100,99751,100,100150,100,99725,100,100342,100,99636,100
2019-06-28 09:46:23.290171164,100005,506,100004,100,100009,100,99912,506,100028,100,99902,100,100039,100,99898,100,100102,100,99890,100,100122,100,99881,100,100132,100,99843,100,100144,100,99834,100,100150,100,99751,100,100342,100,99725,100
2019-06-28 09:46:30.000000000,100005,303,100004,303,100009,303,99912,303,100028,100,99902,100,100039,100,99898,100,100102,100,99890,100,100122,100,99881,100,100132,100,99843,100,100144,100,99834,100,100150,100,99751,100,100342,100,99725,100
2019-06-28 09:46:37.012947818,100005,303,100004,303,100009,303,99912,303,100028,100,99902,100,100039,100,99898,100,100102,100,99890,100,100122,100,99881,100,100132,100,99843,100,100144,100,99834,100,100342,100,99751,100,100396,100,99725,100
2019-06-28 09:46:40.000000000,100005,181,100004,181,100009,181,99912,181,100028,181,99902,181,100039,181,99898,181,100102,181,99890,181,100122,100,99881,100,100132,100,99843,100,100144,100,99834,100,100342,100,99751,100,100396,100,99725,100
2019-06-28 09:46:42.675636728,100005,181,100004,281,100009,181,99912,181,100028,181,99902,181,100039,181,99898,181,100102,181,99890,181,100122,100,99881,100,100132,100,99843,100,100144,100,99834,100,100342,100,99751,100,100396,100,99725,100
2019-06-28 09:46:50.000000000,100005,303,100004,403,100009,303,99912,303,100028,100,99902,100,100039,100,99898,100,100102,100,99890,100,100122,100,99881,100,100132,100,99843,100,100144,100,99834,100,100342,100,99751,100,100396,100,99725,100
2019-06-28 09:46:53.279192703,100005,303,100004,403,100009,303,99912,303,100028,100,99902,100,100039,100,99898,100,100102,100,99890,100,100122,100,99881,100,100132,100,99843,100,100144,100,99834,100,100342,100,99751,100,100396,100,99725,100
2019-06-28 09:47:00.000000000,100005,303,100004,403,100009,303,99912,303,100028,100,99902,100,100039,100,99898,100,100102,100,99890,100,100122,100,99881,100,100132,100,99843,100,100144,100,99834,100,100342,100,99751,100,100396,100,99725,100
2019-06-28 09:47:10.000000000,100005,303,100004,403,100009,303,99912,303,100028,100,99902,100,100039,100,99898,100,100102,100,99890,100,100122,100,99881,100,100132,100,99843,100,100144,100,99834,100,100342,100,99751,100,100396,100,99725,100
2019-06-28 09:47:13.843429019,100005,303,100004,403,100009,303,99912,303,100028,100,99902,100,100039,100,99898,100,100102,100,99890,100,100122,100,99881,100,100132,100,99843,100,100144,100,99834,100,100233,100,99751,100,100342,100,99725,100
2019-06-28 09:47:18.534706509,100005,303,100004,403,100009,303,99912,303,100028,100,99902,100,100039,100,99898,100,100102,100,99890,100,100122,100,99881,100,100132,100,99868,100,100144,100,99843,100,100233,100,99834,100,100342,100,99751,100
2019-06-28 09:47:20.000000000,100005,202,100004,302,100009,202,99912,202,100028,202,99902,202,100039,202,99898,202,100102,100,99890,100,100122,100,99881,100,100132,100,99868,100,100144,100,99843,100,100233,100,99834,100,100342,100,99751,100
2019-06-28 09:47:30.000000000,100005,238,100004,338,100009,234,99912,234,100028,234,99902,234,100039,100,99898,100,100102,100,99890,100,100122,100,99881,100,100132,100,99868,100,100144,100,99843,100,100233,100,99834,100,100342,100,99751,100
2019-06-28 09:47:40.000000000,100005,303,100004,403,100009,303,99912,303,100028,100,99902,100,100039,100,99898,100,100102,100,99890,100,100122,100,99881,100,100132,100,99868,100,100144,100,99843,100,100233,100,99834,100,100342,100,99751,100
2019-06-28 09:47:50.000000000,100005,303,100004,403,100009,303,99912,303,100028,100,99902,100,100039,100,99898,100,100102,100,99890,100,100122,100,99881,100,100132,100,99868,100,100144,100,99843,100,100233,100,99834,100,100342,100,99751,100
2019-06-28 09:48:00.000000000,100005,238,100004,338,100009,234,99912,234,100028,234,99902,234,100039,100,99898,100,100102,100,99890,100,100122,100,99881,100,100132,100,99868,100,100144,100,99843,100,100233,100,99834,100,100342,100,99751,100
2019-06-28 09:48:10.000000000,100005,181,100004,281,100009,181,99912,181,100028,181,99902,181,100039,181,99898,181,100102,181,99890,181,100122,100,99881,100,100132,100,99868,100,100144,100,99843,100,100233,100,99834,100,100342,100,99751,100
2019-06-28 09:48:16.440721293,100005,181,100004,181,100009,181,99912,181,100028,181,99902,181,100039,181,99898,181,100102,181,99890,181,100122,100,99881,100,100132,100,99868,100,100144,100,99843,100,100233,100,99834,100,100342,100,99751,100
2019-06-28 09:48:20.000000000,100005,238,100004,238,100009,234,99912,234,100028,234,99902,234,100039,100,99898,100,100102,100,99890,100,100122,100,99881,100,100132,100,99868,100,100144,100,99843,100,100233,100,99834,100,100342,100,99751,100
2019-06-28 09:48:22.230314384,100005,238,100004,138,100009,234,99912,234,100028,234,99902,234,100039,100,99898,100,100102,100,99890,100,100122,100,99881,100,100132,100,99868,100,100144,100,99843,100,100233,100,99834,100,100342,100,99751,100
2019-06-28 09:48:30.000000000,100005,181,99912,181,100009,181,99902,181,100028,181,99898,181,100039,181,99890,181,100102,181,99881,181,100122,100,99868,100,100132,100,99843,100,100144,100,99834,100,100233,100,99751,100,100342,100,99725,100
2019-06-28 09:48:40.000000000,100005,238,99912,238,100009,234,99902,234,100028,234,99898,234,100039,100,99890,100,100102,100,99881,100,100122,100,99868,100,100132,100,99843,100,100144,100,99834,100,100233,100,99751,100,100342,100,99725,100
2019-06-28 09:48:42.926340013,100005,238,99912,238,100009,234,99902,234,100028,234,99898,234,100039,100,99890,100,100102,100,99881,100,100122,100,99868,100,100132,100,99834,100,100144,100,99751,100,100233,100,99725,100,100342,100,99636,100
2019-06-28 09:48:44.142491439,100005,238,99912,138,100009,234,99902,234,100028,234,99898,234,100039,100,99890,100,100102,100,99881,100,100122,100,99868,100,100132,100,99751,100,100144,100,99725,100,100233,100,99636,100,100342,100,99445,100
2019-06-28 09:48:50.000000000,100005,202,99902,202,100009,202,99898,202,100028,202,99890,202,100039,202,99881,202,100102,100,99868,100,100122,100,99751,100,100132,100,99725,100,100144,100,99636,100,100233,100,99445,100,100342,100,99440,100
2019-06-28 09:49:00.000000000,100005,238,99902,238,100009,234,99898,234,100028,234,99890,234,100039,100,99881,100,100102,100,99868,100,100122,100,99751,100,100132,100,99725,100,100144,100,99636,100,100233,100,99445,100,100342,100,99440,100
2019-06-28 09:49:06.601982391,100005,238,99902,238,100009,234,99898,234,100028,234,99890,134,100039,100,99881,100,100102,100,99868,100,100122,100,99751,100,100132,100,99725,100,100144,100,99636,100,100233,100,99445,100,100342,100,99440,100
2019-06-28 09:49:10.000000000,100005,238,99902,238,100009,234,99898,234,100028,234,99881,234,100039,100,99868,100,100102,100,99751,100,100122,100,99725,100,100132,100,99636,100,100144,100,99445,100,100233,100,99440,100,100342,100,99432,100
2019-06-28 09:49:20.000000000,100005,303,99902,303,100009,303,99898,303,100028,100,99881,100,100039,100,99868,100,100102,100,99751,100,100122,100,99725,100,100132,100,99636,100,100144,100,99445,100,100233,100,99440,100,100342,100,99432,100
2019-06-28 09:49:22.646254686,100005,303,99902,203,100009,303,99898,303,100028,100,99881,100,100039,100,99868,100,100102,100,99751,100,100122,100,99725,100,100132,100,99636,100,100144,100,99445,100,100233,100,99440,100,100342,100,99432,100
2019-06-28 09:49:30.000000000,100005,202,99898,202,100009,202,99881,202,100028,202,99868,202,100039,202,99751,202,100102,100,99725,100,100122,100,99636,100,100132,100,99445,100,100144,100,99440,100,100233,100,99432,100,100342,100,99411,100
2019-06-28 09:49:30.605354427,100005,202,99898,202,100009,202,99881,202,100028,202,99868,202,100039,202,99751,202,100102,100,99725,100,100122,100,99668,100,100132,100,99636,100,100144,100,99445,100,100233,100,99440,100,100342,100,99432,100
2019-06-28 09:49:38.591519535,99912,100,99898,202,100005,202,99881,202,100009,202,99868,202,100028,202,99751,202,100039,202,99725,100,100102,100,99668,100,100122,100,99636,100,100132,100,99445,100,100144,100,99440,100,100233,100,99432,100
2019-06-28 09:49:40.000000000,99912,202,99898,202,100005,202,99881,202,100009,202,99868,202,100028,202,99751,202,100039,100,99725,100,100102,100,99668,100,100122,100,99636,100,100132,100,99445,100,100144,100,99440,100,100233,100,99432,100
2019-06-28 09:49:50.000000000,99912,181,99898,181,100005,181,99881,181,100009,181,99868,181,100028,181,99751,181,100039,181,99725,181,100102,100,99668,100,100122,100,99636,100,100132,100,99445,100,100144,100,99440,100,100233,100,99432,100
2019-06-28 09:49:54.473288019,99912,181,99898,81,100005,181,99881,181,100009,181,99868,181,100028,181,99751,181,100039,181,99725,181,100102,100,99668,100,100122,100,99636,100,100132,100,99445,100,100144,100,99440,100,100233,100,99432,100
2019-06-28 09:49:54.680637747,99912,181,99898,81,100005,181,99881,181,100009,181,99868,181,100028,81,99751,181,100039,181,99725,181,100102,100,99668,100,100122,100,99636,100,100132,100,99445,100,100144,100,99440,100,100233,100,99432,100
2019-06-28 09:50:00.000000000,99912,303,99881,303,100005,303,99868,303,100009,100,99751,100,100039,100,99725,100,100102,100,99668,100,100122,100,99636,100,100132,100,99445,100,100144,100,99440,100,100233,100,99432,100,100342,100,99412,100
2019-06-28 09:50:10.000000000,99912,506,99881,506,100005,100,99868,100,100009,100,99751,100,100039,100,99725,100,100102,100,99668,100,100122,100,99636,100,100132,100,99445,100,100144,100,99440,100,100233,100,99432,100,100342,100,99412,100
2019-06-28 09:50:20.000000000,99912,303,99881,303,100005,303,99868,303,100009,100,99751,100,100039,100,99725,100,100102,100,99668,100,100122,100,99636,100,100132,100,99445,100,100144,100,99440,100,100233,100,99432,100,100342,100,99412,100
2019-06-28 09:50:30.000000000,99912,181,99881,181,100005,181,99868,181,100009,181,99751,181,100039,181,99725,181,100102,181,99668,181,100122,100,99636,100,100132,100,99445,100,100144,100,99440,100,100233,100,99432,100,100342,100,99412,100
2019-06-28 09:50:40.000000000,99912,238,99881,238,100005,234,99868,234,100009,234,99751,234,100039,100,99725,100,100102,100,99668,100,100122,100,99636,100,100132,100,99445,100,100144,100,99440,100,100233,100,99432,100,100342,100,99412,100
2019-06-28 09:50:42.504105774,99912,238,99881,138,100005,234,99868,234,100009,234,99751,234,100039,100,99725,100,100102,100,99668,100,100122,100,99636,100,100132,100,99445,100,100144,100,99440,100,100233,100,99432,100,100342,100,99412,100
2019-06-28 09:50:45.610457666,99912,238,99881,138,100005,234,99868,234,100009,234,99751,234,100039,100,99725,100,100102,100,99668,100,100122,100,99636,100,100132,100,99445,100,100144,100,99432,100,100233,100,99412,100,100342,100,99411,100
2019-06-28 09:50:50.000000000,99912,181,99868,181,100005,181,99751,181,100009,181,99725,181,100039,181,99668,181,100102,181,99636,181,100122,100,99445,100,100132,100,99432,100,100144,100,99412,100,100233,100,99411,100,100342,100,99309,100
2019-06-28 09:50:55.060783999,99912,181,99868,81,100005,181,99751,181,100009,181,99725,181,100039,181,99668,181,100102,181,99636,181,100122,100,99445,100,100132,100,99432,100,100144,100,99412,100,100233,100,99411,100,100342,100,99309,100
2019-06-28 09:51:00.000000000,99912,238,99751,238,100005,234,99725,234,100009,234,99668,234,100039,100,99636,100,100102,100,99445,100,100122,100,99432,100,100132,100,99412,100,100144,100,99411,100,100233,100,99309,100,100342,100,99181,100
2019-06-28 09:51:03.245274744,99912,238,99751,138,100005,234,99725,234,100009,234,99668,234,100039,100,99636,100,100102,100,99445,100,100122,100,99432,100,100132,100,99412,100,100144,100,99411,100,100233,100,99309,100,100342,100,99181,100
2019-06-28 09:51:10.000000000,99912,506,99725,506,100005,100,99668,100,100009,100,99636,100,100039,100,99445,100,100102,100,99432,100,100122,100,99412,100,100132,100,99411,100,100144,100,99309,100,100233,100,99181,100,100342,100,99163,100
2019-06-28 09:51:20.000000000,99912,506,99725,506,100005,100,99668,100,100009,100,99636,100,100039,100,99445,100,100102,100,99432,100,100122,100,99412,100,100132,100,99411,100,100144,100,99309,100,100233,100,99181,100,100342,100,99163,100
2019-06-28 09:51:25.545319923,99912,506,99725,406,100005,100,99668,100,100009,100,99636,100,100039,100,99445,100,100102,100,99432,100,100122,100,99412,100,100132,100,99411,100,100144,100,99309,100,100233,100,99181,100,100342,100,99163,100
2019-06-28 09:51:30.000000000,99912,303,99668,303,100005,303,99636,303,100009,100,99445,100,100039,100,99432,100,100102,100,99412,100,100122,100,99411,100,100132,100,99309,100,100144,100,99181,100,100233,100,99163,100,100342,100,99119,100
2019-06-28 09:51:40.000000000,99912,202,99668,202,100005,202,99636,202,100009,202,99445,202,100039,202,99432,202,100102,100,99412,100,100122,100,99411,100,100132,100,99309,100,100144,100,99181,100,100233,100,99163,100,100342,100,99119,100
2019-06-28 09:51:48.513873108,99912,202,99668,202,100005,202,99636,202,100009,202,99445,202,100039,202,99432,202,100102,100,99412,100,100122,100,99411,100,100132,100,99309,100,100144,100,99181,100,100233,100,99163,100,100342,100,99074,100
2019-06-28 09:51:50.000000000,99912,506,99668,506,100005,100,99636,100,100009,100,99445,100,100039,100,99432,100,100102,100,99412,100,100122,100,99411,100,100132,100,99309,100,100144,100,99181,100,100233,100,99163,100,100342,100,99074,100
2019-06-28 09:51:51.485042667,99912,506,99668,406,100005,100,99636,100,100009,100,99445,100,100039,100,99432,100,100102,100,99412,100,100122,100,99411,100,100132,100,99309,100,100144,100,99181,100,100233,100,99163,100,100342,100,99074,100
2019-06-28 09:52:00.000000000,99912,181,99636,181,100005,181,99445,181,100009,181,99432,181,100039,181,99412,181,100102,181,99411,181,100122,100,99309,100,100132,100,99181,100,100144,100,99163,100,100233,100,99074,100,100342,100,98815,100
2019-06-28 09:52:09.057458966,99912,181,99636,181,100005,181,99445,181,100009,181,99432,181,100039,181,99412,181,100102,181,99411,181,100122,100,99309,100,100132,100,99181,100,100144,100,99163,100,100233,100,99074,100,100342,100,98815,100
2019-06-28 09:52:10.000000000,99912,202,99636,202,100005,202,99445,202,100009,202,99432,202,100039,202,99412,202,100102,100,99411,100,100122,100,99309,100,100132,100,99181,100,100144,100,99163,100,100233,100,99074,100,100342,100,98815,100
2019-06-28 09:52:20.000000000,99912,238,99636,238,100005,234,99445,234,100009,234,99432,234,100039,100,99412,100,100102,100,99411,100,100122,100,99309,100,100132,100,99181,100,100144,100,99163,100,100233,100,99074,100,100342,100,98815,100
2019-06-28 09:52:24.371644537,99912,238,99636,138,100005,234,99445,234,100009,234,99432,234,100039,100,99412,100,100102,100,99411,100,100122,100,99309,100,100132,100,99181,100,100144,100,99163,100,100233,100,99074,100,100342,100,98815,100
2019-06-28 09:52:29.639439516,99912,238,99636,138,100005,234,99445,234,100009,234,99432,234,100039,100,99412,100,100102,100,99411,100,100122,100,99309,100,100132,100,99181,100,100144,100,99163,100,100233,100,99074,100,100342,100,98815,100
2019-06-28 09:52:30.000000000,99912,202,99445,202,100005,202,99432,202,100009,202,99412,202,100039,202,99411,202,100102,100,99309,100,100122,100,99181,100,100132,100,99163,100,100144,100,99074,100,100233,100,98815,100,100342,100,98785,100
2019-06-28 09:52:40.000000000,99912,303,99445,303,100005,303,99432,303,100009,100,99412,100,100039,100,99411,100,100102,100,99309,100,100122,100,99181,100,100132,100,99163,100,100144,100,99074,100,100233,100,98815,100,100342,100,98785,100
2019-06-28 09:52:50.000000000,99912,303,99445,303,100005,303,99432,303,100009,100,99412,100,100039,100,99411,100,100102,100,99309,100,100122,100,99181,100,100132,100,99163,100,100144,100,99074,100,100233,100,98815,100,100342,100,98785,100
2019-06-28 09:53:00.000000000,99912,238,99445,238,100005,234,99432,234,100009,234,99412,234,100039,100,99411,100,100102,100,99309,100,100122,100,99181,100,100132,100,99163,100,100144,100,99074,100,100233,100,98815,100,100342,100,98785,100
2019-06-28 09:53:00.233324147,99668,100,99445,238,99912,238,99432,234,100005,234,99412,234,100009,234,99411,100,100039,100,99309,100,100102,100,99181,100,100122,100,99163,100,100132,100,99074,100,100144,100,98815,100,100233,100,98785,100
2019-06-28 09:53:04.637033208,99668,100,99445,238,99912,238,99432,234,100005,234,99412,234,100009,234,99411,100,100039,100,99334,100,100102,100,99309,100,100122,100,99181,100,100132,100,99163,100,100144,100,99074,100,100233,100,98815,100
2019-06-28 09:53:07.741751649,99668,100,99445,238,99912,238,99432,234,100005,234,99412,234,100009,234,99411,100,100039,100,99334,100,100102,100,99309,100,100122,100,99181,100,100132,100,99163,100,100144,100,99129,100,100233,100,99074,100
2019-06-28 09:53:10.000000000,99668,303,99445,303,99912,303,99432,303,100005,100,99412,100,100009,100,99411,100,100039,100,99334,100,100102,100,99309,100,100122,100,99181,100,100132,100,99163,100,100144,100,99129,100,100233,100,99074,100
2019-06-28 09:53:20.000000000,99668,202,99445,202,99912,202,99432,202,100005,202,99412,202,100009,202,99411,202,100039,100,99334,100,100102,100,99309,100,100122,100,99181,100,100132,100,99163,100,100144,100,99129,100,100233,100,99074,100
2019-06-28 09:53:22.290384042,99668,302,99445,202,99912,202,99432,202,100005,202,99412,202,100009,202,99411,202,100039,100,99334,100,100102,100,99309,100,100122,100,99181,100,100132,100,99163,100,100144,100,99129,100,100233,100,99074,100
2019-06-28 09:53:30.000000000,99668,302,99445,202,99912,202,99432,202,100005,202,99412,202,100009,202,99411,202,100039,100,99334,100,100102,100,99309,100,100122,100,99181,100,100132,100,99163,100,100144,100,99129,100,100233,100,99074,100
2019-06-28 09:53:39.623165340,99668,302,99445,202,99912,202,99432,202,100005,202,99412,202,100009,202,99411,202,100039,100,99368,100,100102,100,99334,100,100122,100,99309,100,100132,100,99181,100,100144,100,99163,100,100233,100,99129,100
2019-06-28 09:53:40.000000000,99668,281,99445,181,99912,181,99432,181,100005,181,99412,181,100009,181,99411,181,100039,181,99368,181,100102,100,99334,100,100122,100,99309,100,100132,100,99181,100,100144,100,99163,100,100233,100,99129,100
2019-06-28 09:53:50.000000000,99668,606,99445,506,99912,100,99432,100,100005,100,99412,100,100009,100,99411,100,100039,100,99368,100,100102,100,99334,100,100122,100,99309,100,100132,100,99181,100,100144,100,99163,100,100233,100,99129,100
2019-06-28 09:53:54.716779993,99668,706,99445,506,99912,100,99432,100,100005,100,99412,100,100009,100,99411,100,100039,100,99368,100,100102,100,99334,100,100122,100,99309,100,100132,100,99181,100,100144,100,99163,100,100233,100,99129,100
2019-06-28 09:54:00.000000000,99668,381,99445,181,99912,181,99432,181,100005,181,99412,181,100009,181,99411,181,100039,181,99368,181,100102,100,99334,100,100122,100,99309,100,100132,100,99181,100,100144,100,99163,100,100233,100,99129,100
2019-06-28 09:54:10.000000000,99668,402,99445,202,99912,202,99432,202,100005,202,99412,202,100009,202,99411,202,100039,100,99368,100,100102,100,99334,100,100122,100,99309,100,100132,100,99181,100,100144,100,99163,100,100233,100,99129,100
2019-06-28 09:54:12.494255059,99668,402,99445,102,99912,202,99432,202,100005,202,99412,202,100009,202,99411,202,100039,100,99368,100,100102,100,99334,100,100122,100,99309,100,100132,100,99181,100,100144,100,99163,100,100233,100,99129,100
2019-06-28 09:54:20.000000000,99668,381,99432,181,99912,181,99412,181,100005,181,99411,181,100009,181,99368,181,100039,181,99334,181,100102,100,99309,100,100122,100,99181,100,100132,100,99163,100,100144,100,99129,100,100233,100,99074,100
2019-06-28 09:54:26.312630207,99668,381,99432,181,99912,181,99412,181,100005,181,99411,181,100009,181,99368,181,100039,181,99334,181,100102,100,99309,100,100122,100,99181,100,100132,100,99163,100,100144,100,99129,100,100233,100,99074,100
2019-06-28 09:54:30.000000000,99668,438,99432,238,99912,234,99412,234,100005,234,99411,234,100009,100,99368,100,100039,100,99334,100,100102,100,99309,100,100122,100,99181,100,100132,100,99163,100,100144,100,99129,100,100233,100,99074,100
2019-06-28 09:54:39.805915334,99636,100,99432,238,99668,438,99412,234,99912,234,99411,234,100005,234,99368,100,100009,100,99334,100,100039,100,99309,100,100102,100,99181,100,100122,100,99163,100,100132,100,99129,100,100144,100,99074,100
2019-06-28 09:54:40.000000000,99636,506,99432,506,99668,300,99412,100,99912,100,99411,100,100005,100,99368,100,100009,100,99334,100,100039,100,99309,100,100102,100,99181,100,100122,100,99163,100,100132,100,99129,100,100144,100,99074,100
2019-06-28 09:54:50.000000000,99636,506,99432,506,99668,300,99412,100,99912,100,99411,100,100005,100,99368,100,100009,100,99334,100,100039,100,99309,100,100102,100,99181,100,100122,100,99163,100,100132,100,99129,100,100144,100,99074,100
2019-06-28 09:54:50.284419650,99636,506,99432,506,99668,300,99412,100,99912,100,99411,100,100005,100,99368,100,100009,100,99334,100,100039,100,99309,100,100102,100,99181,100,100122,100,99163,100,100132,100,99129,100,100144,100,99074,100
2019-06-28 09:54:54.193670127,99636,606,99432,506,99668,300,99412,100,99912,100,99411,100,100005,100,99368,100,100009,100,99334,100,100039,100,99309,100,100102,100,99181,100,100122,100,99163,100,100132,100,99129,100,100144,100,99074,100
2019-06-28 09:55:00.000000000,99636,302,99432,202,99668,402,99412,202,99912,202,99411,202,100005,202,99368,202,100009,100,99334,100,100039,100,99309,100,100102,100,99181,100,100122,100,99163,100,100132,100,99129,100,100144,100,99074,100
2019-06-28 09:55:10.000000000,99636,403,99432,303,99668,503,99412,303,99912,100,99411,100,100005,100,99368,100,100009,100,99334,100,100039,100,99309,100,100102,100,99181,100,100122,100,99163,100,100132,100,99129,100,100144,100,99074,100
2019-06-28 09:55:20.000000000,99636,403,99432,303,99668,503,99412,303,99912,100,99411,100,100005,100,99368,100,100009,100,99334,100,100039,100,99309,100,100102,100,99181,100,100122,100,99163,100,100132,100,99129,100,100144,100,99074,100
2019-06-28 09:55:27.986949717,99524,100,99432,303,99636,403,99412,303,99668,503,99411,100,99912,100,99368,100,100005,100,99334,100,100009,100,99309,100,100039,100,99181,100,100102,100,99163,100,100122,100,99129,100,100132,100,99074,100
2019-06-28 09:55:30.000000000,99524,238,99432,238,99636,334,99412,234,99668,434,99411,234,99912,100,99368,100,100005,100,99334,100,100009,100,99309,100,100039,100,99181,100,100102,100,99163,100,100122,100,99129,100,100132,100,99074,100
2019-06-28 09:55:40.000000000,99524,506,99432,506,99636,200,99412,100,99668,300,99411,100,99912,100,99368,100,100005,100,99334,100,100009,100,99309,100,100039,100,99181,100,100102,100,99163,100,100122,100,99129,100,100132,100,99074,100
2019-06-28 09:55:50.000000000,99524,238,99432,238,99636,334,99412,234,99668,434,99411,234,99912,100,99368,100,100005,100,99334,100,100009,100,99309,100,100039,100,99181,100,100102,100,99163,100,100122,100,99129,100,100132,100,99074,100
2019-06-28 09:55:53.279431904,99524,238,99446,100,99636,334,99432,238,99668,434,99412,234,99912,100,99411,234,100005,100,99368,100,100009,100,99334,100,100039,100,99309,100,100102,100,99181,100,100122,100,99163,100,100132,100,99129,100
2019-06-28 09:56:00.000000000,99524,506,99446,506,99636,200,99432,100,99668,300,99412,100,99912,100,99411,100,100005,100,99368,100,100009,100,99334,100,100039,100,99309,100,100102,100,99181,100,100122,100,99163,100,100132,100,99129,100
2019-06-28 09:56:07.370787184,99524,506,99446,506,99636,200,99432,100,99668,300,99412,100,99912,100,99411,100,100005,100,99409,100,100009,100,99368,100,100039,100,99334,100,100102,100,99309,100,100122,100,99181,100,100132,100,99163,100
2019-06-28 09:56:10.000000000,99524,506,99446,506,99636,200,99432,100,99668,300,99412,100,99912,100,99411,100,100005,100,99409,100,100009,100,99368,100,100039,100,99334,100,100102,100,99309,100,100122,100,99181,100,100132,100,99163,100
2019-06-28 09:56:14.367283248,99524,406,99446,506,99636,200,99432,100,99668,300,99412,100,99912,100,99411,100,100005,100,99409,100,100009,100,99368,100,100039,100,99334,100,100102,100,99309,100,100122,100,99163,100,100132,100,99129,100
2019-06-28 09:56:19.215576899,99524,406,99446,506,99636,200,99432,100,99668,300,99412,100,99795,100,99411,100,99912,100,99409,100,100005,100,99368,100,100009,100,99334,100,100102,100,99309,100,100122,100,99163,100,100132,100,99129,100
2019-06-28 09:56:20.000000000,99636,281,99446,181,99668,381,99432,181,99795,181,99412,181,99912,181,99411,181,100005,181,99409,181,100009,100,99368,100,100102,100,99334,100,100122,100,99309,100,100132,100,99163,100,100144,100,99129,100
2019-06-28 09:56:21.342144182,99636,181,99446,181,99668,381,99432,181,99795,181,99412,181,99912,181,99411,181,100005,181,99409,181,100009,100,99368,100,100102,100,99334,100,100122,100,99163,100,100132,100,99129,100,100144,100,99074,100
2019-06-28 09:56:30.000000000,99636,202,99446,202,99668,402,99432,202,99795,202,99412,202,99912,202,99411,202,100005,100,99409,100,100009,100,99368,100,100102,100,99334,100,100122,100,99163,100,100132,100,99129,100,100144,100,99074,100
2019-06-28 09:56:40.000000000,99636,506,99446,506,99668,300,99432,100,99795,100,99412,100,99912,100,99411,100,100005,100,99409,100,100009,100,99368,100,100102,100,99334,100,100122,100,99163,100,100132,100,99129,100,100144,100,99074,100
2019-06-28 09:56:43.321042336,99636,506,99446,506,99668,300,99432,100,99795,100,99412,100,99912,100,99411,100,100005,100,99409,100,100009,100,99368,100,100102,100,99334,100,100122,100,99233,100,100132,100,99163,100,100144,100,99129,100
2019-06-28 09:56:46.885113895,99636,506,99574,100,99668,300,99446,506,99795,100,99432,100,99912,100,99412,100,100005,100,99411,100,100009,100,99409,100,100102,100,99368,100,100122,100,99334,100,100132,100,99233,100,100144,100,99163,100
2019-06-28 09:56:50.000000000,99636,238,99574,238,99668,434,99446,234,99795,234,99432,234,99912,100,99412,100,100005,100,99411,100,100009,100,99409,100,100102,100,99368,100,100122,100,99334,100,100132,100,99233,100,100144,100,99163,100
2019-06-28 09:56:52.606496648,99636,238,99574,138,99668,434,99446,234,99795,234,99432,234,99912,100,99412,100,100005,100,99411,100,100102,100,99409,100,100122,100,99368,100,100132,100,99334,100,100144,100,99233,100,100233,100,99163,100
2019-06-28 09:57:00.000000000,99636,506,99446,506,99668,300,99432,100,99795,100,99412,100,99912,100,99411,100,100005,100,99409,100,100102,100,99368,100,100122,100,99334,100,100132,100,99233,100,100144,100,99163,100,100233,100,99129,100
2019-06-28 09:57:10.000000000,99636,506,99446,506,99668,300,99432,100,99795,100,99412,100,99912,100,99411,100,100005,100,99409,100,100102,100,99368,100,100122,100,99334,100,100132,100,99233,100,100144,100,99163,100,100233,100,99129,100
2019-06-28 09:57:20.000000000,99636,506,99446,506,99668,300,99432,100,99795,100,99412,100,99912,100,99411,100,100005,100,99409,100,100102,100,99368,100,100122,100,99334,100,100132,100,99233,100,100144,100,99163,100,100233,100,99129,100
2019-06-28 09:57:21.963374878,99600,100,99446,506,99636,506,99432,100,99668,300,99412,100,99795,100,99411,100,99912,100,99409,100,100005,100,99368,100,100102,100,99334,100,100122,100,99233,100,100132,100,99163,100,100144,100,99129,100
2019-06-28 09:57:30.000000000,99600,238,99446,238,99636,234,99432,234,99668,434,99412,234,99795,100,99411,100,99912,100,99409,100,100005,100,99368,100,100102,100,99334,100,100122,100,99233,100,100132,100,99163,100,100144,100,99129,100
2019-06-28 09:57:33.691301015,99600,238,99491,100,99636,234,99446,238,99668,434,99432,234,99795,100,99412,234,99912,100,99411,100,100005,100,99409,100,100102,100,99368,100,100122,100,99334,100,100132,100,99233,100,100144,100,99163,100
2019-06-28 09:57:40.000000000,99600,303,99491,303,99636,303,99446,303,99668,300,99432,100,99795,100,99412,100,99912,100,99411,100,100005,100,99409,100,100102,100,99368,100,100122,100,99334,100,100132,100,99233,100,100144,100,99163,100
2019-06-28 09:57:46.001135018,99600,303,99575,100,99636,303,99491,303,99668,300,99446,303,99795,100,99432,100,99912,100,99412,100,100005,100,99411,100,100102,100,99409,100,100122,100,99368,100,100132,100,99334,100,100144,100,99233,100
2019-06-28 09:57:50.000000000,99600,202,99575,202,99636,202,99491,202,99668,402,99446,202,99795,202,99432,202,99912,100,99412,100,100005,100,99411,100,100102,100,99409,100,100122,100,99368,100,100132,100,99334,100,100144,100,99233,100
2019-06-28 09:57:51.303354671,99600,202,99575,202,99635,100,99491,202,99636,202,99446,202,99668,402,99432,202,99795,202,99412,100,99912,100,99411,100,100005,100,99409,100,100102,100,99368,100,100122,100,99334,100,100132,100,99233,100
2019-06-28 09:57:53.548267378,99600,202,99575,202,99635,100,99491,202,99636,202,99446,202,99668,402,99432,202,99682,100,99412,100,99795,202,99411,100,99912,100,99409,100,100005,100,99368,100,100102,100,99334,100,100122,100,99163,100
2019-06-28 09:57:58.395177404,99600,202,99575,202,99614,100,99491,202,99635,100,99446,202,99636,202,99432,202,99668,402,99412,100,99682,100,99411,100,99795,202,99409,100,99912,100,99368,100,100005,100,99334,100,100102,100,99163,100
2019-06-28 09:58:00.000000000,99600,303,99575,303,99614,303,99491,303,99635,100,99446,100,99636,100,99432,100,99668,300,99412,100,99682,100,99411,100,99795,100,99409,100,99912,100,99368,100,100005,100,99334,100,100102,100,99163,100
2019-06-28 09:58:10.000000000,99600,181,99575,181,99614,181,99491,181,99635,181,99446,181,99636,181,99432,181,99668,381,99412,181,99682,100,99411,100,99795,100,99409,100,99912,100,99368,100,100005,100,99334,100,100102,100,99163,100
2019-06-28 09:58:20.000000000,99600,181,99575,181,99614,181,99491,181,99635,181,99446,181,99636,181,99432,181,99668,381,99412,181,99682,100,99411,100,99795,100,99409,100,99912,100,99368,100,100005,100,99334,100,100102,100,99163,100
2019-06-28 09:58:30.000000000,99600,506,99575,506,99614,100,99491,100,99635,100,99446,100,99636,100,99432,100,99668,300,99412,100,99682,100,99411,100,99795,100,99409,100,99912,100,99368,100,100005,100,99334,100,100102,100,99163,100
2019-06-28 09:58:40.000000000,99600,181,99575,181,99614,181,99491,181,99635,181,99446,181,99636,181,99432,181,99668,381,99412,181,99682,100,99411,100,99795,100,99409,100,99912,100,99368,100,100005,100,99334,100,100102,100,99163,100
2019-06-28 09:58:45.222411479,99600,181,99575,181,99614,181,99491,181,99635,181,99446,181,99636,81,99432,181,99668,381,99412,181,99682,100,99411,100,99795,100,99409,100,99912,100,99368,100,100005,100,99334,100,100102,100,99163,100
2019-06-28 09:58:48.798895521,99600,181,99575,181,99614,181,99491,181,99635,181,99446,181,99636,81,99432,181,99668,381,99412,181,99682,100,99411,100,99795,100,99409,100,99912,100,99368,100,100005,100,99334,100,100102,100,99129,100
2019-06-28 09:58:50.000000000,99600,506,99575,506,99614,100,99491,100,99635,100,99446,100,99668,300,99432,100,99682,100,99412,100,99795,100,99411,100,99912,100,99409,100,100005,100,99368,100,100102,100,99334,100,100122,100,99129,100
2019-06-28 09:59:00.000000000,99600,506,99575,506,99614,100,99491,100,99635,100,99446,100,99668,300,99432,100,99682,100,99412,100,99795,100,99411,100,99912,100,99409,100,100005,100,99368,100,100102,100,99334,100,100122,100,99129,100
2019-06-28 09:59:08.510184003,99600,506,99575,506,99614,100,99491,100,99635,200,99432,100,99668,300,99412,100,99682,100,99411,100,99795,100,99409,100,99912,100,99368,100,100005,100,99334,100,100102,100,99129,100,100122,100,99074,100
2019-06-28 09:59:10.000000000,99600,238,99575,238,99614,234,99491,234,99635,334,99432,234,99668,300,99412,100,99682,100,99411,100,99795,100,99409,100,99912,100,99368,100,100005,100,99334,100,100102,100,99129,100,100122,100,99074,100
2019-06-28 09:59:20.000000000,99600,303,99575,303,99614,303,99491,303,99635,200,99432,100,99668,300,99412,100,99682,100,99411,100,99795,100,99409,100,99912,100,99368,100,100005,100,99334,100,100102,100,99129,100,100122,100,99074,100
2019-06-28 09:59:22.369461620,99600,303,99575,303,99614,303,99491,303,99635,300,99432,100,99668,300,99412,100,99682,100,99411,100,99795,100,99409,100,99912,100,99368,100,100005,100,99334,100,100102,100,99129,100,100122,100,99074,100
2019-06-28 09:59:22.886921771,99600,303,99575,203,99614,303,99491,303,99635,300,99432,100,99668,300,99412,100,99682,100,99409,100,99795,100,99368,100,99912,100,99334,100,100005,100,99129,100,100102,100,99074,100,100122,100,98900,100
2019-06-28 09:59:30.000000000,99600,506,99491,506,99614,100,99432,100,99635,300,99412,100,99668,300,99409,100,99682,100,99368,100,99795,100,99334,100,99912,100,99129,100,100005,100,99074,100,100102,100,98900,100,100122,100,98815,100
2019-06-28 09:59:40.000000000,99600,506,99491,506,99614,100,99432,100,99635,300,99412,100,99668,300,99409,100,99682,100,99368,100,99795,100,99334,100,99912,100,99129,100,100005,100,99074,100,100102,100,98900,100,100122,100,98815,100
2019-06-28 09:59:43.728607458,99600,506,99491,506,99614,100,99432,100,99635,300,99412,100,99668,300,99409,100,99682,100,99368,100,99795,100,99334,100,99912,100,99161,100,100005,100,99129,100,100102,100,99074,100,100122,100,98900,100
2019-06-28 09:59:46.994571637,99600,506,99491,406,99614,100,99432,100,99635,300,99412,100,99668,300,99409,100,99682,100,99368,100,99795,100,99334,100,99912,100,99161,100,100005,100,99129,100,100102,100,99074,100,100122,100,98900,100
2019-06-28 09:59:50.000000000,99600,181,99432,181,99614,181,99412,181,99635,381,99409,181,99668,381,99368,181,99682,181,99334,181,99795,100,99161,100,99912,100,99129,100,100005,100,99074,100,100102,100,98900,100,100122,100,98815,100
2019-06-28 09:59:54.765044758,99600,181,99432,181,99614,181,99412,181,99635,381,99409,181,99668,381,99368,181,99682,181,99334,181,99795,100,99167,100,99912,100,99161,100,100005,100,99129,100,100102,100,99074,100,100144,100,98900,100
2019-06-28 10:00:00.000000000,99600,181,99432,181,99614,181,99412,181,99635,381,99409,181,99668,381,99368,181,99682,181,99334,181,99795,100,99167,100,99912,100,99161,100,100005,100,99129,100,100102,100,99074,100,100144,100,98900,100
2019-06-28 10:00:02.989492314,99575,100,99432,181,99600,181,99412,181,99614,181,99409,181,99635,381,99368,181,99668,281,99334,181,99682,181,99167,100,99795,100,99161,100,99912,100,99129,100,100005,100,99074,100,100102,100,98900,100
2019-06-28 10:00:10.000000000,99575,506,99432,506,99600,100,99412,100,99614,100,99409,100,99635,300,99368,100,99668,200,99334,100,99682,100,99167,100,99795,100,99161,100,99912,100,99129,100,100005,100,99074,100,100102,100,98900,100
2019-06-28 10:00:10.458895383,99575,506,99432,506,99600,100,99412,100,99614,100,99409,100,99635,300,99368,100,99668,200,99334,100,99682,100,99289,100,99795,100,99167,100,99912,100,99161,100,100005,100,99129,100,100102,100,99074,100
2019-06-28 10:00:20.000000000,99575,238,99432,238,99600,234,99412,234,99614,234,99409,234,99635,300,99368,100,99668,200,99334,100,99682,100,99289,100,99795,100,99167,100,99912,100,99161,100,100005,100,99129,100,100102,100,99074,100
2019-06-28 10:00:24.811340076,99575,138,99432,238,99600,234,99412,234,99614,234,99409,234,99635,300,99368,100,99668,200,99334,100,99682,100,99289,100,99795,100,99167,100,99912,100,99161,100,100005,100,99129,100,100102,100,99074,100
2019-06-28 10:00:28.122662215,99574,100,99432,238,99575,138,99412,234,99600,234,99409,234,99614,234,99368,100,99635,300,99334,100,99668,200,99289,100,99682,100,99167,100,99795,100,99161,100,99912,100,99129,100,100005,100,99074,100
2019-06-28 10:00:30.000000000,99574,181,99432,181,99600,181,99412,181,99614,181,99409,181,99635,381,99368,181,99668,281,99334,181,99682,100,99289,100,99795,100,99167,100,99912,100,99161,100,100005,100,99129,100,100102,100,99074,100
2019-06-28 10:00:40.000000000,99574,303,99432,303,99600,303,99412,303,99614,100,99409,100,99635,300,99368,100,99668,200,99334,100,99682,100,99289,100,99795,100,99167,100,99912,100,99161,100,100005,100,99129,100,100102,100,99074,100
2019-06-28 10:00:47.688842481,99574,303,99432,203,99600,303,99412,303,99614,100,99409,100,99635,300,99368,100,99668,200,99334,100,99682,100,99289,100,99795,100,99167,100,99912,100,99161,100,100005,100,99129,100,100102,100,99074,100
2019-06-28 10:00:50.000000000,99574,181,99412,181,99600,181,99409,181,99614,181,99368,181,99635,381,99334,181,99668,281,99289,181,99682,100,99167,100,99795,100,99161,100,99912,100,99129,100,100005,100,99074,100,100102,100,98900,100
2019-06-28 10:00:55.037840131,99574,181,99412,81,99600,181,99409,181,99614,181,99368,181,99635,381,99334,181,99668,281,99289,181,99682,100,99167,100,99795,100,99161,100,99912,100,99129,100,100005,100,99074,100,100102,100,98900,100
2019-06-28 10:00:58.083451974,99574,181,99412,81,99600,181,99409,181,99614,181,99368,181,99635,381,99334,181,99668,281,99289,181,99682,100,99167,100,99795,100,99161,100,99912,100,99134,100,100005,100,99129,100,100102,100,99074,100
2019-06-28 10:01:00.000000000,99574,506,99409,506,99600,100,99368,100,99614,100,99334,100,99635,300,99289,100,99668,200,99167,100,99682,100,99161,100,99795,100,99134,100,99912,100,99129,100,100005,100,99074,100,100102,100,98900,100
2019-06-28 10:01:10.000000000,99574,238,99409,238,99600,234,99368,234,99614,234,99334,234,99635,300,99289,100,99668,200,99167,100,99682,100,99161,100,99795,100,99134,100,99912,100,99129,100,100005,100,99074,100,100102,100,98900,100
2019-06-28 10:01:20.000000000,99574,181,99409,181,99600,181,99368,181,99614,181,99334,181,99635,381,99289,181,99668,281,99167,181,99682,100,99161,100,99795,100,99134,100,99912,100,99129,100,100005,100,99074,100,100102,100,98900,100
2019-06-28 10:01:20.766629795,99432,100,99409,181,99574,181,99368,181,99600,181,99334,181,99614,181,99289,181,99635,381,99167,181,99668,281,99161,100,99682,100,99134,100,99795,100,99129,100,99912,100,99074,100,100005,100,98900,100
2019-06-28 10:01:27.464555060,99432,200,99409,181,99574,181,99368,181,99600,181,99334,181,99614,181,99289,181,99635,381,99167,181,99668,281,99161,100,99682,100,99134,100,99795,100,99129,100,99912,100,99074,100,100005,100,98900,100
2019-06-28 10:01:30.000000000,99432,338,99409,238,99574,234,99368,234,99600,234,99334,234,99614,100,99289,100,99635,300,99167,100,99668,200,99161,100,99682,100,99134,100,99795,100,99129,100,99912,100,99074,100,100005,100,98900,100
2019-06-28 10:01:39.314818272,99432,338,99409,238,99565,100,99368,234,99574,234,99334,234,99600,234,99289,100,99614,100,99167,100,99635,300,99161,100,99668,200,99134,100,99682,100,99129,100,99795,100,99074,100,99912,100,98900,100
2019-06-28 10:01:40.000000000,99432,606,99409,506,99565,100,99368,100,99574,100,99334,100,99600,100,99289,100,99614,100,99167,100,99635,300,99161,100,99668,200,99134,100,99682,100,99129,100,99795,100,99074,100,99912,100,98900,100
2019-06-28 10:01:46.730218003,99432,606,99409,506,99565,100,99368,100,99574,100,99344,100,99600,100,99334,100,99614,100,99289,100,99635,300,99167,100,99668,200,99161,100,99682,100,99134,100,99795,100,99129,100,99912,100,99074,100
2019-06-28 10:01:50.000000000,99432,281,99409,181,99565,181,99368,181,99574,181,99344,181,99600,181,99334,181,99614,181,99289,181,99635,300,99167,100,99668,200,99161,100,99682,100,99134,100,99795,100,99129,100,99912,100,99074,100
2019-06-28 10:02:00.000000000,99432,403,99409,303,99565,303,99368,303,99574,100,99344,100,99600,100,99334,100,99614,100,99289,100,99635,300,99167,100,99668,200,99161,100,99682,100,99134,100,99795,100,99129,100,99912,100,99074,100
2019-06-28 10:02:10.000000000,99432,338,99409,238,99565,234,99368,234,99574,234,99344,234,99600,100,99334,100,99614,100,99289,100,99635,300,99167,100,99668,200,99161,100,99682,100,99134,100,99795,100,99129,100,99912,100,99074,100
2019-06-28 10:02:10.112668128,99432,338,99409,238,99565,234,99368,234,99574,234,99344,234,99600,100,99334,100,99614,100,99289,100,99635,300,99167,100,99668,200,99161,100,99682,100,99134,100,99795,100,99129,100,99912,100,99074,100
2019-06-28 10:02:16.696519985,99432,338,99409,138,99565,234,99368,234,99574,234,99344,234,99600,100,99334,100,99614,100,99289,100,99635,300,99167,100,99668,200,99161,100,99682,100,99134,100,99795,100,99129,100,99912,100,99074,100
2019-06-28 10:02:20.000000000,99432,338,99368,238,99565,234,99344,234,99574,234,99334,234,99600,100,99289,100,99614,100,99167,100,99635,300,99161,100,99668,200,99134,100,99682,100,99129,100,99795,100,99074,100,99912,100,98973,100
2019-06-28 10:02:30.000000000,99432,281,99368,181,99565,181,99344,181,99574,181,99334,181,99600,181,99289,181,99614,181,99167,181,99635,300,99161,100,99668,200,99134,100,99682,100,99129,100,99795,100,99074,100,99912,100,98973,100
2019-06-28 10:02:39.888572757,99432,381,99368,181,99565,181,99344,181,99574,181,99334,181,99600,181,99289,181,99614,181,99167,181,99635,300,99161,100,99668,200,99134,100,99682,100,99129,100,99795,100,99074,100,99912,100,98973,100
2019-06-28 10:02:40.000000000,99432,503,99368,303,99565,303,99344,303,99574,100,99334,100,99600,100,99289,100,99614,100,99167,100,99635,300,99161,100,99668,200,99134,100,99682,100,99129,100,99795,100,99074,100,99912,100,98973,100
2019-06-28 10:02:45.899437087,99432,503,99368,203,99565,303,99344,303,99574,100,99334,100,99600,100,99289,100,99614,100,99167,100,99635,300,99134,100,99668,200,99129,100,99682,100,99074,100,99795,100,98973,100,99912,100,98900,100
2019-06-28 10:02:50.000000000,99432,402,99344,202,99565,202,99334,202,99574,202,99289,202,99600,202,99167,202,99614,100,99134,100,99635,300,99129,100,99668,200,99074,100,99682,100,98973,100,99795,100,98900,100,99912,100,98875,100
2019-06-28 10:03:00.000000000,99432,381,99344,181,99565,181,99334,181,99574,181,99289,181,99600,181,99167,181,99614,181,99134,181,99635,300,99129,100,99668,200,99074,100,99682,100,98973,100,99795,100,98900,100,99912,100,98875,100
2019-06-28 10:03:10.000000000,99432,402,99344,202,99565,202,99334,202,99574,202,99289,202,99600,202,99167,202,99614,100,99134,100,99635,300,99129,100,99668,200,99074,100,99682,100,98973,100,99795,100,98900,100,99912,100,98875,100
2019-06-28 10:03:20.000000000,99432,402,99344,202,99565,202,99334,202,99574,202,99289,202,99600,202,99167,202,99614,100,99134,100,99635,300,99129,100,99668,200,99074,100,99682,100,98973,100,99795,100,98900,100,99912,100,98875,100
2019-06-28 10:03:24.257589977,99412,100,99344,202,99432,302,99334,202,99565,202,99289,202,99574,202,99167,202,99600,202,99134,100,99614,100,99129,100,99635,300,99074,100,99668,200,98973,100,99682,100,98900,100,99795,100,98875,100
2019-06-28 10:03:27.791584693,99412,100,99344,102,99432,302,99334,202,99565,202,99289,202,99574,202,99167,202,99600,202,99134,100,99614,100,99129,100,99635,300,99074,100,99668,200,98973,100,99682,100,98900,100,99795,100,98875,100
2019-06-28 10:03:30.000000000,99412,238,99334,238,99432,334,99289,234,99565,234,99167,234,99574,100,99134,100,99600,100,99129,100,99614,100,99074,100,99635,300,98973,100,99668,200,98900,100,99682,100,98875,100,99795,100,98815,100
2019-06-28 10:03:30.529771640,99412,238,99334,138,99432,334,99289,234,99565,234,99167,234,99574,100,99134,100,99600,100,99129,100,99614,100,99074,100,99635,300,98973,100,99668,200,98900,100,99682,100,98875,100,99795,100,98815,100
2019-06-28 10:03:40.000000000,99412,303,99289,303,99432,403,99167,303,99565,100,99134,100,99574,100,99129,100,99600,100,99074,100,99614,100,98973,100,99635,300,98900,100,99668,200,98875,100,99682,100,98815,100,99795,100,98724,100
2019-06-28 10:03:50.000000000,99412,506,99289,506,99432,200,99167,100,99565,100,99134,100,99574,100,99129,100,99600,100,99074,100,99614,100,98973,100,99635,300,98900,100,99668,200,98875,100,99682,100,98815,100,99795,100,98724,100
2019-06-28 10:04:00.000000000,99412,202,99289,202,99432,302,99167,202,99565,202,99134,202,99574,202,99129,202,99600,100,99074,100,99614,100,98973,100,99635,300,98900,100,99668,200,98875,100,99682,100,98815,100,99795,100,98724,100
2019-06-28 10:04:10.000000000,99412,202,99289,202,99432,302,99167,202,99565,202,99134,202,99574,202,99129,202,99600,100,99074,100,99614,100,98973,100,99635,300,98900,100,99668,200,98875,100,99682,100,98815,100,99795,100,98724,100
2019-06-28 10:04:20.000000000,99412,202,99289,202,99432,302,99167,202,99565,202,99134,202,99574,202,99129,202,99600,100,99074,100,99614,100,98973,100,99635,300,98900,100,99668,200,98875,100,99682,100,98815,100,99795,100,98724,100
2019-06-28 10:04:30.000000000,99412,238,99289,238,99432,334,99167,234,99565,234,99134,234,99574,100,99129,100,99600,100,99074,100,99614,100,98973,100,99635,300,98900,100,99668,200,98875,100,99682,100,98815,100,99795,100,98724,100
2019-06-28 10:04:39.146205898,99344,100,99289,238,99412,238,99167,234,99432,334,99134,234,99565,234,99129,100,99574,100,99074,100,99600,100,98973,100,99614,100,98900,100,99635,300,98875,100,99668,200,98815,100,99682,100,98724,100
2019-06-28 10:04:40.000000000,99344,181,99289,181,99412,181,99167,181,99432,281,99134,181,99565,181,99129,181,99574,181,99074,181,99600,100,98973,100,99614,100,98900,100,99635,300,98875,100,99668,200,98815,100,99682,100,98724,100
2019-06-28 10:04:50.000000000,99344,238,99289,238,99412,234,99167,234,99432,334,99134,234,99565,100,99129,100,99574,100,99074,100,99600,100,98973,100,99614,100,98900,100,99635,300,98875,100,99668,200,98815,100,99682,100,98724,100
2019-06-28 10:05:00.000000000,99344,506,99289,506,99412,100,99167,100,99432,200,99134,100,99565,100,99129,100,99574,100,99074,100,99600,100,98973,100,99614,100,98900,100,99635,300,98875,100,99668,200,98815,100,99682,100,98724,100
2019-06-28 10:05:10.000000000,99344,303,99289,303,99412,303,99167,303,99432,200,99134,100,99565,100,99129,100,99574,100,99074,100,99600,100,98973,100,99614,100,98900,100,99635,300,98875,100,99668,200,98815,100,99682,100,98724,100
2019-06-28 10:05:20.000000000,99344,303,99289,303,99412,303,99167,303,99432,200,99134,100,99565,100,99129,100,99574,100,99074,100,99600,100,98973,100,99614,100,98900,100,99635,300,98875,100,99668,200,98815,100,99682,100,98724,100
2019-06-28 10:05:25.040402264,99344,303,99289,203,99412,303,99167,303,99432,200,99134,100,99565,100,99129,100,99574,100,99074,100,99600,100,98973,100,99614,100,98900,100,99635,300,98875,100,99668,200,98815,100,99682,100,,
2019-06-28 10:05:30.000000000,99344,181,99167,181,99412,181,99134,181,99432,281,99129,181,99565,181,99074,181,99574,181,98973,181,99600,100,98900,100,99614,100,98875,100,99635,300,98815,100,99668,200,,,99682,100,,
2019-06-28 10:05:38.662965837,99344,181,99167,81,99412,181,99134,181,99432,281,99129,181,99565,181,99074,181,99574,181,98973,181,99600,100,98900,100,99614,100,98875,100,99635,300,98815,100,99668,200,,,99682,100,,
2019-06-28 10:05:40.000000000,99344,202,99134,202,99412,202,99129,202,99432,302,99074,202,99565,202,98973,202,99574,100,98900,100,99600,100,98875,100,99614,100,98815,100,99635,300,,,99668,200,,,99682,100,,
2019-06-28 10:05:48.728193343,99344,202,99201,100,99412,202,99134,202,99432,302,99129,202,99565,202,99074,202,99574,100,98973,102,99600,100,98900,100,99614,100,98875,100,99635,300,98815,100,99668,200,,,99682,100,,
2019-06-28 10:05:50.000000000,99344,506,99201,506,99412,100,99134,100,99432,200,99129,100,99565,100,99074,100,99574,100,98900,100,99600,100,98875,100,99614,100,98815,100,99635,300,,,99668,200,,,99682,100,,
2019-06-28 10:05:51.145058153,99251,100,99201,506,99344,506,99134,100,99412,100,99129,100,99432,200,99074,100,99565,100,98900,100,99574,100,98875,100,99600,100,98815,100,99614,100,,,99635,300,,,99668,200,,
2019-06-28 10:06:00.000000000,99251,181,99201,181,99344,181,99134,181,99412,181,99129,181,99432,281,99074,181,99565,181,98900,181,99574,100,98875,100,99600,100,98815,100,99614,100,,,99635,300,,,99668,200,,
2019-06-28 10:06:10.000000000,99251,202,99201,202,99344,202,99134,202,99412,202,99129,202,99432,302,99074,202,99565,100,98900,100,99574,100,98875,100,99600,100,98815,100,99614,100,,,99635,300,,,99668,200,,
2019-06-28 10:06:13.523445461,99251,102,99201,202,99344,202,99134,202,99412,202,99129,202,99432,302,99074,202,99565,100,98900,100,99574,100,98875,100,99600,100,98815,100,99614,100,,,99635,300,,,99668,200,,
2019-06-28 10:06:20.000000000,99344,202,99201,202,99412,202,99134,202,99432,302,99129,202,99565,202,99074,202,99574,100,98900,100,99600,100,98875,100,99614,100,98815,100,99635,300,,,99668,200,,,99682,100,,
2019-06-28 10:06:28.508768337,99344,202,99201,202,99391,100,99134,202,99412,202,99129,202,99432,302,99074,202,99565,202,98900,100,99574,100,98875,100,99600,100,98815,100,99614,100,,,99635,300,,,99668,200,,
2019-06-28 10:06:30.000000000,99344,238,99201,238,99391,234,99134,234,99412,234,99129,234,99432,200,99074,100,99565,100,98900,100,99574,100,98875,100,99600,100,98815,100,99614,100,,,99635,300,,,99668,200,,
2019-06-28 10:06:38.127983321,99344,238,99201,238,99391,234,99134,234,99412,234,99129,234,99432,200,99074,100,99565,100,98900,100,99574,100,98875,100,99600,100,98815,100,99614,100,,,99635,200,,,99668,200,,
2019-06-28 10:06:40.000000000,99344,506,99201,506,99391,100,99134,100,99412,100,99129,100,99432,200,99074,100,99565,100,98900,100,99574,100,98875,100,99600,100,98815,100,99614,100,,,99635,200,,,99668,200,,
2019-06-28 10:06:50.000000000,99344,181,99201,181,99391,181,99134,181,99412,181,99129,181,99432,281,99074,181,99565,181,98900,181,99574,100,98875,100,99600,100,98815,100,99614,100,,,99635,200,,,99668,200,,
2019-06-28 10:07:00.000000000,99344,202,99201,202,99391,202,99134,202,99412,202,99129,202,99432,302,99074,202,99565,100,98900,100,99574,100,98875,100,99600,100,98815,100,99614,100,,,99635,200,,,99668,200,,
2019-06-28 10:07:02.614942011,99344,202,99201,202,99391,202,99134,202,99412,202,99129,202,99432,302,99074,202,99565,100,98900,100,99574,100,98875,100,99600,100,98815,100,99614,100,,,99635,100,,,99668,200,,
2019-06-28 10:07:10.000000000,99344,303,99201,303,99391,303,99134,303,99412,100,99129,100,99432,200,99074,100,99565,100,98900,100,99574,100,98875,100,99600,100,98815,100,99614,100,,,99635,100,,,99668,200,,
2019-06-28 10:07:14.651572648,99344,203,99201,303,99391,303,99134,303,99412,100,99129,100,99432,200,99074,100,99565,100,98900,100,99574,100,98875,100,99600,100,98815,100,99614,100,,,99635,100,,,99668,200,,
2019-06-28 10:07:20.000000000,99391,181,99201,181,99412,181,99134,181,99432,281,99129,181,99565,181,99074,181,99574,181,98900,181,99600,100,98875,100,99614,100,98815,100,99635,100,,,99668,200,,,99682,100,,
2019-06-28 10:07:30.000000000,99391,202,99201,202,99412,202,99134,202,99432,302,99129,202,99565,202,99074,202,99574,100,98900,100,99600,100,98875,100,99614,100,98815,100,99635,100,,,99668,200,,,99682,100,,
2019-06-28 10:07:40.000000000,99391,181,99201,181,99412,181,99134,181,99432,281,99129,181,99565,181,99074,181,99574,181,98900,181,99600,100,98875,100,99614,100,98815,100,99635,100,,,99668,200,,,99682,100,,
2019-06-28 10:07:50.000000000,99391,181,99201,181,99412,181,99134,181,99432,281,99129,181,99565,181,99074,181,99574,181,98900,181,99600,100,98875,100,99614,100,98815,100,99635,100,,,99668,200,,,99682,100,,
2019-06-28 10:07:59.774564653,99391,81,99201,181,99412,181,99134,181,99432,281,99129,181,99565,181,99074,181,99574,181,98900,181,99600,100,98875,100,99614,100,98815,100,99635,100,,,99668,200,,,99682,100,,
2019-06-28 10:08:00.000000000,99412,303,99201,303,99432,403,99134,303,99565,100,99129,100,99574,100,99074,100,99600,100,98900,100,99614,100,98875,100,99635,100,98815,100,99668,200,,,99682,100,,,99795,100,,
2019-06-28 10:08:10.000000000,99412,303,99201,303,99432,403,99134,303,99565,100,99129,100,99574,100,99074,100,99600,100,98900,100,99614,100,98875,100,99635,100,98815,100,99668,200,,,99682,100,,,99795,100,,
2019-06-28 10:08:20.000000000,99412,506,99201,506,99432,200,99134,100,99565,100,99129,100,99574,100,99074,100,99600,100,98900,100,99614,100,98875,100,99635,100,98815,100,99668,200,,,99682,100,,,99795,100,,
2019-06-28 10:08:20.060696615,99412,406,99201,506,99432,200,99134,100,99565,100,99129,100,99574,100,99074,100,99600,100,98900,100,99614,100,98875,100,99635,100,98815,100,99668,200,,,99682,100,,,99795,100,,
2019-06-28 10:08:20.819865593,99412,406,99201,506,99432,200,99134,100,99565,100,99129,100,99574,100,99074,100,99600,100,98900,100,99614,100,98875,100,99635,100,98815,100,99668,200,,,99682,100,,,99795,100,,
2019-06-28 10:08:30.000000000,99432,281,99201,181,99565,181,99134,181,99574,181,99129,181,99600,181,99074,181,99614,181,98900,181,99635,100,98875,100,99668,200,98815,100,99682,100,,,99795,100,,,99912,100,,
2019-06-28 10:08:31.695025916,99432,181,99391,100,99565,181,99201,181,99574,181,99134,181,99600,181,99129,181,99614,181,99074,181,99635,100,98900,181,99668,200,98875,100,99682,100,98815,100,99795,100,,,99912,100,,
2019-06-28 10:08:40.000000000,99432,303,99391,303,99565,303,99201,303,99574,100,99134,100,99600,100,99129,100,99614,100,99074,100,99635,100,98900,100,99668,200,98875,100,99682,100,98815,100,99795,100,,,99912,100,,
2019-06-28 10:08:50.000000000,99432,238,99391,238,99565,234,99201,234,99574,234,99134,234,99600,100,99129,100,99614,100,99074,100,99635,100,98900,100,99668,200,98875,100,99682,100,98815,100,99795,100,,,99912,100,,
2019-06-28 10:08:54.486635485,99432,138,99391,238,99565,234,99201,234,99574,234,99134,234,99600,100,99129,100,99614,100,99074,100,99635,100,98900,100,99668,200,98875,100,99682,100,98815,100,99795,100,,,99912,100,,
2019-06-28 10:09:00.000000000,99565,506,99391,506,99574,100,99201,100,99600,100,99134,100,99614,100,99129,100,99635,100,99074,100,99668,200,98900,100,99682,100,98875,100,99795,100,98815,100,99912,100,,,100178,100,,
2019-06-28 10:09:10.000000000,99565,181,99391,181,99574,181,99201,181,99600,181,99134,181,99614,181,99129,181,99635,181,99074,181,99668,200,98900,100,99682,100,98875,100,99795,100,98815,100,99912,100,,,100178,100,,
2019-06-28 10:09:20.000000000,99565,303,99391,303,99574,303,99201,303,99600,100,99134,100,99614,100,99129,100,99635,100,99074,100,99668,200,98900,100,99682,100,98875,100,99795,100,98815,100,99912,100,,,100178,100,,
2019-06-28 10:09:25.597304632,99565,303,99391,203,99574,303,99201,303,99600,100,99134,100,99614,100,99129,100,99635,100,99074,100,99668,200,98900,100,99682,100,98875,100,99795,100,98815,100,99912,100,,,100178,100,,
2019-06-28 10:09:30.000000000,99565,238,99201,238,99574,234,99134,234,99600,234,99129,234,99614,100,99074,100,99635,100,98900,100,99668,200,98875,100,99682,100,98815,100,99795,100,,,99912,100,,,100178,100,,
2019-06-28 10:09:40.000000000,99565,202,99201,202,99574,202,99134,202,99600,202,99129,202,99614,202,99074,202,99635,100,98900,100,99668,200,98875,100,99682,100,98815,100,99795,100,,,99912,100,,,100178,100,,
2019-06-28 10:09:42.903621404,99565,202,99201,202,99574,202,99134,202,99600,202,99129,202,99614,202,99074,202,99635,100,98900,100,99668,200,98875,100,99682,100,98815,100,99795,100,,,99912,100,,,100178,100,,
2019-06-28 10:09:49.162671290,99565,102,99201,202,99574,202,99134,202,99600,202,99129,202,99614,202,99074,202,99635,100,98900,100,99668,200,98875,100,99682,100,98815,100,99795,100,,,99912,100,,,100178,100,,
2019-06-28 10:09:50.000000000,99574,238,99201,238,99600,234,99134,234,99614,234,99129,234,99635,100,99074,100,99668,200,98900,100,99682,100,98875,100,99795,100,98815,100,99912,100,,,100178,100,,,100233,100,,
2019-06-28 10:10:00.000000000,99574,506,99201,506,99600,100,99134,100,99614,100,99129,100,99635,100,99074,100,99668,200,98900,100,99682,100,98875,100,99795,100,98815,100,99912,100,,,100178,100,,,100233,100,,
