,ask_price_1,ask_size_1,bid_price_1,bid_size_1,ask_price_2,ask_size_2,bid_price_2,bid_size_2,ask_price_3,ask_size_3,bid_price_3,bid_size_3,ask_price_4,ask_size_4,bid_price_4,bid_size_4,ask_price_5,ask_size_5,bid_price_5,bid_size_5,ask_price_6,ask_size_6,bid_price_6,bid_size_6,ask_price_7,ask_size_7,bid_price_7,bid_size_7,ask_price_8,ask_size_8,bid_price_8,bid_size_8,ask_price_9,ask_size_9,bid_price_9,bid_size_9,ask_price_10,ask_size_10,bid_price_10,bid_size_10
2019-06-28 09:30:00.000000001,100065,100,,,,,,,,,,,,,,,,,,,,,,,,,,,,,,,,,,,,,,
2019-06-28 09:30:00.000000002,100065,100,,,100157,100,,,,,,,,,,,,,,,,,,,,,,,,,,,,,,,,,,
2019-06-28 09:30:00.000000003,100157,100,,,,,,,,,,,,,,,,,,,,,,,,,,,,,,,,,,,,,,
2019-06-28 09:30:00.000000004,100064,100,,,100157,100,,,,,,,,,,,,,,,,,,,,,,,,,,,,,,,,,,
2019-06-28 09:30:00.000000005,100064,100,99889,100,100157,100,,,,,,,,,,,,,,,,,,,,,,,,,,,,,,,,,,
2019-06-28 09:30:00.000000006,100057,100,99889,100,100064,100,,,100157,100,,,,,,,,,,,,,,,,,,,,,,,,,,,,,,
2019-06-28 09:30:00.000000007,99967,100,99889,100,100057,100,,,100064,100,,,100157,100,,,,,,,,,,,,,,,,,,,,,,,,,,
2019-06-28 09:30:00.000000009,99967,100,99889,100,100057,100,,,100064,100,,,100081,100,,,100157,100,,,100168,100,,,,,,,,,,,,,,,,,,
2019-06-28 09:30:00.000000012,99967,100,99889,100,100013,100,99886,100,100027,100,,,100057,100,,,100064,200,,,100081,100,,,100157,100,,,100168,100,,,,,,,,,,
2019-06-28 09:30:00.000000013,99967,100,99889,100,100013,100,99886,100,100027,100,,,100057,100,,,100064,200,,,100081,100,,,100102,100,,,100157,100,,,100168,100,,,,,,
2019-06-28 09:30:00.000000014,99967,100,99889,100,100013,100,99886,100,100027,100,,,100057,100,,,100064,200,,,100081,100,,,100102,100,,,100140,100,,,100157,100,,,100168,100,,
2019-06-28 09:30:00.000000015,99967,100,99889,100,100013,100,99886,100,100027,100,,,100031,100,,,100057,100,,,100064,200,,,100081,100,,,100102,100,,,100140,100,,,100157,100,,
2019-06-28 09:30:00.000000016,99967,100,99889,100,100013,100,99886,100,100027,100,99884,100,100031,100,,,100057,100,,,100064,200,,,100081,100,,,100102,100,,,100140,100,,,100157,100,,
2019-06-28 09:30:00.000000017,99967,100,99927,100,100013,100,99889,100,100027,100,99886,100,100031,100,99884,100,100057,100,,,100064,200,,,100081,100,,,100102,100,,,100140,100,,,100157,100,,
2019-06-28 09:30:00.000000018,99967,100,99927,100,100013,100,99889,100,100024,100,99886,100,100027,100,99884,100,100031,100,,,100057,100,,,100064,200,,,100081,100,,,100102,100,,,100140,100,,
2019-06-28 09:30:00.000000019,100013,100,99967,100,100024,100,99927,100,100027,100,99917,100,100031,100,99889,100,100057,100,99886,100,100064,200,99884,100,100081,100,,,100102,100,,,100140,100,,,100157,100,,
2019-06-28 09:30:00.000000022,99991,100,99967,200,100013,100,99927,100,100024,100,99917,100,100027,100,99889,100,100031,100,99886,100,100056,100,99884,100,100057,100,,,100064,200,,,100078,100,,,100081,100,,
2019-06-28 09:30:00.000000028,99991,100,99967,200,100013,100,99927,100,100024,100,99917,100,100027,100,99889,100,100031,100,99886,100,100056,100,99884,100,100057,100,,,100064,200,,,100066,100,,,100078,100,,
2019-06-28 09:30:00.000000029,99991,100,99967,200,100013,100,99927,100,100024,100,99917,100,100027,100,99893,100,100031,100,99889,100,100056,100,99886,100,100057,100,99884,100,100064,200,,,100066,100,,,100078,100,,
2019-06-28 09:30:00.000000030,99991,100,99967,200,100013,100,99927,100,100024,100,99917,100,100027,100,99893,100,100031,100,99889,100,100056,100,99886,100,100057,100,99884,100,100064,200,,,100066,100,,,100078,100,,
2019-06-28 09:30:00.000000031,99991,100,99967,200,100013,100,99927,100,100024,100,99917,100,100027,100,99893,100,100031,100,99889,100,100056,100,99886,100,100057,100,99884,100,100064,200,,,100066,100,,,100078,100,,
2019-06-28 09:30:00.000000032,99991,100,99968,100,100013,100,99967,200,100024,100,99927,100,100027,100,99917,100,100031,100,99893,100,100056,100,99889,100,100057,100,99886,100,100064,200,99884,100,100066,100,,,100078,100,,
2019-06-28 09:30:00.000000036,99974,100,99968,100,99991,100,99967,200,100013,100,99927,100,100024,100,99917,100,100027,100,99893,100,100031,100,99889,100,100056,100,99886,100,100057,100,99884,100,100064,200,,,100066,100,,
2019-06-28 09:30:00.000000037,99974,100,99968,100,99991,100,99967,200,100013,100,99927,100,100015,100,99917,100,100024,100,99893,100,100027,100,99889,100,100031,100,99886,100,100056,100,99884,100,100057,100,,,100064,200,,
2019-06-28 09:30:00.000000039,99991,100,99968,100,100013,100,99967,200,100015,100,99927,100,100024,100,99917,100,100027,100,99893,100,100031,100,99889,100,100056,100,99886,100,100057,100,99884,100,100064,200,,,100066,100,,
2019-06-28 09:30:00.000000040,99991,100,99968,100,100013,100,99967,200,100015,100,99927,100,100024,100,99917,100,100027,100,99903,100,100031,100,99893,100,100056,100,99889,100,100057,100,99886,100,100064,200,99884,100,100066,100,,
2019-06-28 09:30:00.000000041,99991,100,99968,100,100013,100,99967,200,100015,100,99927,100,100024,100,99917,100,100027,100,99903,100,100031,100,99893,100,100056,100,99889,100,100057,100,99886,100,100064,200,99884,100,100066,100,99857,100
2019-06-28 09:30:00.000000043,99991,100,99968,100,100013,100,99967,200,100015,100,99927,100,100024,100,99917,100,100027,100,99903,100,100031,100,99898,100,100056,100,99893,100,100057,100,99889,100,100064,200,99886,100,100066,100,99884,100
2019-06-28 09:30:00.000000044,99991,100,99968,100,100013,100,99967,200,100015,100,99927,100,100024,100,99917,100,100027,100,99903,100,100031,100,99898,100,100056,100,99893,100,100057,100,99889,100,100064,200,99886,100,100065,100,99884,100
2019-06-28 09:30:00.000000046,99991,100,99968,100,100013,100,99967,200,100015,100,99927,100,100024,100,99917,100,100027,100,99903,100,100031,100,99898,100,100056,100,99893,100,100057,100,99889,100,100064,200,99886,100,100065,100,99884,100
2019-06-28 09:30:00.000000049,100013,100,99968,100,100015,100,99967,200,100024,100,99927,100,100027,100,99917,100,100031,100,99903,100,100056,100,99898,100,100057,100,99893,100,100064,200,99889,100,100065,100,99886,100,100066,100,99884,100
2019-06-28 09:30:00.000000050,99991,100,99968,100,100013,100,99967,200,100015,100,99927,100,100024,100,99917,100,100027,100,99903,100,100031,100,99898,100,100056,100,99893,100,100057,100,99889,100,100064,200,99886,100,100065,100,99884,100
2019-06-28 09:30:00.000000051,99991,100,99974,100,100013,100,99968,100,100015,100,99967,200,100024,100,99927,100,100027,100,99917,100,100031,100,99903,100,100056,100,99898,100,100057,100,99893,100,100064,200,99889,100,100065,100,99886,100
2019-06-28 09:30:00.000000054,99981,100,99974,100,99991,200,99968,100,100013,100,99967,200,100015,100,99927,100,100024,100,99917,100,100027,100,99903,100,100031,100,99898,100,100056,100,99893,100,100057,100,99889,100,100064,200,99886,100
2019-06-28 09:30:00.000000057,99991,200,99974,100,100013,100,99968,100,100015,100,99967,200,100024,100,99927,100,100027,100,99917,100,100031,100,99903,100,100056,100,99898,100,100057,100,99893,100,100064,200,99889,100,100065,100,99886,100
2019-06-28 09:30:00.000000059,99991,100,99974,100,100013,100,99968,100,100015,100,99967,200,100024,100,99927,100,100027,100,99917,100,100031,100,99903,100,100056,100,99898,100,100057,100,99893,100,100064,200,99889,100,100065,100,99886,100
2019-06-28 09:30:00.000000063,99991,100,99974,100,100013,100,99968,100,100015,100,99967,200,100024,100,99927,100,100027,100,99917,100,100031,100,99903,100,100056,100,99898,100,100057,100,99893,100,100064,200,99889,100,100065,100,99886,100
2019-06-28 09:30:00.000000065,99991,100,99974,100,99992,100,99968,100,100005,100,99967,200,100013,100,99927,100,100015,100,99917,100,100024,100,99903,100,100027,100,99898,100,100031,100,99893,100,100056,100,99889,100,100057,100,99886,100
2019-06-28 09:30:00.000000067,99991,100,99974,100,99992,100,99968,100,100005,100,99967,200,100013,100,99927,100,100015,100,99917,100,100024,100,99903,100,100027,100,99898,100,100031,100,99897,100,100056,100,99893,100,100057,100,99889,100
2019-06-28 09:30:00.000000071,99991,100,99974,100,99992,100,99968,100,100005,100,99967,200,100013,100,99927,100,100015,100,99917,100,100024,100,99903,100,100027,100,99898,100,100031,100,99897,100,100056,100,99893,100,100057,100,99889,100
2019-06-28 09:30:00.000000076,99991,100,99974,100,99992,100,99968,100,100005,100,99967,200,100013,100,99927,100,100015,100,99917,100,100024,100,99903,100,100025,100,99898,100,100027,100,99897,100,100031,100,99893,100,100056,100,99889,100
2019-06-28 09:30:00.000000077,99991,100,99974,100,99992,100,99968,100,100005,100,99967,200,100013,100,99927,100,100015,100,99917,100,100024,100,99903,100,100025,100,99898,100,100027,100,99897,100,100031,100,99893,100,100056,100,99889,100
2019-06-28 09:30:00.000000080,99991,100,99974,100,99992,100,99968,100,100005,100,99967,200,100013,100,99927,100,100015,100,99917,100,100024,100,99903,100,100025,100,99898,100,100027,100,99897,100,100031,100,99893,100,100056,100,99889,100
2019-06-28 09:30:00.000000083,99991,100,99974,100,99992,100,99968,100,100005,100,99967,200,100013,100,99927,100,100015,100,99917,100,100024,100,99903,100,100025,100,99898,100,100027,100,99897,100,100031,100,99893,100,100056,100,99889,100
2019-06-28 09:30:00.000000085,99991,100,99974,100,99992,100,99968,100,100005,100,99967,200,100013,100,99927,100,100015,100,99917,100,100024,100,99903,100,100025,100,99901,100,100027,100,99898,100,100031,100,99897,100,100056,100,99893,100
2019-06-28 09:30:00.000000086,99991,100,99974,100,99992,100,99968,100,100005,100,99967,200,100013,100,99927,100,100015,100,99917,100,100024,100,99903,100,100025,100,99901,100,100027,100,99898,100,100031,100,99897,100,100056,100,99893,100
2019-06-28 09:30:00.000000094,99991,100,99974,100,99992,100,99968,100,100005,100,99967,200,100013,100,99927,100,100015,100,99917,100,100024,100,99903,100,100025,100,99901,100,100027,100,99898,100,100031,100,99897,100,100056,100,99893,100
2019-06-28 09:30:00.000000095,99991,100,99974,100,99992,100,99968,100,100005,100,99967,200,100013,100,99927,100,100015,100,99917,100,100024,100,99903,100,100025,100,99901,100,100027,100,99898,100,100031,100,99897,100,100056,100,99893,100
2019-06-28 09:30:00.000000098,99991,100,99968,100,99992,100,99967,200,100005,100,99927,100,100013,100,99917,100,100015,100,99903,100,100024,100,99901,100,100025,100,99898,100,100027,100,99897,100,100031,100,99893,100,100056,100,99889,100
2019-06-28 09:30:03.027494731,99991,100,99968,100,99992,100,99967,200,100005,100,99937,100,100013,100,99927,100,100015,100,99917,100,100024,100,99903,100,100025,100,99901,100,100027,100,99898,100,100031,100,99897,100,100056,100,99893,100
2019-06-28 09:30:03.263567889,99992,100,99968,100,100005,100,99967,200,100013,100,99937,100,100015,100,99927,100,100024,100,99917,100,100025,100,99903,100,100027,100,99901,100,100031,100,99898,100,100056,100,99897,100,100057,100,99893,100
2019-06-28 09:30:10.000000000,99992,544,99968,544,100005,100,99967,200,100013,100,99937,100,100015,100,99927,100,100024,100,99917,100,100025,100,99903,100,100027,100,99901,100,100031,100,99898,100,100056,100,99897,100,100057,100,99893,100
2019-06-28 09:30:10.731070233,99992,544,99968,544,100005,100,99967,200,100013,100,99927,100,100015,100,99917,100,100024,100,99903,100,100025,100,99901,100,100027,100,99898,100,100031,100,99897,100,100056,100,99893,100,100057,100,99889,100
2019-06-28 09:30:20.000000000,99992,322,99968,322,100005,322,99967,422,100013,100,99927,100,100015,100,99917,100,100024,100,99903,100,100025,100,99901,100,100027,100,99898,100,100031,100,99897,100,100056,100,99893,100,100057,100,99889,100
2019-06-28 09:30:28.797444457,99992,322,99968,322,100005,322,99967,422,100013,100,99927,100,100015,100,99917,100,100018,100,99903,100,100024,100,99901,100,100025,100,99898,100,100027,100,99897,100,100031,100,99893,100,100056,100,99889,100
2019-06-28 09:30:30.000000000,99992,211,99968,211,100005,211,99967,311,100013,211,99927,211,100015,211,99917,211,100018,100,99903,100,100024,100,99901,100,100025,100,99898,100,100027,100,99897,100,100031,100,99893,100,100056,100,99889,100
2019-06-28 09:30:34.107591045,99992,211,99968,211,100005,211,99967,311,100013,211,99927,211,100015,211,99917,211,100018,100,99903,100,100024,100,99901,100,100025,100,99898,100,100027,100,99897,100,100031,100,99893,100,100056,100,99889,100
2019-06-28 09:30:40.000000000,99992,211,99968,211,100005,211,99967,311,100013,211,99927,211,100015,211,99917,211,100018,100,99903,100,100024,100,99901,100,100025,100,99898,100,100027,100,99897,100,100031,100,99893,100,100056,100,99889,100
2019-06-28 09:30:41.425335947,99992,211,99968,211,100005,211,99967,311,100013,211,99927,211,100015,211,99917,211,100018,100,99903,100,100024,100,99901,100,100025,100,99898,100,100031,100,99897,100,100056,100,99893,100,100057,100,99889,100
2019-06-28 09:30:49.187539342,99992,111,99968,211,100005,211,99967,311,100013,211,99927,211,100015,211,99917,211,100018,100,99903,100,100024,100,99901,100,100025,100,99898,100,100031,100,99897,100,100056,100,99893,100,100057,100,99889,100
2019-06-28 09:30:50.000000000,100005,322,99968,322,100013,322,99967,422,100015,100,99927,100,100018,100,99917,100,100024,100,99903,100,100025,100,99901,100,100031,100,99898,100,100056,100,99897,100,100057,100,99893,100,100064,200,99889,100
2019-06-28 09:31:00.000000000,100005,211,99968,211,100013,211,99967,311,100015,211,99927,211,100018,211,99917,211,100024,100,99903,100,100025,100,99901,100,100031,100,99898,100,100056,100,99897,100,100057,100,99893,100,100064,200,99889,100
2019-06-28 09:31:10.000000000,100005,322,99968,322,100013,322,99967,422,100015,100,99927,100,100018,100,99917,100,100024,100,99903,100,100025,100,99901,100,100031,100,99898,100,100056,100,99897,100,100057,100,99893,100,100064,200,99889,100
2019-06-28 09:31:10.290975779,100005,222,99968,322,100013,322,99967,422,100015,100,99927,100,100018,100,99917,100,100024,100,99903,100,100025,100,99901,100,100031,100,99897,100,100056,100,99893,100,100057,100,99889,100,100064,200,99886,100
2019-06-28 09:31:13.153794787,100005,222,99968,322,100013,322,99967,422,100015,100,99927,100,100018,100,99903,100,100024,100,99901,100,100025,100,99897,100,100031,100,99893,100,100056,100,99889,100,100057,100,99886,100,100064,200,99884,100
2019-06-28 09:31:15.289821751,100005,222,99968,322,100013,322,99967,422,100015,100,99927,100,100018,100,99903,100,100024,100,99901,100,100025,100,99897,100,100031,100,99893,100,100056,100,99889,100,100057,100,99886,100,100064,200,99884,100
2019-06-28 09:31:20.000000000,100013,251,99968,251,100015,247,99967,347,100018,247,99927,247,100024,100,99903,100,100025,100,99901,100,100031,100,99897,100,100056,100,99893,100,100057,100,99889,100,100064,200,99886,100,100065,100,99884,100
2019-06-28 09:31:30.000000000,100013,211,99968,211,100015,211,99967,311,100018,211,99927,211,100024,211,99903,211,100025,100,99901,100,100031,100,99897,100,100056,100,99893,100,100057,100,99889,100,100064,200,99886,100,100065,100,99884,100
2019-06-28 09:31:34.832771360,99991,100,99968,211,100013,211,99967,311,100015,211,99927,211,100018,211,99903,211,100024,211,99901,100,100025,100,99897,100,100031,100,99893,100,100056,100,99889,100,100057,100,99886,100,100064,200,99884,100
2019-06-28 09:31:40.000000000,99991,251,99968,251,100013,247,99967,347,100015,247,99927,247,100018,100,99903,100,100024,100,99901,100,100025,100,99897,100,100031,100,99893,100,100056,100,99889,100,100057,100,99886,100,100064,200,99884,100
2019-06-28 09:31:50.000000000,99991,544,99968,544,100013,100,99967,200,100015,100,99927,100,100018,100,99903,100,100024,100,99901,100,100025,100,99897,100,100031,100,99893,100,100056,100,99889,100,100057,100,99886,100,100064,200,99884,100
2019-06-28 09:32:00.000000000,99991,251,99968,251,100013,247,99967,347,100015,247,99927,247,100018,100,99903,100,100024,100,99901,100,100025,100,99897,100,100031,100,99893,100,100056,100,99889,100,100057,100,99886,100,100064,200,99884,100
2019-06-28 09:32:05.100565072,99991,251,99968,251,100013,247,99967,347,100015,247,99927,247,100018,100,99903,100,100024,100,99901,100,100025,100,99897,100,100031,100,99893,100,100056,100,99889,100,100057,100,99886,100,100064,200,99884,100
2019-06-28 09:32:10.000000000,99991,189,99968,189,100013,189,99967,289,100015,189,99927,189,100018,189,99903,189,100024,189,99901,189,100025,100,99897,100,100031,100,99893,100,100056,100,99889,100,100057,100,99886,100,100064,200,99884,100
2019-06-28 09:32:20.000000000,99991,189,99968,189,100013,189,99967,289,100015,189,99927,189,100018,189,99903,189,100024,189,99901,189,100025,100,99897,100,100031,100,99893,100,100056,100,99889,100,100057,100,99886,100,100064,200,99884,100
2019-06-28 09:32:22.075503048,99991,189,99968,89,100013,189,99967,289,100015,189,99927,189,100018,189,99903,189,100024,189,99901,189,100025,100,99897,100,100031,100,99893,100,100056,100,99889,100,100057,100,99886,100,100064,200,99884,100
2019-06-28 09:32:26.360493759,99990,100,99968,89,99991,189,99967,189,100013,189,99927,189,100015,189,99903,189,100018,189,99901,189,100024,189,99897,100,100025,100,99893,100,100031,100,99889,100,100056,100,99886,100,100057,100,99884,100
2019-06-28 09:32:30.000000000,99990,211,99967,211,99991,211,99927,211,100013,211,99903,211,100015,211,99901,211,100018,100,99897,100,100024,100,99893,100,100025,100,99889,100,100031,100,99886,100,100056,100,99884,100,100057,100,99880,100
2019-06-28 09:32:40.000000000,99990,189,99967,189,99991,189,99927,189,100013,189,99903,189,100015,189,99901,189,100018,189,99897,189,100024,100,99893,100,100025,100,99889,100,100031,100,99886,100,100056,100,99884,100,100057,100,99880,100
2019-06-28 09:32:49.424206147,99990,189,99967,189,99991,189,99927,189,100013,189,99903,189,100015,189,99901,189,100018,189,99897,189,100024,100,99893,100,100025,100,99886,100,100031,100,99884,100,100056,100,99880,100,100057,100,99865,100
2019-06-28 09:32:50.000000000,99990,211,99967,211,99991,211,99927,211,100013,211,99903,211,100015,211,99901,211,100018,100,99897,100,100024,100,99893,100,100025,100,99886,100,100031,100,99884,100,100056,100,99880,100,100057,100,99865,100
2019-06-28 09:33:00.000000000,99990,189,99967,189,99991,189,99927,189,100013,189,99903,189,100015,189,99901,189,100018,189,99897,189,100024,100,99893,100,100025,100,99886,100,100031,100,99884,100,100056,100,99880,100,100057,100,99865,100
2019-06-28 09:33:09.166445293,99990,189,99967,189,99991,189,99950,100,100013,189,99927,189,100015,189,99903,189,100018,189,99901,189,100024,100,99897,189,100025,100,99893,100,100031,100,99886,100,100056,100,99884,100,100057,100,99880,100
2019-06-28 09:33:10.000000000,99990,322,99967,322,99991,322,99950,322,100013,100,99927,100,100015,100,99903,100,100018,100,99901,100,100024,100,99897,100,100025,100,99893,100,100031,100,99886,100,100056,100,99884,100,100057,100,99880,100
2019-06-28 09:33:20.000000000,99990,251,99967,251,99991,247,99950,247,100013,247,99927,247,100015,100,99903,100,100018,100,99901,100,100024,100,99897,100,100025,100,99893,100,100031,100,99886,100,100056,100,99884,100,100057,100,99880,100
2019-06-28 09:33:30.000000000,99990,544,99967,544,99991,100,99950,100,100013,100,99927,100,100015,100,99903,100,100018,100,99901,100,100024,100,99897,100,100025,100,99893,100,100031,100,99886,100,100056,100,99884,100,100057,100,99880,100
2019-06-28 09:33:40.000000000,99990,322,99967,322,99991,322,99950,322,100013,100,99927,100,100015,100,99903,100,100018,100,99901,100,100024,100,99897,100,100025,100,99893,100,100031,100,99886,100,100056,100,99884,100,100057,100,99880,100
2019-06-28 09:33:46.011053879,99990,322,99967,322,99991,322,99950,322,100013,100,99927,100,100015,100,99903,100,100018,100,99901,100,100024,100,99897,100,100025,100,99893,100,100031,100,99886,100,100056,100,99884,100,100057,100,99880,100
2019-06-28 09:33:46.150923907,99990,222,99967,322,99991,322,99950,322,100013,100,99927,100,100015,100,99901,100,100018,100,99897,100,100024,100,99893,100,100025,100,99886,100,100031,100,99884,100,100056,100,99880,100,100057,100,99865,100
2019-06-28 09:33:50.000000000,99991,189,99967,189,100013,189,99950,189,100015,189,99927,189,100018,189,99901,189,100024,189,99897,189,100025,100,99893,100,100031,100,99886,100,100056,100,99884,100,100057,100,99880,100,100064,200,99865,100
2019-06-28 09:34:00.000000000,99991,322,99967,322,100013,322,99950,322,100015,100,99927,100,100018,100,99901,100,100024,100,99897,100,100025,100,99893,100,100031,100,99886,100,100056,100,99884,100,100057,100,99880,100,100064,200,99865,100
2019-06-28 09:34:10.000000000,99991,251,99967,251,100013,247,99950,247,100015,247,99927,247,100018,100,99901,100,100024,100,99897,100,100025,100,99893,100,100031,100,99886,100,100056,100,99884,100,100057,100,99880,100,100064,200,99865,100
2019-06-28 09:34:20.000000000,99991,322,99967,322,100013,322,99950,322,100015,100,99927,100,100018,100,99901,100,100024,100,99897,100,100025,100,99893,100,100031,100,99886,100,100056,100,99884,100,100057,100,99880,100,100064,200,99865,100
2019-06-28 09:34:30.000000000,99991,251,99967,251,100013,247,99950,247,100015,247,99927,247,100018,100,99901,100,100024,100,99897,100,100025,100,99893,100,100031,100,99886,100,100056,100,99884,100,100057,100,99880,100,100064,200,99865,100
2019-06-28 09:34:40.000000000,99991,189,99967,189,100013,189,99950,189,100015,189,99927,189,100018,189,99901,189,100024,189,99897,189,100025,100,99893,100,100031,100,99886,100,100056,100,99884,100,100057,100,99880,100,100064,200,99865,100
2019-06-28 09:34:50.000000000,99991,189,99967,189,100013,189,99950,189,100015,189,99927,189,100018,189,99901,189,100024,189,99897,189,100025,100,99893,100,100031,100,99886,100,100056,100,99884,100,100057,100,99880,100,100064,200,99865,100
2019-06-28 09:35:00.000000000,99991,322,99967,322,100013,322,99950,322,100015,100,99927,100,100018,100,99901,100,100024,100,99897,100,100025,100,99893,100,100031,100,99886,100,100056,100,99884,100,100057,100,99880,100,100064,200,99865,100
2019-06-28 09:35:06.638775325,99991,322,99969,100,100013,322,99967,322,100015,100,99950,322,100018,100,99927,100,100024,100,99901,100,100025,100,99897,100,100031,100,99893,100,100056,100,99886,100,100057,100,99884,100,100064,200,99880,100
2019-06-28 09:35:10.000000000,99991,211,99969,211,100013,211,99967,211,100015,211,99950,211,100018,211,99927,211,100024,100,99901,100,100025,100,99897,100,100031,100,99893,100,100056,100,99886,100,100057,100,99884,100,100064,200,99880,100
2019-06-28 09:35:10.637678941,99991,211,99969,211,100013,211,99967,211,100015,211,99950,211,100018,211,99927,211,100024,100,99901,100,100025,100,99897,100,100031,100,99893,100,100056,100,99886,100,100057,100,99884,100,100064,200,99880,100
2019-06-28 09:35:15.013771908,99991,211,99969,211,100013,211,99967,211,100015,211,99950,211,100018,211,99927,211,100024,100,99901,100,100025,100,99897,100,100031,100,99893,100,100056,100,99886,100,100057,100,99880,100,100064,200,99865,100
2019-06-28 09:35:20.000000000,99991,544,99969,544,100013,100,99967,100,100015,100,99950,100,100018,100,99927,100,100024,100,99901,100,100025,100,99897,100,100031,100,99893,100,100056,100,99886,100,100057,100,99880,100,100064,200,99865,100
2019-06-28 09:35:21.418850488,99991,544,99969,544,100013,100,99967,100,100015,100,99950,100,100018,100,99927,100,100024,100,99908,100,100025,100,99901,100,100031,100,99897,100,100056,100,99893,100,100057,100,99880,100,100064,200,99865,100
2019-06-28 09:35:21.786050033,99991,544,99969,544,100007,100,99967,100,100013,100,99950,100,100015,100,99927,100,100018,100,99908,100,100025,100,99901,100,100031,100,99897,100,100056,100,99893,100,100057,100,99880,100,100064,200,99865,100
2019-06-28 09:35:23.898344359,99991,544,99969,544,100007,100,99967,100,100013,100,99950,100,100015,100,99927,100,100018,100,99921,100,100025,100,99908,100,100031,100,99901,100,100056,100,99897,100,100057,100,99893,100,100064,200,99880,100
2019-06-28 09:35:30.000000000,99991,189,99969,189,100007,189,99967,189,100013,189,99950,189,100015,189,99927,189,100018,189,99921,189,100025,100,99908,100,100031,100,99901,100,100056,100,99897,100,100057,100,99893,100,100064,200,99880,100
2019-06-28 09:35:30.247255812,99991,189,99969,189,100007,189,99967,189,100013,189,99963,100,100015,189,99950,189,100018,189,99927,189,100025,100,99921,189,100031,100,99908,100,100056,100,99901,100,100057,100,99897,100,100064,200,99893,100
2019-06-28 09:35:40.000000000,99991,211,99969,211,100007,211,99967,211,100013,211,99963,211,100015,211,99950,211,100018,100,99927,100,100025,100,99921,100,100031,100,99908,100,100056,100,99901,100,100057,100,99897,100,100064,200,99893,100
2019-06-28 09:35:40.057364147,99991,211,99969,211,100007,211,99967,211,100013,211,99963,211,100015,211,99950,211,100018,100,99927,100,100025,100,99921,100,100031,100,99908,100,100056,100,99901,100,100057,100,99897,100,100064,200,99893,100
2019-06-28 09:35:40.808916577,99991,211,99969,211,100007,211,99967,211,100013,211,99963,211,100015,211,99950,211,100018,100,99927,100,100025,100,99921,100,100031,100,99908,100,100056,100,99901,100,100057,100,99897,100,100064,200,99893,100
2019-06-28 09:35:50.000000000,99991,251,99969,251,100007,247,99967,247,100013,247,99963,247,100015,100,99950,100,100018,100,99927,100,100025,100,99921,100,100031,100,99908,100,100056,100,99901,100,100057,100,99897,100,100064,200,99893,100
2019-06-28 09:36:00.000000000,99991,322,99969,322,100007,322,99967,322,100013,100,99963,100,100015,100,99950,100,100018,100,99927,100,100025,100,99921,100,100031,100,99908,100,100056,100,99901,100,100057,100,99897,100,100064,200,99893,100
2019-06-28 09:36:10.000000000,99991,251,99969,251,100007,247,99967,247,100013,247,99963,247,100015,100,99950,100,100018,100,99927,100,100025,100,99921,100,100031,100,99908,100,100056,100,99901,100,100057,100,99897,100,100064,200,99893,100
2019-06-28 09:36:20.000000000,99991,322,99969,322,100007,322,99967,322,100013,100,99963,100,100015,100,99950,100,100018,100,99927,100,100025,100,99921,100,100031,100,99908,100,100056,100,99901,100,100057,100,99897,100,100064,200,99893,100
2019-06-28 09:36:23.991284195,99991,322,99969,422,100007,322,99967,322,100013,100,99963,100,100015,100,99950,100,100018,100,99927,100,100025,100,99921,100,100031,100,99908,100,100056,100,99901,100,100057,100,99897,100,100064,200,99893,100
2019-06-28 09:36:30.000000000,99991,251,99969,351,100007,247,99967,247,100013,247,99963,247,100015,100,99950,100,100018,100,99927,100,100025,100,99921,100,100031,100,99908,100,100056,100,99901,100,100057,100,99897,100,100064,200,99893,100
2019-06-28 09:36:34.657440953,99991,251,99969,451,100007,247,99967,247,100013,247,99963,247,100015,100,99950,100,100018,100,99927,100,100025,100,99921,100,100031,100,99908,100,100056,100,99901,100,100064,200,99897,100,100065,100,99893,100
2019-06-28 09:36:40.000000000,99991,211,99969,411,100007,211,99967,211,100013,211,99963,211,100015,211,99950,211,100018,100,99927,100,100025,100,99921,100,100031,100,99908,100,100056,100,99901,100,100064,200,99897,100,100065,100,99893,100
2019-06-28 09:36:49.059823351,99991,111,99969,411,100007,211,99967,211,100013,211,99963,211,100015,211,99950,211,100018,100,99927,100,100025,100,99921,100,100031,100,99908,100,100056,100,99901,100,100064,200,99897,100,100065,100,99893,100
2019-06-28 09:36:50.000000000,100007,322,99969,522,100013,322,99967,322,100015,100,99963,100,100018,100,99950,100,100025,100,99927,100,100031,100,99921,100,100056,100,99908,100,100064,200,99901,100,100065,100,99897,100,100066,100,99893,100
2019-06-28 09:36:55.512715594,100007,222,99969,522,100013,322,99967,322,100015,100,99963,100,100018,100,99950,100,100025,100,99927,100,100031,100,99908,100,100056,100,99901,100,100064,200,99897,100,100065,100,99893,100,100066,100,99880,100
2019-06-28 09:37:00.000000000,100013,189,99969,389,100015,189,99967,189,100018,189,99963,189,100025,189,99950,189,100031,189,99927,189,100056,100,99908,100,100064,200,99901,100,100065,100,99897,100,100066,100,99893,100,100067,100,99880,100
2019-06-28 09:37:10.000000000,100013,251,99969,451,100015,247,99967,247,100018,247,99963,247,100025,100,99950,100,100031,100,99927,100,100056,100,99908,100,100064,200,99901,100,100065,100,99897,100,100066,100,99893,100,100067,100,99880,100
2019-06-28 09:37:11.384531139,99990,100,99969,451,100013,251,99967,247,100015,247,99963,247,100018,247,99950,100,100025,100,99927,100,100031,100,99908,100,100056,100,99901,100,100064,200,99897,100,100065,100,99893,100,100066,100,99880,100
2019-06-28 09:37:16.697959369,99990,100,99969,451,100013,251,99967,247,100015,247,99963,247,100018,247,99950,100,100025,100,99927,100,100056,100,99908,100,100064,200,99901,100,100065,100,99897,100,100066,100,99893,100,100067,100,99880,100
2019-06-28 09:37:20.000000000,99990,251,99969,451,100013,247,99967,247,100015,247,99963,247,100018,100,99950,100,100025,100,99927,100,100056,100,99908,100,100064,200,99901,100,100065,100,99897,100,100066,100,99893,100,100067,100,99880,100
2019-06-28 09:37:30.000000000,99990,211,99969,411,100013,211,99967,211,100015,211,99963,211,100018,211,99950,211,100025,100,99927,100,100056,100,99908,100,100064,200,99901,100,100065,100,99897,100,100066,100,99893,100,100067,100,99880,100
2019-06-28 09:37:40.000000000,99990,211,99969,411,100013,211,99967,211,100015,211,99963,211,100018,211,99950,211,100025,100,99927,100,100056,100,99908,100,100064,200,99901,100,100065,100,99897,100,100066,100,99893,100,100067,100,99880,100
2019-06-28 09:37:50.000000000,99990,544,99969,744,100013,100,99967,100,100015,100,99963,100,100018,100,99950,100,100025,100,99927,100,100056,100,99908,100,100064,200,99901,100,100065,100,99897,100,100066,100,99893,100,100067,100,99880,100
2019-06-28 09:37:54.634315648,99990,544,99969,644,100013,100,99967,100,100015,100,99963,100,100018,100,99950,100,100025,100,99927,100,100056,100,99908,100,100064,100,99901,100,100065,100,99897,100,100066,100,99893,100,100067,100,99880,100
2019-06-28 09:37:58.716067856,99990,544,99969,544,100013,100,99967,100,100015,100,99963,100,100018,100,99950,100,100025,100,99927,100,100056,100,99908,100,100064,100,99901,100,100065,100,99897,100,100066,100,99893,100,100067,100,99880,100
2019-06-28 09:38:00.000000000,99990,189,99969,189,100013,189,99967,189,100015,189,99963,189,100018,189,99950,189,100025,189,99927,189,100056,100,99908,100,100064,100,99901,100,100065,100,99897,100,100066,100,99893,100,100067,100,99880,100
2019-06-28 09:38:03.127954702,99990,189,99969,89,100013,189,99967,189,100015,189,99963,189,100018,189,99950,189,100025,189,99927,189,100056,100,99908,100,100064,100,99901,100,100065,100,99897,100,100066,100,99893,100,100067,100,99880,100
2019-06-28 09:38:10.000000000,99990,322,99967,322,100013,322,99963,322,100015,100,99950,100,100018,100,99927,100,100025,100,99908,100,100056,100,99901,100,100064,100,99897,100,100065,100,99893,100,100066,100,99880,100,100067,100,99865,100
2019-06-28 09:38:20.000000000,99990,211,99967,211,100013,211,99963,211,100015,211,99950,211,100018,211,99927,211,100025,100,99908,100,100056,100,99901,100,100064,100,99897,100,100065,100,99893,100,100066,100,99880,100,100067,100,99865,100
2019-06-28 09:38:30.000000000,99990,544,99967,544,100013,100,99963,100,100015,100,99950,100,100018,100,99927,100,100025,100,99908,100,100056,100,99901,100,100064,100,99897,100,100065,100,99893,100,100066,100,99880,100,100067,100,99865,100
2019-06-28 09:38:40.000000000,99990,322,99967,322,100013,322,99963,322,100015,100,99950,100,100018,100,99927,100,100025,100,99908,100,100056,100,99901,100,100064,100,99897,100,100065,100,99893,100,100066,100,99880,100,100067,100,99865,100
2019-06-28 09:38:50.000000000,99990,211,99967,211,100013,211,99963,211,100015,211,99950,211,100018,211,99927,211,100025,100,99908,100,100056,100,99901,100,100064,100,99897,100,100065,100,99893,100,100066,100,99880,100,100067,100,99865,100
2019-06-28 09:38:51.559484193,99990,211,99967,211,100013,211,99963,211,100015,211,99950,211,100018,211,99927,211,100025,100,99908,100,100056,100,99901,100,100064,100,99897,100,100065,100,99893,100,100066,100,99880,100,100067,100,99865,100
2019-06-28 09:39:00.000000000,99990,251,99967,251,100013,247,99963,247,100015,247,99950,247,100018,100,99927,100,100025,100,99908,100,100056,100,99901,100,100064,100,99897,100,100065,100,99893,100,100066,100,99880,100,100067,100,99865,100
2019-06-28 09:39:00.512880094,99990,251,99967,251,100013,247,99963,247,100015,247,99950,247,100018,100,99927,100,100025,100,99908,100,100056,100,99901,100,100064,100,99897,100,100065,100,99893,100,100066,100,99880,100,100067,100,99865,100
2019-06-28 09:39:10.000000000,99990,211,99967,211,100013,211,99963,211,100015,211,99950,211,100018,211,99927,211,100025,100,99908,100,100056,100,99901,100,100064,100,99897,100,100065,100,99893,100,100066,100,99880,100,100067,100,99865,100
2019-06-28 09:39:20.000000000,99990,544,99967,544,100013,100,99963,100,100015,100,99950,100,100018,100,99927,100,100025,100,99908,100,100056,100,99901,100,100064,100,99897,100,100065,100,99893,100,100066,100,99880,100,100067,100,99865,100
2019-06-28 09:39:20.843531614,99990,544,99967,444,100013,100,99963,100,100015,100,99950,100,100018,100,99927,100,100025,100,99908,100,100056,100,99901,100,100064,100,99897,100,100065,100,99893,100,100066,100,99880,100,100067,100,99865,100
2019-06-28 09:39:29.093084118,99990,544,99967,444,100015,100,99963,100,100018,100,99950,100,100025,100,99927,100,100056,100,99908,100,100064,100,99901,100,100065,100,99897,100,100066,100,99893,100,100067,100,99880,100,100070,100,99865,100
2019-06-28 09:39:30.000000000,99990,211,99963,211,100015,211,99950,211,100018,211,99927,211,100025,211,99908,211,100056,100,99901,100,100064,100,99897,100,100065,100,99893,100,100066,100,99880,100,100067,100,99865,100,100070,100,99857,100
2019-06-28 09:39:40.000000000,99990,251,99963,251,100015,247,99950,247,100018,247,99927,247,100025,100,99908,100,100056,100,99901,100,100064,100,99897,100,100065,100,99893,100,100066,100,99880,100,100067,100,99865,100,100070,100,99857,100
2019-06-28 09:39:48.368545637,99969,100,99963,251,99990,251,99950,247,100015,247,99927,247,100018,247,99908,100,100025,100,99901,100,100056,100,99897,100,100064,100,99893,100,100065,100,99880,100,100066,100,99865,100,100067,100,99857,100
2019-06-28 09:39:50.000000000,99969,544,99963,544,99990,100,99950,100,100015,100,99927,100,100018,100,99908,100,100025,100,99901,100,100056,100,99897,100,100064,100,99893,100,100065,100,99880,100,100066,100,99865,100,100067,100,99857,100
2019-06-28 09:39:57.740763401,99969,444,99963,544,99990,100,99950,100,100015,100,99927,100,100018,100,99908,100,100025,100,99901,100,100056,100,99897,100,100064,100,99893,100,100065,100,99880,100,100066,100,99865,100,100067,100,99857,100
2019-06-28 09:39:59.916100437,99969,344,99963,544,99990,100,99950,100,100015,100,99927,100,100018,100,99908,100,100025,100,99901,100,100056,100,99897,100,100064,100,99893,100,100065,100,99880,100,100066,100,99865,100,100067,100,99857,100
2019-06-28 09:40:00.000000000,99990,251,99963,251,100015,247,99950,247,100018,247,99927,247,100025,100,99908,100,100056,100,99901,100,100064,100,99897,100,100065,100,99893,100,100066,100,99880,100,100067,100,99865,100,100070,100,99857,100
2019-06-28 09:40:10.000000000,99990,544,99963,544,100015,100,99950,100,100018,100,99927,100,100025,100,99908,100,100056,100,99901,100,100064,100,99897,100,100065,100,99893,100,100066,100,99880,100,100067,100,99865,100,100070,100,99857,100
2019-06-28 09:40:20.000000000,99990,189,99963,189,100015,189,99950,189,100018,189,99927,189,100025,189,99908,189,100056,189,99901,189,100064,100,99897,100,100065,100,99893,100,100066,100,99880,100,100067,100,99865,100,100070,100,99857,100
2019-06-28 09:40:21.791215265,99990,89,99963,189,100015,189,99950,189,100018,189,99927,189,100025,189,99908,189,100056,189,99901,189,100064,100,99897,100,100065,100,99893,100,100066,100,99880,100,100067,100,99865,100,100070,100,99857,100
2019-06-28 09:40:24.573579680,99990,89,99963,189,100015,189,99950,189,100018,189,99927,189,100025,189,99908,189,100056,189,99901,189,100064,100,99897,100,100065,100,99893,100,100066,100,99880,100,100067,100,99865,100,100070,100,99857,100
2019-06-28 09:40:30.000000000,100015,251,99963,251,100018,247,99950,247,100025,247,99927,247,100056,100,99908,100,100064,100,99901,100,100065,100,99897,100,100066,100,99893,100,100067,100,99880,100,100070,100,99865,100,100078,100,99857,100
2019-06-28 09:40:40.000000000,100015,189,99963,189,100018,189,99950,189,100025,189,99927,189,100056,189,99908,189,100064,189,99901,189,100065,100,99897,100,100066,100,99893,100,100067,100,99880,100,100070,100,99865,100,100078,100,99857,100
2019-06-28 09:40:50.000000000,100015,322,99963,322,100018,322,99950,322,100025,100,99927,100,100056,100,99908,100,100064,100,99901,100,100065,100,99897,100,100066,100,99893,100,100067,100,99880,100,100070,100,99865,100,100078,100,99857,100
2019-06-28 09:40:53.423768722,100015,222,99963,322,100018,322,99950,322,100025,100,99927,100,100056,100,99908,100,100064,100,99901,100,100065,100,99897,100,100066,100,99893,100,100067,100,99880,100,100070,100,99865,100,100078,100,99857,100
2019-06-28 09:41:00.000000000,100018,544,99963,544,100025,100,99950,100,100056,100,99927,100,100064,100,99908,100,100065,100,99901,100,100066,100,99897,100,100067,100,99893,100,100070,100,99880,100,100078,100,99865,100,100081,100,99857,100
2019-06-28 09:41:00.712678954,100018,544,99963,544,100025,100,99950,100,100056,100,99927,100,100064,100,99908,100,100065,100,99901,100,100066,100,99897,100,100067,100,99893,100,100070,100,99880,100,100078,100,99865,100,100081,100,99857,100
2019-06-28 09:41:07.828183933,100018,544,99963,544,100025,100,99950,100,100056,100,99927,100,100064,100,99908,100,100065,100,99901,100,100066,100,99897,100,100067,100,99893,100,100070,100,99880,100,100078,100,99865,100,100081,100,99857,100
2019-06-28 09:41:10.000000000,100018,322,99963,322,100025,322,99950,322,100056,100,99927,100,100064,100,99908,100,100065,100,99901,100,100066,100,99897,100,100067,100,99893,100,100070,100,99880,100,100078,100,99865,100,100081,100,99857,100
2019-06-28 09:41:20.000000000,100018,251,99963,251,100025,247,99950,247,100056,247,99927,247,100064,100,99908,100,100065,100,99901,100,100066,100,99897,100,100067,100,99893,100,100070,100,99880,100,100078,100,99865,100,100081,100,99857,100
2019-06-28 09:41:24.105418577,100018,151,99963,251,100025,147,99950,247,100056,247,99927,247,100064,100,99908,100,100065,100,99901,100,100066,100,99897,100,100067,100,99893,100,100070,100,99880,100,100078,100,99865,100,100081,100,99857,100
2019-06-28 09:41:29.960731102,100018,51,99963,251,100025,147,99950,247,100056,247,99927,247,100064,100,99908,100,100065,100,99901,100,100066,100,99897,100,100067,100,99893,100,100070,100,99880,100,100078,100,99857,100,100081,100,99784,100
2019-06-28 09:41:30.000000000,100056,189,99963,189,100064,189,99950,189,100065,189,99927,189,100066,189,99908,189,100067,189,99901,189,100070,100,99897,100,100078,100,99893,100,100081,100,99880,100,100116,100,99857,100,100118,100,99784,100
2019-06-28 09:41:40.000000000,100056,544,99963,544,100064,100,99950,100,100065,100,99927,100,100066,100,99908,100,100067,100,99901,100,100070,100,99897,100,100078,100,99893,100,100081,100,99880,100,100116,100,99857,100,100118,100,99784,100
2019-06-28 09:41:45.378808460,100056,544,100024,100,100064,100,99963,544,100065,100,99950,100,100066,100,99927,100,100067,100,99908,100,100070,100,99901,100,100078,100,99897,100,100081,100,99893,100,100116,100,99880,100,100118,100,99857,100
2019-06-28 09:41:50.000000000,100056,251,100024,251,100064,247,99963,247,100065,247,99950,247,100066,100,99927,100,100067,100,99908,100,100070,100,99901,100,100078,100,99897,100,100081,100,99893,100,100116,100,99880,100,100118,100,99857,100
2019-06-28 09:41:58.732972126,100056,251,100024,251,100064,247,99963,247,100065,247,99950,247,100066,100,99927,100,100067,100,99908,100,100070,100,99901,100,100078,100,99897,100,100081,100,99893,200,100116,100,99880,100,100118,100,99857,100
2019-06-28 09:42:00.000000000,100056,211,100024,211,100064,211,99963,211,100065,211,99950,211,100066,211,99927,211,100067,100,99908,100,100070,100,99901,100,100078,100,99897,100,100081,100,99893,200,100116,100,99880,100,100118,100,99857,100
2019-06-28 09:42:10.000000000,100056,211,100024,211,100064,211,99963,211,100065,211,99950,211,100066,211,99927,211,100067,100,99908,100,100070,100,99901,100,100078,100,99897,100,100081,100,99893,200,100116,100,99880,100,100118,100,99857,100
2019-06-28 09:42:10.404752694,100056,211,100024,211,100064,211,100018,100,100065,211,99963,211,100066,211,99950,211,100067,100,99927,211,100070,100,99908,100,100078,100,99901,100,100081,100,99897,100,100116,100,99893,200,100118,100,99880,100
2019-06-28 09:42:20.000000000,100056,544,100024,544,100064,100,100018,100,100065,100,99963,100,100066,100,99950,100,100067,100,99927,100,100070,100,99908,100,100078,100,99901,100,100081,100,99897,100,100116,100,99893,200,100118,100,99880,100
2019-06-28 09:42:30.000000000,100056,251,100024,251,100064,247,100018,247,100065,247,99963,247,100066,100,99950,100,100067,100,99927,100,100070,100,99908,100,100078,100,99901,100,100081,100,99897,100,100116,100,99893,200,100118,100,99880,100
2019-06-28 09:42:40.000000000,100056,544,100024,544,100064,100,100018,100,100065,100,99963,100,100066,100,99950,100,100067,100,99927,100,100070,100,99908,100,100078,100,99901,100,100081,100,99897,100,100116,100,99893,200,100118,100,99880,100
2019-06-28 09:42:50.000000000,100056,211,100024,211,100064,211,100018,211,100065,211,99963,211,100066,211,99950,211,100067,100,99927,100,100070,100,99908,100,100078,100,99901,100,100081,100,99897,100,100116,100,99893,200,100118,100,99880,100
2019-06-28 09:43:00.000000000,100056,211,100024,211,100064,211,100018,211,100065,211,99963,211,100066,211,99950,211,100067,100,99927,100,100070,100,99908,100,100078,100,99901,100,100081,100,99897,100,100116,100,99893,200,100118,100,99880,100
2019-06-28 09:43:10.000000000,100056,322,100024,322,100064,322,100018,322,100065,100,99963,100,100066,100,99950,100,100067,100,99927,100,100070,100,99908,100,100078,100,99901,100,100081,100,99897,100,100116,100,99893,200,100118,100,99880,100
2019-06-28 09:43:14.770259309,100056,322,100024,222,100064,322,100018,322,100065,100,99963,100,100066,100,99950,100,100067,100,99927,100,100070,100,99908,100,100078,100,99901,100,100081,100,99897,100,100116,100,99893,200,100118,100,99880,100
2019-06-28 09:43:20.000000000,100056,211,100018,211,100064,211,99963,211,100065,211,99950,211,100066,211,99927,211,100067,100,99908,100,100070,100,99901,100,100078,100,99897,100,100081,100,99893,200,100116,100,99880,100,100118,100,99857,100
2019-06-28 09:43:30.000000000,100056,189,100018,189,100064,189,99963,189,100065,189,99950,189,100066,189,99927,189,100067,189,99908,189,100070,100,99901,100,100078,100,99897,100,100081,100,99893,200,100116,100,99880,100,100118,100,99857,100
2019-06-28 09:43:34.224910072,100056,189,100018,189,100064,189,99963,189,100065,189,99950,189,100066,189,99927,189,100067,189,99908,189,100070,100,99901,100,100078,100,99897,100,100081,100,99893,200,100116,100,99880,100,100118,100,99857,100
2019-06-28 09:43:36.261410845,100056,189,100018,189,100064,189,99963,189,100065,189,99950,189,100066,189,99927,189,100067,189,99908,189,100070,100,99897,100,100078,100,99893,200,100081,100,99880,100,100116,100,99857,100,100118,100,99784,100
2019-06-28 09:43:40.000000000,100056,189,100018,189,100064,189,99963,189,100065,189,99950,189,100066,189,99927,189,100067,189,99908,189,100070,100,99897,100,100078,100,99893,200,100081,100,99880,100,100116,100,99857,100,100118,100,99784,100
2019-06-28 09:43:48.980109985,100056,189,100025,100,100064,189,100018,189,100065,189,99963,189,100066,189,99950,189,100067,189,99927,189,100070,100,99908,189,100078,100,99897,100,100081,100,99893,200,100116,100,99880,100,100118,100,99857,100
2019-06-28 09:43:50.000000000,100056,189,100025,189,100064,189,100018,189,100065,189,99963,189,100066,189,99950,189,100067,189,99927,189,100070,100,99908,100,100078,100,99897,100,100081,100,99893,200,100116,100,99880,100,100118,100,99857,100
2019-06-28 09:44:00.000000000,100056,211,100025,211,100064,211,100018,211,100065,211,99963,211,100066,211,99950,211,100067,100,99927,100,100070,100,99908,100,100078,100,99897,100,100081,100,99893,200,100116,100,99880,100,100118,100,99857,100
2019-06-28 09:44:10.000000000,100056,322,100025,322,100064,322,100018,322,100065,100,99963,100,100066,100,99950,100,100067,100,99927,100,100070,100,99908,100,100078,100,99897,100,100081,100,99893,200,100116,100,99880,100,100118,100,99857,100
2019-06-28 09:44:13.431455310,100056,322,100025,422,100064,322,100018,322,100065,100,99963,100,100066,100,99950,100,100067,100,99927,100,100070,100,99908,100,100078,100,99897,100,100081,100,99893,200,100116,100,99880,100,100118,100,99857,100
2019-06-28 09:44:20.000000000,100056,251,100025,351,100064,247,100018,247,100065,247,99963,247,100066,100,99950,100,100067,100,99927,100,100070,100,99908,100,100078,100,99897,100,100081,100,99893,200,100116,100,99880,100,100118,100,99857,100
2019-06-28 09:44:30.000000000,100056,251,100025,351,100064,247,100018,247,100065,247,99963,247,100066,100,99950,100,100067,100,99927,100,100070,100,99908,100,100078,100,99897,100,100081,100,99893,200,100116,100,99880,100,100118,100,99857,100
2019-06-28 09:44:40.000000000,100056,544,100025,644,100064,100,100018,100,100065,100,99963,100,100066,100,99950,100,100067,100,99927,100,100070,100,99908,100,100078,100,99897,100,100081,100,99893,200,100116,100,99880,100,100118,100,99857,100
2019-06-28 09:44:44.346089860,100056,544,100025,644,100064,100,100018,100,100065,100,99963,100,100066,100,99950,100,100070,100,99927,100,100078,100,99908,100,100081,100,99897,100,100116,100,99893,200,100118,100,99880,100,100157,100,99857,100
2019-06-28 09:44:50.000000000,100056,189,100025,289,100064,189,100018,189,100065,189,99963,189,100066,189,99950,189,100070,189,99927,189,100078,100,99908,100,100081,100,99897,100,100116,100,99893,200,100118,100,99880,100,100157,100,99857,100
2019-06-28 09:45:00.000000000,100056,251,100025,351,100064,247,100018,247,100065,247,99963,247,100066,100,99950,100,100070,100,99927,100,100078,100,99908,100,100081,100,99897,100,100116,100,99893,200,100118,100,99880,100,100157,100,99857,100
2019-06-28 09:45:10.000000000,100056,189,100025,289,100064,189,100018,189,100065,189,99963,189,100066,189,99950,189,100070,189,99927,189,100078,100,99908,100,100081,100,99897,100,100116,100,99893,200,100118,100,99880,100,100157,100,99857,100
2019-06-28 09:45:20.000000000,100056,211,100025,311,100064,211,100018,211,100065,211,99963,211,100066,211,99950,211,100070,100,99927,100,100078,100,99908,100,100081,100,99897,100,100116,100,99893,200,100118,100,99880,100,100157,100,99857,100
2019-06-28 09:45:30.000000000,100056,189,100025,289,100064,189,100018,189,100065,189,99963,189,100066,189,99950,189,100070,189,99927,189,100078,100,99908,100,100081,100,99897,100,100116,100,99893,200,100118,100,99880,100,100157,100,99857,100
2019-06-28 09:45:40.000000000,100056,211,100025,311,100064,211,100018,211,100065,211,99963,211,100066,211,99950,211,100070,100,99927,100,100078,100,99908,100,100081,100,99897,100,100116,100,99893,200,100118,100,99880,100,100157,100,99857,100
2019-06-28 09:45:41.892095165,100056,211,100025,311,100064,211,100018,211,100065,211,99963,211,100066,211,99950,211,100070,100,99927,100,100078,100,99908,100,100081,100,99897,100,100116,100,99893,200,100118,100,99880,100,100157,100,99857,100
2019-06-28 09:45:50.000000000,100056,211,100025,311,100064,211,100018,211,100065,211,99963,211,100066,211,99950,211,100070,100,99927,100,100078,100,99908,100,100081,100,99897,100,100116,100,99893,200,100118,100,99880,100,100157,100,99857,100
2019-06-28 09:45:58.818830978,100056,211,100025,411,100064,211,100018,211,100065,211,99963,211,100066,211,99950,211,100070,100,99927,100,100078,100,99908,100,100081,100,99897,100,100116,100,99893,200,100118,100,99880,100,100157,100,99857,100
2019-06-28 09:46:00.000000000,100056,322,100025,522,100064,322,100018,322,100065,100,99963,100,100066,100,99950,100,100070,100,99927,100,100078,100,99908,100,100081,100,99897,100,100116,100,99893,200,100118,100,99880,100,100157,100,99857,100
2019-06-28 09:46:10.000000000,100056,544,100025,744,100064,100,100018,100,100065,100,99963,100,100066,100,99950,100,100070,100,99927,100,100078,100,99908,100,100081,100,99897,100,100116,100,99893,200,100118,100,99880,100,100157,100,99857,100
2019-06-28 09:46:15.077769219,100056,544,100025,844,100064,100,100018,100,100065,100,99963,100,100066,100,99950,100,100070,100,99927,100,100078,100,99908,100,100081,100,99897,100,100116,100,99893,200,100118,100,99880,100,100157,100,99857,100
2019-06-28 09:46:16.925655555,100056,544,100025,844,100064,100,100018,100,100065,100,99963,100,100066,100,99950,100,100070,100,99927,100,100078,100,99908,100,100081,100,99897,100,100116,100,99893,200,100118,100,99880,100,100157,100,99857,100
2019-06-28 09:46:20.000000000,100056,544,100025,844,100064,100,100018,100,100065,100,99963,100,100066,100,99950,100,100070,100,99927,100,100078,100,99908,100,100081,100,99897,100,100116,100,99893,200,100118,100,99880,100,100157,100,99857,100
2019-06-28 09:46:30.000000000,100056,251,100025,551,100064,247,100018,247,100065,247,99963,247,100066,100,99950,100,100070,100,99927,100,100078,100,99908,100,100081,100,99897,100,100116,100,99893,200,100118,100,99880,100,100157,100,99857,100
2019-06-28 09:46:40.000000000,100056,211,100025,511,100064,211,100018,211,100065,211,99963,211,100066,211,99950,211,100070,100,99927,100,100078,100,99908,100,100081,100,99897,100,100116,100,99893,200,100118,100,99880,100,100157,100,99857,100
2019-06-28 09:46:44.987676151,100056,211,100025,511,100064,211,100018,211,100065,211,99963,211,100066,211,99950,211,100070,100,99908,100,100078,100,99897,100,100081,100,99893,200,100116,100,99880,100,100118,100,99857,100,100157,100,99784,100
2019-06-28 09:46:50.000000000,100056,189,100025,489,100064,189,100018,189,100065,189,99963,189,100066,189,99950,189,100070,189,99908,189,100078,100,99897,100,100081,100,99893,200,100116,100,99880,100,100118,100,99857,100,100157,100,99784,100
2019-06-28 09:47:00.000000000,100056,251,100025,551,100064,247,100018,247,100065,247,99963,247,100066,100,99950,100,100070,100,99908,100,100078,100,99897,100,100081,100,99893,200,100116,100,99880,100,100118,100,99857,100,100157,100,99784,100
2019-06-28 09:47:02.770639478,100056,151,100025,551,100064,247,100018,247,100065,247,99963,247,100066,100,99950,100,100070,100,99908,100,100078,100,99897,100,100081,100,99893,200,100116,100,99880,100,100118,100,99857,100,100157,100,99784,100
2019-06-28 09:47:10.000000000,100064,322,100025,622,100065,322,100018,322,100066,100,99963,100,100070,100,99950,100,100078,100,99908,100,100081,100,99897,100,100116,100,99893,200,100118,100,99880,100,100157,100,99857,100,100194,100,99784,100
2019-06-28 09:47:13.739317880,100064,322,100025,622,100065,322,100018,322,100066,100,99963,100,100070,100,99950,100,100078,100,99908,100,100081,100,99897,100,100116,100,99893,200,100118,100,99880,100,100157,100,99857,100,100194,100,99784,100
2019-06-28 09:47:20.000000000,100064,251,100025,551,100065,247,100018,247,100066,247,99963,247,100070,100,99950,100,100078,100,99908,100,100081,100,99897,100,100116,100,99893,200,100118,100,99880,100,100157,100,99857,100,100194,100,99784,100
2019-06-28 09:47:27.886914702,100064,151,100025,551,100065,247,100018,247,100066,247,99963,247,100070,100,99950,100,100078,100,99908,100,100081,100,99897,100,100116,100,99893,200,100118,100,99880,100,100157,100,99857,100,100194,100,99784,100
2019-06-28 09:47:30.000000000,100065,322,100025,622,100066,322,100018,322,100070,100,99963,100,100078,100,99950,100,100081,100,99908,100,100116,100,99897,100,100118,100,99893,200,100157,100,99880,100,100194,100,99857,100,100206,100,99784,100
2019-06-28 09:47:40.000000000,100065,544,100025,844,100066,100,100018,100,100070,100,99963,100,100078,100,99950,100,100081,100,99908,100,100116,100,99897,100,100118,100,99893,200,100157,100,99880,100,100194,100,99857,100,100206,100,99784,100
2019-06-28 09:47:50.000000000,100065,211,100025,511,100066,211,100018,211,100070,211,99963,211,100078,211,99950,211,100081,100,99908,100,100116,100,99897,100,100118,100,99893,200,100157,100,99880,100,100194,100,99857,100,100206,100,99784,100
2019-06-28 09:48:00.000000000,100065,322,100025,622,100066,322,100018,322,100070,100,99963,100,100078,100,99950,100,100081,100,99908,100,100116,100,99897,100,100118,100,99893,200,100157,100,99880,100,100194,100,99857,100,100206,100,99784,100
2019-06-28 09:48:02.780481572,100065,322,100025,622,100066,322,100018,322,100070,100,99950,100,100078,100,99908,100,100081,100,99897,100,100116,100,99893,200,100118,100,99880,100,100157,100,99857,100,100194,100,99784,100,100206,100,99746,100
2019-06-28 09:48:05.240983799,100065,222,100025,622,100066,322,100018,322,100070,100,99950,100,100078,100,99908,100,100081,100,99897,100,100116,100,99893,200,100118,100,99880,100,100157,100,99857,100,100194,100,99784,100,100206,100,99746,100
2019-06-28 09:48:10.000000000,100066,322,100025,622,100070,322,100018,322,100078,100,99950,100,100081,100,99908,100,100116,100,99897,100,100118,100,99893,200,100157,100,99880,100,100194,100,99857,100,100206,100,99784,100,100215,100,99746,100
2019-06-28 09:48:20.000000000,100066,211,100025,511,100070,211,100018,211,100078,211,99950,211,100081,211,99908,211,100116,100,99897,100,100118,100,99893,200,100157,100,99880,100,100194,100,99857,100,100206,100,99784,100,100215,100,99746,100
2019-06-28 09:48:29.294503858,100066,111,100025,511,100070,211,100018,211,100078,211,99950,211,100081,211,99908,211,100116,100,99897,100,100118,100,99893,200,100157,100,99880,100,100194,100,99857,100,100206,100,99784,100,100215,100,99746,100
2019-06-28 09:48:30.000000000,100070,211,100025,511,100078,211,100018,211,100081,211,99950,211,100116,211,99908,211,100118,100,99897,100,100157,100,99893,200,100194,100,99880,100,100206,100,99857,100,100215,100,99784,100,100216,100,99746,100
2019-06-28 09:48:40.000000000,100070,322,100025,622,100078,322,100018,322,100081,100,99950,100,100116,100,99908,100,100118,100,99897,100,100157,100,99893,200,100194,100,99880,100,100206,100,99857,100,100215,100,99784,100,100216,100,99746,100
2019-06-28 09:48:50.000000000,100070,211,100025,511,100078,211,100018,211,100081,211,99950,211,100116,211,99908,211,100118,100,99897,100,100157,100,99893,200,100194,100,99880,100,100206,100,99857,100,100215,100,99784,100,100216,100,99746,100
2019-06-28 09:49:00.000000000,100070,251,100025,551,100078,247,100018,247,100081,247,99950,247,100116,100,99908,100,100118,100,99897,100,100157,100,99893,200,100194,100,99880,100,100206,100,99857,100,100215,100,99784,100,100216,100,99746,100
2019-06-28 09:49:10.000000000,100070,251,100025,551,100078,247,100018,247,100081,247,99950,247,100116,100,99908,100,100118,100,99897,100,100157,100,99893,200,100194,100,99880,100,100206,100,99857,100,100215,100,99784,100,100216,100,99746,100
2019-06-28 09:49:19.383748747,100070,251,100025,551,100078,247,100018,247,100081,247,99950,247,100116,100,99908,100,100118,100,99897,100,100157,100,99893,200,100194,100,99880,100,100206,100,99857,100,100215,100,99746,100,100216,100,99681,100
2019-06-28 09:49:20.000000000,100070,251,100025,551,100078,247,100018,247,100081,247,99950,247,100116,100,99908,100,100118,100,99897,100,100157,100,99893,200,100194,100,99880,100,100206,100,99857,100,100215,100,99746,100,100216,100,99681,100
2019-06-28 09:49:24.133365120,100070,251,100025,551,100078,247,100018,247,100081,247,99950,247,100116,100,99897,100,100118,100,99893,200,100157,100,99880,100,100194,100,99857,100,100206,100,99746,100,100215,100,99681,100,100216,100,99649,100
2019-06-28 09:49:30.000000000,100070,251,100025,551,100078,247,100018,247,100081,247,99950,247,100116,100,99897,100,100118,100,99893,200,100157,100,99880,100,100194,100,99857,100,100206,100,99746,100,100215,100,99681,100,100216,100,99649,100
2019-06-28 09:49:34.392057776,100070,251,100025,551,100078,247,100018,247,100081,247,99950,247,100116,100,99897,100,100118,100,99893,200,100157,100,99880,100,100194,100,99857,100,100206,100,99746,100,100215,100,99681,100,100216,100,99649,100
2019-06-28 09:49:36.358020598,100070,151,100025,551,100078,247,100018,247,100081,247,99950,247,100116,100,99897,100,100118,100,99893,200,100194,100,99880,100,100206,100,99857,100,100215,100,99746,100,100216,100,99681,100,100242,100,99649,100
2019-06-28 09:49:40.000000000,100078,211,100025,511,100081,211,100018,211,100116,211,99950,211,100118,211,99897,211,100194,100,99893,200,100206,100,99880,100,100215,100,99857,100,100216,100,99746,100,100242,100,99681,100,100355,100,99649,100
2019-06-28 09:49:50.000000000,100078,251,100025,551,100081,247,100018,247,100116,247,99950,247,100118,100,99897,100,100194,100,99893,200,100206,100,99880,100,100215,100,99857,100,100216,100,99746,100,100242,100,99681,100,100355,100,99649,100
2019-06-28 09:50:00.000000000,100078,189,100025,489,100081,189,100018,189,100116,189,99950,189,100118,189,99897,189,100194,189,99893,289,100206,100,99880,100,100215,100,99857,100,100216,100,99746,100,100242,100,99681,100,100355,100,99649,100
2019-06-28 09:50:10.000000000,100078,544,100025,844,100081,100,100018,100,100116,100,99950,100,100118,100,99897,100,100194,100,99893,200,100206,100,99880,100,100215,100,99857,100,100216,100,99746,100,100242,100,99681,100,100355,100,99649,100
2019-06-28 09:50:19.750387100,100078,544,100066,100,100081,100,100025,844,100116,100,100018,100,100118,100,99950,100,100194,100,99897,100,100206,100,99893,200,100215,100,99880,100,100216,100,99857,100,100242,100,99746,100,100355,100,99681,100
2019-06-28 09:50:20.000000000,100078,322,100066,322,100081,322,100025,622,100116,100,100018,100,100118,100,99950,100,100194,100,99897,100,100206,100,99893,200,100215,100,99880,100,100216,100,99857,100,100242,100,99746,100,100355,100,99681,100
2019-06-28 09:50:30.000000000,100078,211,100066,211,100081,211,100025,511,100116,211,100018,211,100118,211,99950,211,100194,100,99897,100,100206,100,99893,200,100215,100,99880,100,100216,100,99857,100,100242,100,99746,100,100355,100,99681,100
2019-06-28 09:50:40.000000000,100078,251,100066,251,100081,247,100025,547,100116,247,100018,247,100118,100,99950,100,100194,100,99897,100,100206,100,99893,200,100215,100,99880,100,100216,100,99857,100,100242,100,99746,100,100355,100,99681,100
2019-06-28 09:50:50.000000000,100078,211,100066,211,100081,211,100025,511,100116,211,100018,211,100118,211,99950,211,100194,100,99897,100,100206,100,99893,200,100215,100,99880,100,100216,100,99857,100,100242,100,99746,100,100355,100,99681,100
2019-06-28 09:50:50.262353691,100078,211,100066,211,100081,211,100025,511,100116,211,100018,211,100118,211,99950,211,100194,100,99897,100,100206,100,99893,200,100215,100,99880,100,100216,100,99857,100,100242,100,99681,100,100355,100,99649,100
2019-06-28 09:51:00.000000000,100078,322,100066,322,100081,322,100025,622,100116,100,100018,100,100118,100,99950,100,100194,100,99897,100,100206,100,99893,200,100215,100,99880,100,100216,100,99857,100,100242,100,99681,100,100355,100,99649,100
2019-06-28 09:51:10.000000000,100078,211,100066,211,100081,211,100025,511,100116,211,100018,211,100118,211,99950,211,100194,100,99897,100,100206,100,99893,200,100215,100,99880,100,100216,100,99857,100,100242,100,99681,100,100355,100,99649,100
2019-06-28 09:51:11.740203021,100078,211,100066,111,100081,211,100025,511,100116,211,100018,211,100118,211,99950,211,100194,100,99897,100,100206,100,99893,200,100215,100,99880,100,100216,100,99857,100,100242,100,99681,100,100355,100,99649,100
2019-06-28 09:51:20.000000000,100078,189,100025,489,100081,189,100018,189,100116,189,99950,189,100118,189,99897,189,100194,189,99893,289,100206,100,99880,100,100215,100,99857,100,100216,100,99681,100,100242,100,99649,100,100355,100,,
2019-06-28 09:51:30.000000000,100078,211,100025,511,100081,211,100018,211,100116,211,99950,211,100118,211,99897,211,100194,100,99893,200,100206,100,99880,100,100215,100,99857,100,100216,100,99681,100,100242,100,99649,100,100355,100,,
2019-06-28 09:51:30.092947253,100078,211,100066,100,100081,211,100025,511,100116,211,100018,211,100118,211,99950,211,100194,100,99897,211,100206,100,99893,200,100215,100,99880,100,100216,100,99857,100,100242,100,99681,100,100355,100,99649,100
2019-06-28 09:51:40.000000000,100078,544,100066,544,100081,100,100025,400,100116,100,100018,100,100118,100,99950,100,100194,100,99897,100,100206,100,99893,200,100215,100,99880,100,100216,100,99857,100,100242,100,99681,100,100355,100,99649,100
2019-06-28 09:51:44.148479838,100078,444,100066,544,100081,100,100025,400,100116,100,100018,100,100118,100,99950,100,100194,100,99897,100,100206,100,99893,200,100215,100,99857,100,100216,100,99681,100,100242,100,99649,100,100355,100,,
2019-06-28 09:51:50.000000000,100081,251,100066,251,100116,247,100025,547,100118,247,100018,247,100194,100,99950,100,100206,100,99897,100,100215,100,99893,200,100216,100,99857,100,100242,100,99681,100,100355,100,99649,100,100406,100,,
2019-06-28 09:51:54.713369681,100081,251,100066,251,100116,247,100025,547,100118,247,100018,247,100194,100,99950,100,100206,100,99897,100,100215,100,99893,200,100216,100,99857,100,100242,100,99681,100,100355,100,99649,100,100406,100,,
2019-06-28 09:52:00.000000000,100081,211,100066,211,100116,211,100025,511,100118,211,100018,211,100194,211,99950,211,100206,100,99897,100,100215,100,99893,200,100216,100,99857,100,100242,100,99681,100,100355,100,99649,100,100406,100,,
2019-06-28 09:52:10.000000000,100081,322,100066,322,100116,322,100025,622,100118,100,100018,100,100194,100,99950,100,100206,100,99897,100,100215,100,99893,200,100216,100,99857,100,100242,100,99681,100,100355,100,99649,100,100406,100,,
2019-06-28 09:52:20.000000000,100081,189,100066,189,100116,189,100025,489,100118,189,100018,189,100194,189,99950,189,100206,189,99897,189,100215,100,99893,200,100216,100,99857,100,100242,100,99681,100,100355,100,99649,100,100406,100,,
2019-06-28 09:52:30.000000000,100081,251,100066,251,100116,247,100025,547,100118,247,100018,247,100194,100,99950,100,100206,100,99897,100,100215,100,99893,200,100216,100,99857,100,100242,100,99681,100,100355,100,99649,100,100406,100,,
2019-06-28 09:52:32.667664923,100081,151,100066,251,100116,247,100025,547,100118,247,100018,247,100194,100,99950,100,100206,100,99897,100,100215,100,99893,200,100216,100,99857,100,100242,100,99681,100,100355,100,99649,100,100406,100,,
2019-06-28 09:52:40.000000000,100116,544,100066,544,100118,100,100025,400,100194,100,100018,100,100206,100,99950,100,100215,100,99897,100,100216,100,99893,200,100242,100,99857,100,100355,100,99681,100,100406,100,99649,100,100467,100,,
2019-06-28 09:52:50.000000000,100116,189,100066,189,100118,189,100025,489,100194,189,100018,189,100206,189,99950,189,100215,189,99897,189,100216,100,99893,200,100242,100,99857,100,100355,100,99681,100,100406,100,99649,100,100467,100,,
2019-06-28 09:52:53.008607501,100116,89,100066,189,100118,189,100025,489,100194,189,100018,189,100206,189,99950,189,100215,189,99897,189,100216,100,99893,200,100242,100,99857,100,100355,100,99681,100,100406,100,99649,100,100467,100,,
2019-06-28 09:52:59.020745257,100118,189,100116,11,100194,189,100066,189,100206,189,100025,489,100215,189,100018,189,100216,100,99950,189,100242,100,99897,189,100355,100,99893,200,100406,100,99857,100,100467,100,99681,100,100598,100,99649,100
2019-06-28 09:53:00.000000000,100118,189,100116,100,100194,189,100066,189,100206,189,100025,489,100215,189,100018,189,100216,189,99950,189,100242,100,99897,100,100355,100,99893,200,100406,100,99857,100,100467,100,99681,100,100598,100,99649,100
2019-06-28 09:53:10.000000000,100118,211,100116,122,100194,211,100066,211,100206,211,100025,511,100215,211,100018,211,100216,100,99950,100,100242,100,99897,100,100355,100,99893,200,100406,100,99857,100,100467,100,99681,100,100598,100,99649,100
2019-06-28 09:53:20.000000000,100118,251,100116,162,100194,247,100066,247,100206,247,100025,547,100215,100,100018,100,100216,100,99950,100,100242,100,99897,100,100355,100,99893,200,100406,100,99857,100,100467,100,99681,100,100598,100,99649,100
2019-06-28 09:53:30.000000000,100118,251,100116,162,100194,247,100066,247,100206,247,100025,547,100215,100,100018,100,100216,100,99950,100,100242,100,99897,100,100355,100,99893,200,100406,100,99857,100,100467,100,99681,100,100598,100,99649,100
2019-06-28 09:53:33.754124822,100118,251,100116,162,100194,247,100066,247,100206,247,100025,547,100215,100,100018,100,100216,100,99950,100,100242,100,99897,100,100406,100,99893,200,100467,100,99857,100,100598,100,99681,100,100614,100,99649,100
2019-06-28 09:53:40.000000000,100118,251,100116,162,100194,247,100066,247,100206,247,100025,547,100215,100,100018,100,100216,100,99950,100,100242,100,99897,100,100406,100,99893,200,100467,100,99857,100,100598,100,99681,100,100614,100,99649,100
2019-06-28 09:53:50.000000000,100118,251,100116,162,100194,247,100066,247,100206,247,100025,547,100215,100,100018,100,100216,100,99950,100,100242,100,99897,100,100406,100,99893,200,100467,100,99857,100,100598,100,99681,100,100614,100,99649,100
2019-06-28 09:53:59.025259404,100118,151,100116,162,100194,247,100066,247,100206,247,100025,547,100215,100,100018,100,100216,100,99950,100,100242,100,99897,100,100406,100,99893,200,100467,100,99857,100,100598,100,99681,100,100614,100,99649,100
2019-06-28 09:54:00.000000000,100194,544,100116,455,100206,100,100066,100,100215,100,100025,400,100216,100,100018,100,100242,100,99950,100,100406,100,99897,100,100467,100,99893,200,100598,100,99857,100,100614,100,99681,100,100715,100,99649,100
2019-06-28 09:54:10.000000000,100194,211,100116,122,100206,211,100066,211,100215,211,100025,511,100216,211,100018,211,100242,100,99950,100,100406,100,99897,100,100467,100,99893,200,100598,100,99857,100,100614,100,99681,100,100715,100,99649,100
2019-06-28 09:54:20.000000000,100194,211,100116,122,100206,211,100066,211,100215,211,100025,511,100216,211,100018,211,100242,100,99950,100,100406,100,99897,100,100467,100,99893,200,100598,100,99857,100,100614,100,99681,100,100715,100,99649,100
2019-06-28 09:54:30.000000000,100194,322,100116,233,100206,322,100066,322,100215,100,100025,400,100216,100,100018,100,100242,100,99950,100,100406,100,99897,100,100467,100,99893,200,100598,100,99857,100,100614,100,99681,100,100715,100,99649,100
2019-06-28 09:54:40.000000000,100194,251,100116,162,100206,247,100066,247,100215,247,100025,547,100216,100,100018,100,100242,100,99950,100,100406,100,99897,100,100467,100,99893,200,100598,100,99857,100,100614,100,99681,100,100715,100,99649,100
2019-06-28 09:54:50.000000000,100194,189,100116,100,100206,189,100066,189,100215,189,100025,489,100216,189,100018,189,100242,189,99950,189,100406,100,99897,100,100467,100,99893,200,100598,100,99857,100,100614,100,99681,100,100715,100,99649,100
2019-06-28 09:54:57.426931724,100194,189,100116,100,100206,189,100066,189,100215,189,100025,489,100216,189,100018,189,100242,189,99950,189,100406,100,99897,100,100467,100,99893,200,100598,100,99857,100,100614,100,99681,100,100661,100,99649,100
2019-06-28 09:55:00.000000000,100194,211,100116,122,100206,211,100066,211,100215,211,100025,511,100216,211,100018,211,100242,100,99950,100,100406,100,99897,100,100467,100,99893,200,100598,100,99857,100,100614,100,99681,100,100661,100,99649,100
2019-06-28 09:55:10.000000000,100194,322,100116,233,100206,322,100066,322,100215,100,100025,400,100216,100,100018,100,100242,100,99950,100,100406,100,99897,100,100467,100,99893,200,100598,100,99857,100,100614,100,99681,100,100661,100,99649,100
2019-06-28 09:55:10.506469884,100194,222,100116,233,100206,322,100066,322,100215,100,100025,400,100216,100,100018,100,100242,100,99950,100,100406,100,99897,100,100467,100,99893,200,100598,100,99857,100,100614,100,99681,100,100715,100,99649,100
2019-06-28 09:55:11.838119185,100194,222,100116,233,100206,322,100066,322,100215,100,100025,400,100216,100,100018,100,100242,100,99950,100,100406,100,99897,100,100467,100,99893,200,100598,100,99857,100,100614,100,99681,100,100715,100,99649,100
2019-06-28 09:55:20.000000000,100206,544,100116,455,100215,100,100066,100,100216,100,100025,400,100242,100,100018,100,100406,100,99950,100,100467,100,99897,100,100598,100,99893,200,100614,100,99857,100,100715,100,99681,100,100727,100,99649,100
2019-06-28 09:55:30.000000000,100206,544,100116,455,100215,100,100066,100,100216,100,100025,400,100242,100,100018,100,100406,100,99950,100,100467,100,99897,100,100598,100,99893,200,100614,100,99857,100,100715,100,99681,100,100727,100,99649,100
2019-06-28 09:55:31.132686668,100206,444,100116,455,100215,100,100066,100,100216,100,100025,400,100242,100,100018,100,100406,100,99950,100,100467,100,99897,100,100598,100,99893,200,100614,100,99857,100,100715,100,99681,100,100727,100,99649,100
2019-06-28 09:55:38.623393460,100206,444,100194,100,100215,100,100116,455,100216,100,100066,100,100242,100,100025,400,100406,100,100018,100,100467,100,99950,100,100598,100,99897,100,100614,100,99893,200,100715,100,99857,100,100727,100,99681,100
2019-06-28 09:55:40.000000000,100215,189,100194,189,100216,189,100116,100,100242,189,100066,189,100406,189,100025,489,100467,189,100018,189,100598,100,99950,100,100614,100,99897,100,100715,100,99893,200,100727,100,99857,100,100778,100,99681,100
2019-06-28 09:55:42.433602709,100215,89,100194,189,100216,189,100116,100,100242,189,100066,189,100406,189,100025,489,100467,189,100018,189,100598,100,99950,100,100614,100,99897,100,100715,100,99893,200,100727,100,99857,100,100778,100,99681,100
2019-06-28 09:55:48.567849072,100215,89,100206,100,100216,189,100194,189,100242,189,100116,100,100406,189,100066,189,100467,189,100025,489,100598,100,100018,189,100614,100,99950,100,100715,100,99897,100,100727,100,99893,200,100778,100,99857,100
2019-06-28 09:55:50.000000000,100216,322,100206,322,100242,322,100194,322,100406,100,100116,11,100467,100,100066,100,100598,100,100025,400,100614,100,100018,100,100715,100,99950,100,100727,100,99897,100,100778,100,99893,200,101088,100,99857,100
2019-06-28 09:55:59.434792804,100216,322,100206,322,100242,322,100194,322,100321,100,100116,11,100406,100,100066,100,100467,100,100025,400,100598,100,100018,100,100614,100,99950,100,100715,100,99897,100,100727,100,99893,200,100778,100,99857,100
2019-06-28 09:56:00.000000000,100216,544,100206,544,100242,100,100194,100,100321,100,100116,11,100406,100,100066,100,100467,100,100025,400,100598,100,100018,100,100614,100,99950,100,100715,100,99897,100,100727,100,99893,200,100778,100,99857,100
2019-06-28 09:56:02.865475620,100216,544,100206,544,100242,100,100194,100,100321,100,100116,11,100358,100,100066,100,100406,100,100025,400,100467,100,100018,100,100598,100,99950,100,100614,100,99897,100,100715,100,99893,200,100727,100,99857,100
2019-06-28 09:56:03.781418003,100216,544,100206,544,100242,100,100194,100,100321,100,100116,11,100358,100,100066,100,100406,100,100025,400,100425,100,100018,100,100467,100,99950,100,100598,100,99897,100,100614,100,99893,200,100715,100,99857,100
2019-06-28 09:56:05.034263946,100216,544,100206,544,100242,100,100194,100,100321,100,100116,11,100358,100,100066,100,100406,100,100038,100,100425,100,100025,400,100467,100,100018,100,100598,100,99950,100,100614,100,99897,100,100727,100,99893,200
2019-06-28 09:56:10.000000000,100216,544,100206,544,100242,100,100194,100,100321,100,100116,11,100358,100,100066,100,100406,100,100038,100,100425,100,100025,400,100467,100,100018,100,100598,100,99950,100,100614,100,99897,100,100727,100,99893,200
2019-06-28 09:56:20.000000000,100216,322,100206,322,100242,322,100194,322,100321,100,100116,11,100358,100,100066,100,100406,100,100038,100,100425,100,100025,400,100467,100,100018,100,100598,100,99950,100,100614,100,99897,100,100727,100,99893,200
2019-06-28 09:56:30.000000000,100216,189,100206,189,100242,189,100194,189,100321,189,100116,100,100358,189,100066,189,100406,189,100038,189,100425,100,100025,400,100467,100,100018,100,100598,100,99950,100,100614,100,99897,100,100727,100,99893,200
2019-06-28 09:56:40.000000000,100216,251,100206,251,100242,247,100194,247,100321,247,100116,158,100358,100,100066,100,100406,100,100038,100,100425,100,100025,400,100467,100,100018,100,100598,100,99950,100,100614,100,99897,100,100727,100,99893,200
2019-06-28 09:56:50.000000000,100216,544,100206,544,100242,100,100194,100,100321,100,100116,11,100358,100,100066,100,100406,100,100038,100,100425,100,100025,400,100467,100,100018,100,100598,100,99950,100,100614,100,99897,100,100727,100,99893,200
2019-06-28 09:56:58.232627380,100216,544,100206,544,100242,100,100194,100,100321,100,100066,100,100358,100,100038,100,100406,100,100025,400,100425,100,100018,100,100467,100,99950,100,100598,100,99897,100,100614,100,99895,100,100727,100,99893,200
2019-06-28 09:57:00.000000000,100216,189,100206,189,100242,189,100194,189,100321,189,100066,189,100358,189,100038,189,100406,189,100025,489,100425,100,100018,100,100467,100,99950,100,100598,100,99897,100,100614,100,99895,100,100727,100,99893,200
2019-06-28 09:57:03.797271024,100216,189,100206,189,100242,189,100194,189,100321,189,100066,189,100358,189,100038,189,100406,189,100025,489,100425,100,100018,100,100467,100,99950,100,100598,100,99897,100,100614,100,99895,100,100727,100,99893,200
2019-06-28 09:57:10.000000000,100216,251,100206,251,100242,247,100194,247,100321,247,100066,247,100358,100,100038,100,100406,100,100025,400,100425,100,100018,100,100467,100,99950,100,100598,100,99897,100,100614,100,99895,100,100727,100,99893,200
2019-06-28 09:57:12.914415563,100216,251,100206,151,100242,247,100194,247,100321,247,100066,247,100358,100,100038,100,100406,100,100025,400,100425,100,100018,100,100467,100,99950,100,100598,100,99897,100,100614,100,99895,100,100727,100,99893,200
2019-06-28 09:57:20.000000000,100216,189,100194,189,100242,189,100066,189,100321,189,100038,189,100358,189,100025,489,100406,189,100018,189,100425,100,99950,100,100467,100,99897,100,100598,100,99895,100,100614,100,99893,200,100727,100,99868,100
2019-06-28 09:57:30.000000000,100216,251,100194,251,100242,247,100066,247,100321,247,100038,247,100358,100,100025,400,100406,100,100018,100,100425,100,99950,100,100467,100,99897,100,100598,100,99895,100,100614,100,99893,200,100727,100,99868,100
2019-06-28 09:57:30.937977130,100216,251,100194,251,100242,247,100068,100,100321,247,100066,247,100358,100,100038,247,100406,100,100025,400,100425,100,100018,100,100467,100,99950,100,100598,100,99897,100,100614,100,99895,100,100727,100,99893,200
2019-06-28 09:57:40.000000000,100216,544,100194,544,100242,100,100068,100,100321,100,100066,100,100358,100,100038,100,100406,100,100025,400,100425,100,100018,100,100467,100,99950,100,100598,100,99897,100,100614,100,99895,100,100727,100,99893,200
2019-06-28 09:57:43.704615725,100216,544,100194,544,100242,100,100068,100,100321,100,100066,100,100358,100,100038,100,100406,100,100034,100,100425,100,100025,400,100467,100,100018,100,100598,100,99950,100,100614,100,99897,100,100727,100,99895,100
2019-06-28 09:57:50.000000000,100216,544,100194,544,100242,100,100068,100,100321,100,100066,100,100358,100,100038,100,100406,100,100034,100,100425,100,100025,400,100467,100,100018,100,100598,100,99950,100,100614,100,99897,100,100727,100,99895,100
2019-06-28 09:57:57.276756355,100216,544,100194,444,100242,100,100068,100,100321,100,100066,100,100358,100,100038,100,100406,100,100034,100,100425,100,100025,400,100467,100,100018,100,100598,100,99950,100,100614,100,99897,100,100727,100,99895,100
2019-06-28 09:58:00.000000000,100216,544,100068,544,100242,100,100066,100,100321,100,100038,100,100358,100,100034,100,100406,100,100025,400,100425,100,100018,100,100467,100,99950,100,100598,100,99897,100,100614,100,99895,100,100727,100,99893,200
2019-06-28 09:58:10.000000000,100216,544,100068,544,100242,100,100066,100,100321,100,100038,100,100358,100,100034,100,100406,100,100025,400,100425,100,100018,100,100467,100,99950,100,100598,100,99897,100,100614,100,99895,100,100727,100,99893,200
2019-06-28 09:58:20.000000000,100216,251,100068,251,100242,247,100066,247,100321,247,100038,247,100358,100,100034,100,100406,100,100025,400,100425,100,100018,100,100467,100,99950,100,100598,100,99897,100,100614,100,99895,100,100727,100,99893,200
2019-06-28 09:58:30.000000000,100216,189,100068,189,100242,189,100066,189,100321,189,100038,189,100358,189,100034,189,100406,189,100025,489,100425,100,100018,100,100467,100,99950,100,100598,100,99897,100,100614,100,99895,100,100727,100,99893,200
2019-06-28 09:58:40.000000000,100216,211,100068,211,100242,211,100066,211,100321,211,100038,211,100358,211,100034,211,100406,100,100025,400,100425,100,100018,100,100467,100,99950,100,100598,100,99897,100,100614,100,99895,100,100727,100,99893,200
2019-06-28 09:58:41.985948444,100216,211,100068,111,100242,211,100066,211,100321,211,100038,211,100358,211,100034,211,100406,100,100025,400,100425,100,100018,100,100467,100,99950,100,100598,100,99897,100,100614,100,99895,100,100727,100,99893,200
2019-06-28 09:58:50.000000000,100216,544,100066,544,100242,100,100038,100,100321,100,100034,100,100358,100,100025,400,100406,100,100018,100,100425,100,99950,100,100467,100,99897,100,100598,100,99895,100,100614,100,99893,200,100727,100,99868,100
2019-06-28 09:59:00.000000000,100216,211,100066,211,100242,211,100038,211,100321,211,100034,211,100358,211,100025,511,100406,100,100018,100,100425,100,99950,100,100467,100,99897,100,100598,100,99895,100,100614,100,99893,200,100727,100,99868,100
2019-06-28 09:59:10.000000000,100216,251,100066,251,100242,247,100038,247,100321,247,100034,247,100358,100,100025,400,100406,100,100018,100,100425,100,99950,100,100467,100,99897,100,100598,100,99895,100,100614,100,99893,200,100727,100,99868,100
2019-06-28 09:59:20.000000000,100216,544,100066,544,100242,100,100038,100,100321,100,100034,100,100358,100,100025,400,100406,100,100018,100,100425,100,99950,100,100467,100,99897,100,100598,100,99895,100,100614,100,99893,200,100727,100,99868,100
2019-06-28 09:59:30.000000000,100216,211,100066,211,100242,211,100038,211,100321,211,100034,211,100358,211,100025,511,100406,100,100018,100,100425,100,99950,100,100467,100,99897,100,100598,100,99895,100,100614,100,99893,200,100727,100,99868,100
2019-06-28 09:59:40.000000000,100216,322,100066,322,100242,322,100038,322,100321,100,100034,100,100358,100,100025,400,100406,100,100018,100,100425,100,99950,100,100467,100,99897,100,100598,100,99895,100,100614,100,99893,200,100727,100,99868,100
2019-06-28 09:59:50.000000000,100216,189,100066,189,100242,189,100038,189,100321,189,100034,189,100358,189,100025,489,100406,189,100018,189,100425,100,99950,100,100467,100,99897,100,100598,100,99895,100,100614,100,99893,200,100727,100,99868,100
2019-06-28 10:00:00.000000000,100216,211,100066,211,100242,211,100038,211,100321,211,100034,211,100358,211,100025,511,100406,100,100018,100,100425,100,99950,100,100467,100,99897,100,100598,100,99895,100,100614,100,99893,200,100727,100,99868,100
2019-06-28 10:00:01.443450178,100216,211,100066,111,100242,211,100038,211,100321,211,100034,211,100358,211,100025,511,100406,100,100018,100,100425,100,99950,100,100467,100,99897,100,100598,100,99895,100,100614,100,99893,200,100727,100,99868,100
2019-06-28 10:00:10.000000000,100216,211,100038,211,100242,211,100034,211,100321,211,100025,511,100358,211,100018,211,100406,100,99950,100,100425,100,99897,100,100467,100,99895,100,100598,100,99893,200,100614,100,99868,100,100727,100,99857,100
2019-06-28 10:00:19.798643192,100216,211,100038,111,100242,211,100034,211,100321,211,100025,511,100358,211,100018,211,100406,100,99950,100,100425,100,99897,100,100467,100,99895,100,100598,100,99893,200,100614,100,99868,100,100727,100,99857,100
2019-06-28 10:00:20.000000000,100216,211,100034,211,100242,211,100025,511,100321,211,100018,211,100358,211,99950,211,100406,100,99897,100,100425,100,99895,100,100467,100,99893,200,100598,100,99868,100,100614,100,99857,100,100727,100,99681,100
2019-06-28 10:00:22.522799916,100216,211,100034,211,100242,211,100025,511,100321,211,100018,211,100358,111,99950,211,100406,100,99897,100,100425,100,99895,100,100467,100,99893,200,100598,100,99868,100,100614,100,99857,100,100727,100,99681,100
2019-06-28 10:00:30.000000000,100216,211,100034,211,100242,211,100025,511,100321,211,100018,211,100406,211,99950,211,100425,100,99897,100,100467,100,99895,100,100598,100,99893,200,100614,100,99868,100,100727,100,99857,100,100778,100,99681,100
2019-06-28 10:00:40.000000000,100216,189,100034,189,100242,189,100025,489,100321,189,100018,189,100406,189,99950,189,100425,189,99897,189,100467,100,99895,100,100598,100,99893,200,100614,100,99868,100,100727,100,99857,100,100778,100,99681,100
2019-06-28 10:00:47.379279530,100216,189,100034,189,100242,189,100025,489,100321,189,100018,189,100406,89,99950,189,100425,189,99897,189,100467,100,99895,100,100598,100,99893,200,100614,100,99868,100,100727,100,99857,100,100778,100,99681,100
2019-06-28 10:00:50.000000000,100216,211,100034,211,100242,211,100025,511,100321,211,100018,211,100425,211,99950,211,100467,100,99897,100,100598,100,99895,100,100614,100,99893,200,100727,100,99868,100,100778,100,99857,100,101088,100,99681,100
2019-06-28 10:00:54.812725418,100216,211,100034,211,100242,211,100025,511,100321,211,100018,211,100425,211,99950,211,100467,100,99895,100,100598,100,99893,200,100614,100,99868,100,100727,100,99857,100,100778,100,99681,100,101088,100,99174,100
2019-06-28 10:00:57.365971044,100216,211,100034,211,100242,211,100025,511,100321,211,100018,211,100425,211,99950,211,100467,100,99895,100,100598,100,99893,200,100614,100,99868,100,100727,100,99857,100,100778,100,99681,100,101088,100,99174,100
2019-06-28 10:01:00.000000000,100216,189,100034,189,100242,189,100025,489,100321,189,100018,189,100425,189,99950,189,100467,189,99895,189,100598,100,99893,200,100614,100,99868,100,100727,100,99857,100,100778,100,99681,100,101088,100,99174,100
2019-06-28 10:01:08.706832650,100216,189,100034,89,100242,189,100025,489,100321,189,100018,189,100425,189,99950,189,100467,189,99895,189,100598,100,99893,200,100614,100,99868,100,100727,100,99857,100,100778,100,99681,100,101088,100,99174,100
2019-06-28 10:01:10.000000000,100216,211,100025,511,100242,211,100018,211,100321,211,99950,211,100425,211,99895,211,100467,100,99893,200,100598,100,99868,100,100614,100,99857,100,100727,100,99681,100,100778,100,99174,100,101088,100,99074,100
2019-06-28 10:01:12.137582175,100038,100,100025,511,100216,211,100018,211,100242,211,99950,211,100321,211,99895,211,100425,211,99893,200,100467,100,99868,100,100598,100,99857,100,100614,100,99681,100,100727,100,99174,100,100778,100,99074,100
2019-06-28 10:01:20.000000000,100038,251,100025,551,100216,247,100018,247,100242,247,99950,247,100321,100,99895,100,100425,100,99893,200,100467,100,99868,100,100598,100,99857,100,100614,100,99681,100,100727,100,99174,100,100778,100,99074,100
2019-06-28 10:01:30.000000000,100038,544,100025,844,100216,100,100018,100,100242,100,99950,100,100321,100,99895,100,100425,100,99893,200,100467,100,99868,100,100598,100,99857,100,100614,100,99681,100,100727,100,99174,100,100778,100,99074,100
2019-06-28 10:01:40.000000000,100038,544,100025,844,100216,100,100018,100,100242,100,99950,100,100321,100,99895,100,100425,100,99893,200,100467,100,99868,100,100598,100,99857,100,100614,100,99681,100,100727,100,99174,100,100778,100,99074,100
2019-06-28 10:01:43.072340923,100038,544,100025,844,100216,100,99950,100,100242,100,99895,100,100321,100,99893,200,100425,100,99868,100,100467,100,99857,100,100598,100,99681,100,100614,100,99174,100,100727,100,99074,100,100778,100,99051,100
2019-06-28 10:01:50.000000000,100038,544,100025,844,100216,100,99950,100,100242,100,99895,100,100321,100,99893,200,100425,100,99868,100,100467,100,99857,100,100598,100,99681,100,100614,100,99174,100,100727,100,99074,100,100778,100,99051,100
2019-06-28 10:01:51.005255487,100038,544,100025,744,100216,100,99950,100,100242,100,99895,100,100321,100,99893,200,100425,100,99868,100,100467,100,99857,100,100598,100,99681,100,100614,100,99174,100,100727,100,99074,100,100778,100,99051,100
2019-06-28 10:01:58.615683607,100034,100,100025,744,100038,544,99950,100,100216,100,99895,100,100242,100,99893,200,100321,100,99868,100,100425,100,99857,100,100467,100,99681,100,100598,100,99174,100,100614,100,99074,100,100727,100,99051,100
2019-06-28 10:02:00.000000000,100034,322,100025,522,100038,322,99950,322,100216,100,99895,100,100242,100,99893,200,100321,100,99868,100,100425,100,99857,100,100467,100,99681,100,100598,100,99174,100,100614,100,99074,100,100727,100,99051,100
2019-06-28 10:02:10.000000000,100034,251,100025,451,100038,247,99950,247,100216,247,99895,247,100242,100,99893,200,100321,100,99868,100,100425,100,99857,100,100467,100,99681,100,100598,100,99174,100,100614,100,99074,100,100727,100,99051,100
2019-06-28 10:02:20.000000000,100034,322,100025,522,100038,322,99950,322,100216,100,99895,100,100242,100,99893,200,100321,100,99868,100,100425,100,99857,100,100467,100,99681,100,100598,100,99174,100,100614,100,99074,100,100727,100,99051,100
2019-06-28 10:02:21.042165058,100034,322,100025,422,100038,322,99950,322,100216,100,99895,100,100242,100,99893,200,100321,100,99868,100,100425,100,99857,100,100467,100,99681,100,100598,100,99174,100,100614,100,99074,100,100727,100,99051,100
2019-06-28 10:02:30.000000000,100034,211,100025,311,100038,211,99950,211,100216,211,99895,211,100242,211,99893,311,100321,100,99868,100,100425,100,99857,100,100467,100,99681,100,100598,100,99174,100,100614,100,99074,100,100727,100,99051,100
2019-06-28 10:02:37.438056752,100034,211,100025,211,100038,211,99950,211,100216,211,99895,211,100242,211,99893,311,100321,100,99868,100,100425,100,99857,100,100467,100,99681,100,100598,100,99174,100,100614,100,99074,100,100727,100,99017,100
2019-06-28 10:02:40.000000000,100034,322,100025,322,100038,322,99950,322,100216,100,99895,100,100242,100,99893,200,100321,100,99868,100,100425,100,99857,100,100467,100,99681,100,100598,100,99174,100,100614,100,99074,100,100727,100,99017,100
2019-06-28 10:02:40.221554867,100034,322,100025,222,100038,322,99950,322,100216,100,99895,100,100242,100,99893,200,100321,100,99868,100,100425,100,99857,100,100467,100,99681,100,100598,100,99174,100,100614,100,99074,100,100727,100,99017,100
2019-06-28 10:02:50.000000000,100034,322,99950,322,100038,322,99895,322,100216,100,99893,200,100242,100,99868,100,100321,100,99857,100,100425,100,99681,100,100467,100,99174,100,100598,100,99074,100,100614,100,99017,100,100727,100,,
2019-06-28 10:03:00.000000000,100034,251,99950,251,100038,247,99895,247,100216,247,99893,347,100242,100,99868,100,100321,100,99857,100,100425,100,99681,100,100467,100,99174,100,100598,100,99074,100,100614,100,99017,100,100727,100,,
2019-06-28 10:03:10.000000000,100034,189,99950,189,100038,189,99895,189,100216,189,99893,289,100242,189,99868,189,100321,189,99857,189,100425,100,99681,100,100467,100,99174,100,100598,100,99074,100,100614,100,99017,100,100727,100,,
2019-06-28 10:03:18.316661767,100025,100,99950,189,100034,189,99895,189,100038,189,99893,289,100216,189,99868,189,100242,189,99857,189,100321,189,99681,100,100425,100,99174,100,100467,100,99074,100,100598,100,99017,100,100614,100,,
2019-06-28 10:03:20.000000000,100025,322,99950,322,100034,322,99895,322,100038,100,99893,200,100216,100,99868,100,100242,100,99857,100,100321,100,99681,100,100425,100,99174,100,100467,100,99074,100,100598,100,99017,100,100614,100,,
2019-06-28 10:03:23.757166004,100025,322,99950,222,100034,322,99895,322,100038,100,99893,200,100216,100,99868,100,100242,100,99857,100,100321,100,99681,100,100425,100,99174,100,100467,100,99074,100,100598,100,99017,100,100614,100,,
2019-06-28 10:03:29.632729475,100024,100,99950,222,100025,322,99895,322,100034,322,99893,200,100038,100,99868,100,100216,100,99857,100,100242,100,99681,100,100321,100,99174,100,100425,100,99074,100,100467,100,99017,100,100598,100,,
2019-06-28 10:03:30.000000000,100024,544,99895,544,100025,100,99893,200,100034,100,99868,100,100038,100,99857,100,100216,100,99681,100,100242,100,99174,100,100321,100,99074,100,100425,100,99017,100,100467,100,,,100598,100,,
2019-06-28 10:03:40.000000000,100024,211,99895,211,100025,211,99893,311,100034,211,99868,211,100038,211,99857,211,100216,100,99681,100,100242,100,99174,100,100321,100,99074,100,100425,100,99017,100,100467,100,,,100598,100,,
2019-06-28 10:03:50.000000000,100024,251,99895,251,100025,247,99893,347,100034,247,99868,247,100038,100,99857,100,100216,100,99681,100,100242,100,99174,100,100321,100,99074,100,100425,100,99017,100,100467,100,,,100598,100,,
2019-06-28 10:03:55.738817397,100024,251,99895,251,100025,247,99893,347,100034,247,99868,247,100038,100,99857,100,100216,100,99681,100,100242,100,99211,100,100321,100,99174,100,100425,100,99074,100,100467,100,99017,100,100598,100,,
2019-06-28 10:03:57.961759253,100024,251,99895,251,100025,247,99893,347,100034,247,99868,247,100038,100,99857,100,100216,100,99681,100,100242,100,99357,100,100425,100,99211,100,100467,100,99174,100,100598,100,99074,100,100614,100,99017,100
2019-06-28 10:04:00.000000000,100024,544,99895,544,100025,100,99893,200,100034,100,99868,100,100038,100,99857,100,100216,100,99681,100,100242,100,99357,100,100425,100,99211,100,100467,100,99174,100,100598,100,99074,100,100614,100,99017,100
2019-06-28 10:04:10.000000000,100024,251,99895,251,100025,247,99893,347,100034,247,99868,247,100038,100,99857,100,100216,100,99681,100,100242,100,99357,100,100425,100,99211,100,100467,100,99174,100,100598,100,99074,100,100614,100,99017,100
2019-06-28 10:04:11.000396808,100024,251,99895,251,100025,247,99893,347,100034,247,99868,247,100038,100,99857,100,100216,100,99681,100,100242,100,99372,100,100425,100,99357,100,100467,100,99211,100,100598,100,99174,100,100614,100,99074,100
2019-06-28 10:04:20.000000000,100024,189,99895,189,100025,189,99893,289,100034,189,99868,189,100038,189,99857,189,100216,189,99681,189,100242,100,99372,100,100425,100,99357,100,100467,100,99211,100,100598,100,99174,100,100614,100,99074,100
2019-06-28 10:04:24.982652996,100024,189,99895,89,100025,189,99893,289,100034,189,99868,189,100038,189,99857,189,100216,189,99681,189,100242,100,99372,100,100425,100,99357,100,100467,100,99174,100,100598,100,99074,100,100614,100,99017,100
2019-06-28 10:04:30.000000000,100024,189,99893,289,100025,189,99868,189,100034,189,99857,189,100038,189,99681,189,100216,189,99372,189,100242,100,99357,100,100425,100,99174,100,100467,100,99074,100,100598,100,99017,100,100614,100,,
2019-06-28 10:04:40.000000000,100024,322,99893,422,100025,322,99868,322,100034,100,99857,100,100038,100,99681,100,100216,100,99372,100,100242,100,99357,100,100425,100,99174,100,100467,100,99074,100,100598,100,99017,100,100614,100,,
2019-06-28 10:04:40.737630630,100024,322,99893,322,100025,322,99868,322,100034,100,99857,100,100038,100,99681,100,100216,100,99372,100,100242,100,99174,100,100425,100,99074,100,100467,100,99017,100,100598,100,,,100614,100,,
2019-06-28 10:04:42.330885575,100024,322,99893,322,100025,322,99868,322,100034,100,99857,100,100038,100,99681,100,100216,100,99434,100,100242,100,99372,100,100425,100,99174,100,100467,100,99074,100,100598,100,99017,100,100614,100,,
2019-06-28 10:04:50.000000000,100024,544,99893,544,100025,100,99868,100,100034,100,99857,100,100038,100,99681,100,100216,100,99434,100,100242,100,99372,100,100425,100,99174,100,100467,100,99074,100,100598,100,99017,100,100614,100,,
2019-06-28 10:04:52.810068458,100024,544,99893,544,100025,100,99868,100,100034,100,99857,100,100038,100,99434,100,100216,100,99372,100,100242,100,99261,100,100425,100,99174,100,100467,100,99074,100,100598,100,99017,100,100614,100,,
2019-06-28 10:05:00.000000000,100024,211,99893,211,100025,211,99868,211,100034,211,99857,211,100038,211,99434,211,100216,100,99372,100,100242,100,99261,100,100425,100,99174,100,100467,100,99074,100,100598,100,99017,100,100614,100,,
2019-06-28 10:05:03.596549355,100024,211,99893,111,100025,211,99868,211,100034,211,99857,211,100038,211,99434,211,100216,100,99372,100,100242,100,99261,100,100425,100,99174,100,100467,100,99074,100,100598,100,99017,100,100614,100,,
2019-06-28 10:05:10.000000000,100024,251,99868,251,100025,247,99857,247,100034,247,99434,247,100038,100,99372,100,100216,100,99261,100,100242,100,99174,100,100425,100,99074,100,100467,100,99017,100,100598,100,,,100614,100,,
2019-06-28 10:05:10.955538536,100024,251,99868,151,100025,247,99857,247,100034,247,99434,247,100038,100,99372,100,100216,100,99261,100,100242,100,99174,100,100425,100,99074,100,100467,100,99017,100,100598,100,,,100614,100,,
2019-06-28 10:05:20.000000000,100024,544,99857,544,100025,100,99434,100,100034,100,99372,100,100038,100,99261,100,100216,100,99174,100,100242,100,99074,100,100425,100,99017,100,100467,100,,,100598,100,,,100614,100,,
2019-06-28 10:05:30.000000000,100024,544,99857,544,100025,100,99434,100,100034,100,99372,100,100038,100,99261,100,100216,100,99174,100,100242,100,99074,100,100425,100,99017,100,100467,100,,,100598,100,,,100614,100,,
2019-06-28 10:05:30.711663349,99893,100,99857,544,100024,544,99434,100,100025,100,99372,100,100034,100,99261,100,100038,100,99174,100,100216,100,99074,100,100242,100,99017,100,100425,100,,,100467,100,,,100598,100,,
2019-06-28 10:05:40.000000000,99893,211,99857,211,100024,211,99434,211,100025,211,99372,211,100034,211,99261,211,100038,100,99174,100,100216,100,99074,100,100242,100,99017,100,100425,100,,,100467,100,,,100598,100,,
2019-06-28 10:05:42.937592195,99893,211,99857,111,100024,211,99434,211,100025,211,99372,211,100034,211,99261,211,100038,100,99174,100,100216,100,99074,100,100242,100,99017,100,100425,100,,,100467,100,,,100598,100,,
2019-06-28 10:05:49.513773715,99893,211,99857,111,100024,211,99434,211,100025,211,99372,211,100034,211,99341,100,100038,100,99261,211,100216,100,99174,100,100242,100,99074,100,100425,100,99017,100,100467,100,,,100598,100,,
2019-06-28 10:05:49.873100059,99893,211,99857,11,100024,211,99434,211,100025,211,99372,211,100034,211,99341,100,100038,100,99261,211,100216,100,99174,100,100242,100,99074,100,100425,100,99017,100,100467,100,,,100614,100,,
2019-06-28 10:05:50.000000000,99893,544,99434,544,100024,100,99372,100,100025,100,99341,100,100034,100,99261,100,100038,100,99174,100,100216,100,99074,100,100242,100,99017,100,100425,100,,,100467,100,,,100614,100,,
2019-06-28 10:06:00.000000000,99893,322,99434,322,100024,322,99372,322,100025,100,99341,100,100034,100,99261,100,100038,100,99174,100,100216,100,99074,100,100242,100,99017,100,100425,100,,,100467,100,,,100614,100,,
2019-06-28 10:06:08.016255574,99451,100,99434,322,99893,322,99372,322,100024,322,99341,100,100025,100,99261,100,100034,100,99174,100,100038,100,99074,100,100216,100,99017,100,100242,100,,,100467,100,,,100614,100,,
2019-06-28 10:06:09.510195207,99893,322,99434,322,100024,322,99372,322,100025,100,99341,100,100034,100,99261,100,100038,100,99174,100,100216,100,99074,100,100242,100,99017,100,100467,100,,,100614,100,,,100727,100,,
2019-06-28 10:06:10.000000000,99893,211,99434,211,100024,211,99372,211,100025,211,99341,211,100034,211,99261,211,100038,100,99174,100,100216,100,99074,100,100242,100,99017,100,100467,100,,,100614,100,,,100727,100,,
2019-06-28 10:06:20.000000000,99893,189,99434,189,100024,189,99372,189,100025,189,99341,189,100034,189,99261,189,100038,189,99174,189,100216,100,99074,100,100242,100,99017,100,100467,100,,,100614,100,,,100727,100,,
2019-06-28 10:06:25.680813694,99518,100,99434,189,99893,189,99372,189,100024,189,99341,189,100025,189,99261,189,100034,189,99174,189,100038,189,99074,100,100216,100,99017,100,100242,100,,,100467,100,,,100614,100,,
2019-06-28 10:06:30.000000000,99518,211,99434,211,99893,211,99372,211,100024,211,99341,211,100025,211,99261,211,100034,100,99174,100,100038,100,99074,100,100216,100,99017,100,100242,100,,,100467,100,,,100614,100,,
2019-06-28 10:06:39.551568232,99518,211,99451,100,99893,211,99434,211,100024,211,99372,211,100025,211,99341,211,100034,100,99261,211,100038,100,99174,100,100216,100,99074,100,100242,100,99017,100,100467,100,,,100614,100,,
2019-06-28 10:06:40.000000000,99518,211,99451,211,99893,211,99434,211,100024,211,99372,211,100025,211,99341,211,100034,100,99261,100,100038,100,99174,100,100216,100,99074,100,100242,100,99017,100,100467,100,,,100614,100,,
2019-06-28 10:06:50.000000000,99518,251,99451,251,99893,247,99434,247,100024,247,99372,247,100025,100,99341,100,100034,100,99261,100,100038,100,99174,100,100216,100,99074,100,100242,100,99017,100,100467,100,,,100614,100,,
2019-06-28 10:07:00.000000000,99518,189,99451,189,99893,189,99434,189,100024,189,99372,189,100025,189,99341,189,100034,189,99261,189,100038,100,99174,100,100216,100,99074,100,100242,100,99017,100,100467,100,,,100614,100,,
2019-06-28 10:07:09.361341597,99518,189,99451,189,99845,100,99434,189,99893,189,99372,189,100024,189,99341,189,100025,189,99261,189,100034,189,99174,100,100038,100,99074,100,100216,100,99017,100,100242,100,,,100467,100,,
2019-06-28 10:07:10.000000000,99518,211,99451,211,99845,211,99434,211,99893,211,99372,211,100024,211,99341,211,100025,100,99261,100,100034,100,99174,100,100038,100,99074,100,100216,100,99017,100,100242,100,,,100467,100,,
2019-06-28 10:07:15.087580410,99518,211,99451,311,99845,211,99434,211,99893,211,99372,211,100024,211,99341,211,100034,100,99261,100,100038,100,99174,100,100216,100,99074,100,100242,100,99017,100,100467,100,,,100614,100,,
2019-06-28 10:07:20.000000000,99518,211,99451,311,99845,211,99434,211,99893,211,99372,211,100024,211,99341,211,100034,100,99261,100,100038,100,99174,100,100216,100,99074,100,100242,100,99017,100,100467,100,,,100614,100,,
2019-06-28 10:07:30.000000000,99518,251,99451,351,99845,247,99434,247,99893,247,99372,247,100024,100,99341,100,100034,100,99261,100,100038,100,99174,100,100216,100,99074,100,100242,100,99017,100,100467,100,,,100614,100,,
2019-06-28 10:07:33.300641071,99518,251,99451,451,99845,247,99434,247,99893,247,99372,247,100024,100,99341,100,100034,100,99261,100,100038,100,99174,100,100216,100,99074,100,100242,100,99017,100,100467,100,,,100614,100,,
2019-06-28 10:07:40.000000000,99518,544,99451,744,99845,100,99434,100,99893,100,99372,100,100024,100,99341,100,100034,100,99261,100,100038,100,99174,100,100216,100,99074,100,100242,100,99017,100,100467,100,,,100614,100,,
2019-06-28 10:07:50.000000000,99518,322,99451,522,99845,322,99434,322,99893,100,99372,100,100024,100,99341,100,100034,100,99261,100,100038,100,99174,100,100216,100,99074,100,100242,100,99017,100,100467,100,,,100614,100,,
2019-06-28 10:07:53.558984542,99518,322,99451,522,99845,322,99434,322,99857,100,99372,100,99893,100,99341,100,100024,100,99261,100,100034,100,99174,100,100038,100,99074,100,100216,100,99017,100,100242,100,,,100467,100,,
2019-06-28 10:08:00.000000000,99518,322,99451,522,99845,322,99434,322,99857,100,99372,100,99893,100,99341,100,100024,100,99261,100,100034,100,99174,100,100038,100,99074,100,100216,100,99017,100,100242,100,,,100467,100,,
2019-06-28 10:08:10.000000000,99518,211,99451,411,99845,211,99434,211,99857,211,99372,211,99893,211,99341,211,100024,100,99261,100,100034,100,99174,100,100038,100,99074,100,100216,100,99017,100,100242,100,,,100467,100,,
2019-06-28 10:08:10.558472981,99518,211,99451,411,99823,100,99434,111,99845,211,99372,211,99857,211,99341,211,99893,211,99261,100,100024,100,99174,100,100034,100,99074,100,100038,100,99017,100,100216,100,,,100242,100,,
2019-06-28 10:08:20.000000000,99518,544,99451,744,99823,100,99372,100,99845,100,99341,100,99857,100,99261,100,99893,100,99174,100,100024,100,99074,100,100034,100,99017,100,100038,100,,,100216,100,,,100242,100,,
2019-06-28 10:08:24.587240659,99518,544,99451,744,99823,100,99372,100,99845,100,99341,100,99857,100,99261,100,99893,100,99174,100,100024,100,99074,100,100034,100,99017,100,100038,100,,,100152,100,,,100216,100,,
2019-06-28 10:08:27.936609227,99518,544,99451,744,99823,100,99372,100,99845,100,99341,100,99857,100,99261,100,99893,100,99174,100,100024,100,99074,100,100034,100,99017,100,100152,100,,,100216,100,,,100242,100,,
2019-06-28 10:08:30.000000000,99518,189,99451,389,99823,189,99372,189,99845,189,99341,189,99857,189,99261,189,99893,189,99174,189,100024,100,99074,100,100034,100,99017,100,100152,100,,,100216,100,,,100242,100,,
2019-06-28 10:08:40.000000000,99518,544,99451,744,99823,100,99372,100,99845,100,99341,100,99857,100,99261,100,99893,100,99174,100,100024,100,99074,100,100034,100,99017,100,100152,100,,,100216,100,,,100242,100,,
