,ask_price_1,ask_size_1,bid_price_1,bid_size_1,ask_price_2,ask_size_2,bid_price_2,bid_size_2,ask_price_3,ask_size_3,bid_price_3,bid_size_3,ask_price_4,ask_size_4,bid_price_4,bid_size_4,ask_price_5,ask_size_5,bid_price_5,bid_size_5,ask_price_6,ask_size_6,bid_price_6,bid_size_6,ask_price_7,ask_size_7,bid_price_7,bid_size_7,ask_price_8,ask_size_8,bid_price_8,bid_size_8,ask_price_9,ask_size_9,bid_price_9,bid_size_9,ask_price_10,ask_size_10,bid_price_10,bid_size_10
2019-06-28 09:30:00.000000006,99971,100,,,,,,,,,,,,,,,,,,,,,,,,,,,,,,,,,,,,,,
2019-06-28 09:30:00.000000008,,,100074,100,,,,,,,,,,,,,,,,,,,,,,,,,,,,,,,,,,,,
2019-06-28 09:30:00.000000009,,,,,,,,,,,,,,,,,,,,,,,,,,,,,,,,,,,,,,,,
2019-06-28 09:30:00.000000010,100074,100,,,,,,,,,,,,,,,,,,,,,,,,,,,,,,,,,,,,,,
2019-06-28 09:30:00.000000011,100035,100,99897,100,100074,100,,,,,,,,,,,,,,,,,,,,,,,,,,,,,,,,,,
2019-06-28 09:30:00.000000012,100035,100,99897,100,100074,100,,,100114,100,,,,,,,,,,,,,,,,,,,,,,,,,,,,,,
2019-06-28 09:30:00.000000013,100035,100,99897,100,100049,100,,,100074,100,,,100114,100,,,,,,,,,,,,,,,,,,,,,,,,,,
2019-06-28 09:30:00.000000014,100035,100,99897,100,100049,100,,,100074,200,,,100114,100,,,,,,,,,,,,,,,,,,,,,,,,,,
2019-06-28 09:30:00.000000015,100035,100,99957,100,100049,100,99897,100,100074,200,,,100114,100,,,,,,,,,,,,,,,,,,,,,,,,,,
2019-06-28 09:30:00.000000016,100035,100,99897,100,100049,100,,,100074,200,,,100114,100,,,,,,,,,,,,,,,,,,,,,,,,,,
2019-06-28 09:30:00.000000018,100035,100,99906,100,100049,100,99897,100,100074,200,,,100114,100,,,,,,,,,,,,,,,,,,,,,,,,,,
2019-06-28 09:30:00.000000019,100035,100,99906,100,100049,100,99897,100,100074,200,99884,100,100114,100,,,,,,,,,,,,,,,,,,,,,,,,,,
2019-06-28 09:30:00.000000021,100035,100,99957,100,100049,100,99906,100,100074,200,99897,100,100114,100,99884,100,,,,,,,,,,,,,,,,,,,,,,,,
2019-06-28 09:30:00.000000024,100035,100,100030,100,100049,100,99957,100,100074,200,99906,100,100114,100,99897,100,,,99884,100,,,,,,,,,,,,,,,,,,,,
2019-06-28 09:30:00.000000028,100035,100,100030,100,100049,100,99991,100,100074,200,99957,100,100114,100,99906,100,,,99897,100,,,99884,100,,,,,,,,,,,,,,,,
2019-06-28 09:30:00.000000030,100035,100,100030,100,100049,100,99991,100,100074,200,99957,100,100081,100,99919,100,100114,100,99906,100,,,99897,100,,,99884,100,,,,,,,,,,,,
2019-06-28 09:30:00.000000032,100035,100,100030,100,100049,100,99991,100,100074,200,99957,100,100081,100,99919,100,100114,100,99906,100,,,99899,100,,,99897,100,,,99884,100,,,,,,,,
2019-06-28 09:30:00.000000035,100034,100,100030,100,100035,100,99991,100,100038,100,99957,100,100049,100,99919,100,100074,200,99906,100,100081,100,99899,100,100114,100,99897,100,,,99884,100,,,,,,,,
2019-06-28 09:30:00.000000036,100034,100,100030,100,100035,100,99991,100,100038,100,99957,100,100049,100,99919,100,100074,200,99906,100,100081,100,99899,100,100114,100,99897,100,,,99884,100,,,99877,100,,,,
2019-06-28 09:30:00.000000038,100034,100,100030,100,100035,100,99991,100,100038,100,99957,100,100049,100,99919,100,100066,100,99906,100,100074,200,99899,100,100081,100,99897,100,100114,100,99884,100,,,99877,100,,,,
2019-06-28 09:30:00.000000039,100034,100,100030,100,100035,100,99991,100,100038,100,99957,200,100049,100,99919,100,100066,100,99906,100,100074,200,99899,100,100081,100,99897,100,100114,100,99884,100,,,99877,100,,,,
2019-06-28 09:30:00.000000040,100034,100,100030,100,100035,100,99991,100,100038,100,99957,200,100049,100,99919,100,100066,100,99906,100,100074,200,99899,100,100081,100,99897,100,100114,100,99884,100,,,99877,100,,,99840,100
2019-06-28 09:30:00.000000041,100034,100,100030,100,100035,100,99991,100,100038,100,99957,200,100049,100,99919,100,100066,100,99906,100,100074,200,99899,100,100081,100,99897,100,100114,100,99895,100,,,99884,100,,,99877,100
2019-06-28 09:30:00.000000044,100034,100,100030,100,100035,100,99991,100,100038,100,99957,200,100049,100,99919,100,100066,100,99906,100,100073,100,99899,100,100074,200,99897,100,100081,100,99895,100,100114,100,99884,100,,,99877,100
2019-06-28 09:30:00.000000049,100034,100,100030,100,100035,100,99991,100,100038,100,99957,300,100049,100,99919,100,100066,100,99906,100,100073,100,99899,100,100074,200,99897,100,100081,100,99895,100,100114,100,99884,100,,,99877,100
2019-06-28 09:30:00.000000050,100034,100,100030,100,100035,100,99991,100,100038,100,99957,400,100049,100,99919,100,100066,100,99906,100,100073,100,99899,100,100074,200,99897,100,100081,100,99895,100,100114,100,99884,100,,,99877,100
2019-06-28 09:30:00.000000051,100034,100,100030,100,100035,100,99991,100,100038,100,99957,400,100049,100,99919,100,100066,100,99906,100,100073,200,99899,100,100074,200,99897,100,100081,100,99895,100,100114,100,99884,100,,,99877,100
2019-06-28 09:30:00.000000052,100034,100,100030,100,100035,100,99991,100,100038,100,99957,400,100049,100,99919,100,100066,100,99906,100,100073,200,99899,100,100074,200,99897,100,100081,100,99895,100,100114,100,99884,100,100182,100,99877,100
2019-06-28 09:30:00.000000055,100034,100,100030,100,100035,100,99991,100,100038,100,99957,400,100049,100,99919,100,100066,100,99911,100,100073,200,99906,100,100074,200,99899,100,100081,100,99897,100,100114,100,99895,100,100182,100,99884,100
2019-06-28 09:30:00.000000057,100034,100,100030,100,100035,100,99995,100,100038,100,99991,100,100049,100,99957,400,100066,100,99919,100,100073,200,99911,100,100074,200,99906,100,100081,100,99899,100,100114,100,99897,100,100182,100,99895,100
2019-06-28 09:30:00.000000058,100034,100,99995,100,100035,100,99991,100,100038,100,99957,400,100049,100,99919,100,100066,100,99911,100,100073,200,99906,100,100074,200,99899,100,100081,100,99897,100,100114,100,99895,100,100155,100,99884,100
2019-06-28 09:30:00.000000059,100032,100,99995,100,100034,100,99991,100,100035,100,99957,400,100038,100,99919,100,100049,100,99911,100,100066,100,99906,100,100073,200,99899,100,100074,200,99897,100,100081,100,99895,100,100114,100,99884,100
2019-06-28 09:30:00.000000060,100030,100,100016,100,100032,100,99995,100,100034,100,99991,100,100035,100,99957,400,100038,100,99919,100,100049,100,99911,100,100066,100,99906,100,100073,200,99899,100,100074,200,99897,100,100081,100,99895,100
2019-06-28 09:30:00.000000062,100030,100,100016,100,100032,100,100014,100,100034,100,99995,100,100035,100,99991,100,100038,100,99957,400,100049,100,99919,100,100066,100,99911,100,100073,200,99906,100,100074,200,99899,100,100081,100,99897,100
2019-06-28 09:30:00.000000063,100030,100,100016,100,100032,100,100014,100,100034,100,99995,100,100035,100,99991,100,100038,100,99957,400,100049,100,99948,100,100066,100,99919,100,100073,200,99911,100,100074,200,99906,100,100081,100,99899,100
2019-06-28 09:30:00.000000064,100030,100,100016,100,100032,100,100014,100,100034,100,99996,100,100035,100,99995,100,100038,100,99991,100,100049,100,99957,400,100066,100,99948,100,100073,200,99919,100,100074,200,99911,100,100081,100,99906,100
2019-06-28 09:30:00.000000065,100030,100,100016,100,100032,100,100014,100,100034,100,99996,100,100035,100,99995,100,100038,100,99991,100,100049,100,99957,400,100061,100,99948,100,100066,100,99919,100,100073,200,99911,100,100074,200,99906,100
2019-06-28 09:30:00.000000067,100030,100,100016,100,100032,100,100014,100,100034,100,99996,100,100035,100,99995,100,100038,100,99991,100,100049,100,99957,400,100061,100,99948,100,100066,100,99919,100,100073,200,99911,100,100074,200,99906,100
2019-06-28 09:30:00.000000069,100030,100,100014,100,100032,100,99996,100,100034,100,99995,100,100035,100,99991,100,100038,100,99957,400,100049,100,99948,100,100061,100,99919,100,100066,100,99911,100,100073,200,99906,100,100074,200,99899,100
2019-06-28 09:30:00.000000070,100030,100,100016,100,100032,100,100014,100,100034,100,99996,100,100035,100,99995,100,100038,100,99991,100,100049,100,99957,400,100061,100,99948,100,100066,100,99943,100,100073,200,99919,100,100074,200,99911,100
2019-06-28 09:30:00.000000077,100030,100,100016,100,100032,100,100014,100,100034,100,99996,100,100035,100,99995,100,100038,100,99991,100,100049,100,99957,400,100061,100,99948,100,100066,100,99943,100,100073,200,99919,100,100074,200,99911,100
2019-06-28 09:30:00.000000078,100030,100,100014,100,100032,100,99996,100,100034,100,99995,100,100035,100,99991,100,100038,100,99957,400,100049,100,99948,100,100061,100,99943,100,100065,100,99919,100,100066,100,99911,100,100073,200,99906,100
2019-06-28 09:30:00.000000080,100030,100,100014,100,100032,100,99996,100,100034,100,99995,100,100035,100,99991,100,100038,100,99957,400,100039,100,99955,100,100049,100,99948,100,100061,100,99943,100,100065,100,99919,100,100066,100,99911,100
2019-06-28 09:30:00.000000083,100016,100,100014,100,100030,100,99996,100,100032,100,99995,100,100034,100,99991,100,100035,100,99957,400,100038,100,99955,100,100039,100,99948,100,100049,100,99943,100,100061,100,99919,100,100065,100,99911,100
2019-06-28 09:30:00.000000084,100016,100,100014,100,100030,100,99996,100,100032,100,99995,100,100034,100,99991,100,100035,100,99957,400,100038,100,99955,100,100039,100,99948,100,100049,100,99943,100,100061,100,99919,100,100065,100,99911,100
2019-06-28 09:30:00.000000089,100016,100,100014,100,100030,100,99996,100,100032,100,99995,100,100034,100,99991,100,100035,100,99957,400,100038,100,99955,100,100039,100,99948,100,100049,100,99943,100,100061,100,99919,100,100065,100,99911,100
2019-06-28 09:30:00.000000092,100016,200,100014,100,100030,100,99996,100,100032,100,99995,200,100034,100,99991,100,100035,100,99957,400,100038,100,99955,100,100039,100,99948,100,100049,100,99943,100,100061,100,99919,100,100065,100,99911,100
2019-06-28 09:30:00.000000099,100016,200,100014,100,100030,100,99996,100,100032,100,99995,200,100034,100,99991,100,100035,100,99957,400,100038,200,99955,100,100039,100,99948,100,100049,100,99943,100,100061,100,99919,100,100065,100,99911,100
2019-06-28 09:30:01.645512092,100016,200,99996,100,100030,100,99995,200,100032,100,99991,100,100034,100,99957,400,100035,100,99955,100,100038,100,99948,100,100039,100,99943,100,100049,100,99919,100,100061,100,99911,100,100065,100,99906,100
2019-06-28 09:30:08.984628872,100016,200,99996,100,100030,100,99995,200,100032,100,99991,100,100034,100,99957,400,100035,100,99955,100,100038,100,99948,100,100039,100,99943,100,100049,100,99919,100,100058,100,99911,100,100061,100,99906,100
2019-06-28 09:30:10.000000000,100016,259,99996,159,100030,159,99995,259,100032,159,99991,159,100034,159,99957,459,100035,159,99955,159,100038,100,99948,100,100039,100,99943,100,100049,100,99919,100,100058,100,99911,100,100061,100,99906,100
2019-06-28 09:30:20.000000000,100016,300,99996,200,100030,197,99995,297,100032,197,99991,197,100034,100,99957,400,100035,100,99955,100,100038,100,99948,100,100039,100,99943,100,100049,100,99919,100,100058,100,99911,100,100061,100,99906,100
2019-06-28 09:30:30.000000000,100016,494,99996,394,100030,100,99995,200,100032,100,99991,100,100034,100,99957,400,100035,100,99955,100,100038,100,99948,100,100039,100,99943,100,100049,100,99919,100,100058,100,99911,100,100061,100,99906,100
2019-06-28 09:30:40.000000000,100016,300,99996,200,100030,197,99995,297,100032,197,99991,197,100034,100,99957,400,100035,100,99955,100,100038,100,99948,100,100039,100,99943,100,100049,100,99919,100,100058,100,99911,100,100061,100,99906,100
2019-06-28 09:30:48.809435611,100016,300,99996,200,100030,197,99995,297,100032,197,99991,197,100034,100,99957,400,100035,100,99955,100,100038,100,99948,100,100039,100,99943,100,100049,100,99919,100,100058,100,99911,100,100061,100,99906,100
2019-06-28 09:30:50.000000000,100016,347,99996,247,100030,247,99995,347,100032,100,99991,100,100034,100,99957,400,100035,100,99955,100,100038,100,99948,100,100039,100,99943,100,100049,100,99919,100,100058,100,99911,100,100061,100,99906,100
2019-06-28 09:31:00.000000000,100016,259,99996,159,100030,159,99995,259,100032,159,99991,159,100034,159,99957,459,100035,159,99955,159,100038,100,99948,100,100039,100,99943,100,100049,100,99919,100,100058,100,99911,100,100061,100,99906,100
2019-06-28 09:31:10.000000000,100016,259,99996,159,100030,159,99995,259,100032,159,99991,159,100034,159,99957,459,100035,159,99955,159,100038,100,99948,100,100039,100,99943,100,100049,100,99919,100,100058,100,99911,100,100061,100,99906,100
2019-06-28 09:31:20.000000000,100016,259,99996,159,100030,159,99995,259,100032,159,99991,159,100034,159,99957,459,100035,159,99955,159,100038,100,99948,100,100039,100,99943,100,100049,100,99919,100,100058,100,99911,100,100061,100,99906,100
2019-06-28 09:31:30.000000000,100016,494,99996,394,100030,100,99995,200,100032,100,99991,100,100034,100,99957,400,100035,100,99955,100,100038,100,99948,100,100039,100,99943,100,100049,100,99919,100,100058,100,99911,100,100061,100,99906,100
2019-06-28 09:31:40.000000000,100016,259,99996,159,100030,159,99995,259,100032,159,99991,159,100034,159,99957,459,100035,159,99955,159,100038,100,99948,100,100039,100,99943,100,100049,100,99919,100,100058,100,99911,100,100061,100,99906,100
2019-06-28 09:31:50.000000000,100016,347,99996,247,100030,247,99995,347,100032,100,99991,100,100034,100,99957,400,100035,100,99955,100,100038,100,99948,100,100039,100,99943,100,100049,100,99919,100,100058,100,99911,100,100061,100,99906,100
2019-06-28 09:32:00.000000000,100016,300,99996,200,100030,197,99995,297,100032,197,99991,197,100034,100,99957,400,100035,100,99955,100,100038,100,99948,100,100039,100,99943,100,100049,100,99919,100,100058,100,99911,100,100061,100,99906,100
2019-06-28 09:32:03.247817095,100015,100,99996,200,100016,300,99995,297,100030,197,99991,197,100032,197,99957,400,100034,100,99955,100,100035,100,99948,100,100038,100,99943,100,100039,100,99919,100,100049,100,99911,100,100058,100,99906,100
2019-06-28 09:32:10.000000000,100015,174,99996,174,100016,274,99995,274,100030,174,99991,174,100032,174,99957,474,100034,100,99955,100,100035,100,99948,100,100038,100,99943,100,100039,100,99919,100,100049,100,99911,100,100058,100,99906,100
2019-06-28 09:32:15.332352950,100015,174,99996,74,100016,274,99995,274,100030,174,99991,174,100032,174,99957,474,100034,100,99955,100,100035,100,99948,100,100038,100,99943,100,100049,100,99919,100,100058,100,99911,100,100061,100,99906,100
2019-06-28 09:32:20.000000000,100015,247,99995,347,100016,347,99991,247,100030,100,99957,400,100032,100,99955,100,100034,100,99948,100,100035,100,99943,100,100038,100,99919,100,100049,100,99911,100,100058,100,99906,100,100061,100,99899,100
2019-06-28 09:32:30.000000000,100015,200,99995,300,100016,297,99991,197,100030,197,99957,497,100032,100,99955,100,100034,100,99948,100,100035,100,99943,100,100038,100,99919,100,100049,100,99911,100,100058,100,99906,100,100061,100,99899,100
2019-06-28 09:32:33.249449964,100015,200,99995,200,100016,297,99991,197,100030,197,99957,497,100032,100,99955,100,100034,100,99948,100,100035,100,99943,100,100038,100,99919,100,100049,100,99911,100,100058,100,99906,100,100061,100,99899,100
2019-06-28 09:32:40.000000000,100015,159,99995,159,100016,259,99991,159,100030,159,99957,459,100032,159,99955,159,100034,159,99948,159,100035,100,99943,100,100038,100,99919,100,100049,100,99911,100,100058,100,99906,100,100061,100,99899,100
2019-06-28 09:32:49.835287265,100015,159,99995,59,100016,259,99991,159,100030,159,99957,459,100032,159,99955,159,100034,159,99948,159,100035,100,99943,100,100038,100,99919,100,100049,100,99911,100,100058,100,99906,100,100061,100,99899,100
2019-06-28 09:32:50.000000000,100015,200,99991,200,100016,297,99957,497,100030,197,99955,197,100032,100,99948,100,100034,100,99943,100,100035,100,99919,100,100038,100,99911,100,100049,100,99906,100,100058,100,99899,100,100061,100,99897,100
2019-06-28 09:33:00.000000000,100015,159,99991,159,100016,259,99957,459,100030,159,99955,159,100032,159,99948,159,100034,159,99943,159,100035,100,99919,100,100038,100,99911,100,100049,100,99906,100,100058,100,99899,100,100061,100,99897,100
2019-06-28 09:33:10.000000000,100015,394,99991,394,100016,200,99957,400,100030,100,99955,100,100032,100,99948,100,100034,100,99943,100,100035,100,99919,100,100038,100,99911,100,100049,100,99906,100,100058,100,99899,100,100061,100,99897,100
2019-06-28 09:33:20.000000000,100015,200,99991,200,100016,297,99957,497,100030,197,99955,197,100032,100,99948,100,100034,100,99943,100,100035,100,99919,100,100038,100,99911,100,100049,100,99906,100,100058,100,99899,100,100061,100,99897,100
2019-06-28 09:33:30.000000000,100015,174,99991,174,100016,274,99957,474,100030,174,99955,174,100032,174,99948,174,100034,100,99943,100,100035,100,99919,100,100038,100,99911,100,100049,100,99906,100,100058,100,99899,100,100061,100,99897,100
2019-06-28 09:33:40.000000000,100015,394,99991,394,100016,200,99957,400,100030,100,99955,100,100032,100,99948,100,100034,100,99943,100,100035,100,99919,100,100038,100,99911,100,100049,100,99906,100,100058,100,99899,100,100061,100,99897,100
2019-06-28 09:33:44.943365110,100015,394,99991,294,100016,200,99957,400,100030,100,99955,100,100032,100,99948,100,100034,100,99943,100,100035,100,99919,100,100038,100,99911,100,100049,100,99906,100,100058,100,99899,100,100061,100,99897,100
2019-06-28 09:33:50.000000000,100015,200,99957,500,100016,297,99955,197,100030,197,99948,197,100032,100,99943,100,100034,100,99919,100,100035,100,99911,100,100038,100,99906,100,100049,100,99899,100,100058,100,99897,100,100061,100,99895,100
2019-06-28 09:34:00.000000000,100015,159,99957,459,100016,259,99955,159,100030,159,99948,159,100032,159,99943,159,100034,159,99919,159,100035,100,99911,100,100038,100,99906,100,100049,100,99899,100,100058,100,99897,100,100061,100,99895,100
2019-06-28 09:34:02.173956517,100015,159,99957,359,100016,259,99955,159,100030,159,99948,159,100032,159,99943,159,100034,159,99919,159,100035,100,99911,100,100038,100,99906,100,100049,100,99899,100,100058,100,99897,100,100061,100,99895,100
2019-06-28 09:34:10.000000000,100015,394,99957,594,100016,200,99955,100,100030,100,99948,100,100032,100,99943,100,100034,100,99919,100,100035,100,99911,100,100038,100,99906,100,100049,100,99899,100,100058,100,99897,100,100061,100,99895,100
2019-06-28 09:34:18.328012789,100015,394,99957,494,100016,200,99955,100,100030,100,99948,100,100032,100,99943,100,100034,100,99919,100,100035,100,99911,100,100038,100,99906,100,100049,100,99897,100,100058,100,99895,100,100061,100,99890,100
2019-06-28 09:34:18.411941640,100015,394,99957,394,100016,200,99955,100,100030,100,99948,100,100032,100,99943,100,100034,100,99919,100,100035,100,99911,100,100038,100,99906,100,100049,100,99897,100,100058,100,99895,100,100061,100,99890,100
2019-06-28 09:34:20.000000000,100015,159,99957,159,100016,259,99955,159,100030,159,99948,159,100032,159,99943,159,100034,159,99919,159,100035,100,99911,100,100038,100,99906,100,100049,100,99897,100,100058,100,99895,100,100061,100,99890,100
2019-06-28 09:34:21.524233126,100015,159,99957,159,100016,259,99955,159,100030,159,99948,159,100032,159,99943,159,100034,159,99919,159,100035,100,99911,100,100038,100,99906,100,100049,100,99897,100,100058,100,99895,100,100061,100,99890,100
2019-06-28 09:34:30.000000000,100015,159,99957,159,100016,259,99955,159,100030,159,99948,159,100032,159,99943,159,100034,159,99919,159,100035,100,99911,100,100038,100,99906,100,100049,100,99897,100,100058,100,99895,100,100061,100,99890,100
2019-06-28 09:34:36.520728907,100015,159,99957,59,100016,259,99955,159,100030,159,99948,159,100032,159,99943,159,100034,159,99919,159,100035,100,99911,100,100038,100,99906,100,100049,100,99897,100,100058,100,99895,100,100061,100,99890,100
2019-06-28 09:34:40.000000000,100015,247,99955,247,100016,347,99948,247,100030,100,99943,100,100032,100,99919,100,100034,100,99911,100,100035,100,99906,100,100038,100,99897,100,100049,100,99895,100,100058,100,99890,100,100061,100,99884,100
2019-06-28 09:34:45.138179714,100015,247,99955,147,100016,347,99948,247,100030,100,99943,100,100032,100,99919,100,100034,100,99911,100,100035,100,99906,100,100038,100,99897,100,100049,100,99895,100,100058,100,99890,100,100061,100,99884,100
2019-06-28 09:34:49.884499448,99957,100,99955,147,100015,247,99948,247,100016,247,99943,100,100030,100,99919,100,100032,100,99911,100,100034,100,99906,100,100035,100,99897,100,100038,100,99895,100,100049,100,99890,100,100058,100,99884,100
2019-06-28 09:34:50.000000000,99957,247,99948,247,100015,247,99943,247,100016,100,99919,100,100030,100,99911,100,100032,100,99906,100,100034,100,99897,100,100035,100,99895,100,100038,100,99890,100,100049,100,99884,100,100058,100,99877,100
2019-06-28 09:35:00.000000000,99957,394,99948,394,100015,100,99943,100,100016,100,99919,100,100030,100,99911,100,100032,100,99906,100,100034,100,99897,100,100035,100,99895,100,100038,100,99890,100,100049,100,99884,100,100058,100,99877,100
2019-06-28 09:35:10.000000000,99957,159,99948,159,100015,159,99943,159,100016,159,99919,159,100030,159,99911,159,100032,159,99906,159,100034,100,99897,100,100035,100,99895,100,100038,100,99890,100,100049,100,99884,100,100058,100,99877,100
2019-06-28 09:35:20.000000000,99957,159,99948,159,100015,159,99943,159,100016,159,99919,159,100030,159,99911,159,100032,159,99906,159,100034,100,99897,100,100035,100,99895,100,100038,100,99890,100,100049,100,99884,100,100058,100,99877,100
2019-06-28 09:35:20.237693495,99957,259,99948,159,100015,159,99943,159,100016,159,99919,159,100030,159,99911,159,100032,159,99906,159,100034,100,99897,100,100035,100,99895,100,100038,100,99890,100,100049,100,99884,100,100058,100,99877,100
2019-06-28 09:35:30.000000000,99957,347,99948,247,100015,247,99943,247,100016,100,99919,100,100030,100,99911,100,100032,100,99906,100,100034,100,99897,100,100035,100,99895,100,100038,100,99890,100,100049,100,99884,100,100058,100,99877,100
2019-06-28 09:35:32.759900990,99957,347,99948,247,100015,247,99943,247,100016,100,99919,100,100030,100,99911,100,100032,100,99906,100,100034,100,99897,100,100035,100,99895,100,100038,100,99890,100,100049,100,99884,100,100058,100,99877,100
2019-06-28 09:35:40.000000000,99957,494,99948,394,100015,100,99943,100,100016,100,99919,100,100030,100,99911,100,100032,100,99906,100,100034,100,99897,100,100035,100,99895,100,100038,100,99890,100,100049,100,99884,100,100058,100,99877,100
2019-06-28 09:35:40.499701260,99957,594,99948,394,100015,100,99943,100,100016,100,99919,100,100030,100,99911,100,100032,100,99906,100,100034,100,99897,100,100035,100,99895,100,100038,100,99890,100,100049,100,99884,100,100058,100,99877,100
2019-06-28 09:35:50.000000000,99957,400,99948,200,100015,197,99943,197,100016,197,99919,197,100030,100,99911,100,100032,100,99906,100,100034,100,99897,100,100035,100,99895,100,100038,100,99890,100,100049,100,99884,100,100058,100,99877,100
2019-06-28 09:35:51.705253422,99957,400,99948,200,100015,197,99943,197,100016,197,99919,197,100030,100,99911,100,100032,100,99906,100,100034,100,99897,100,100035,100,99895,100,100038,100,99890,100,100049,100,99884,100,100058,100,99877,100
2019-06-28 09:36:00.000000000,99957,400,99948,200,100015,197,99943,197,100016,197,99919,197,100030,100,99911,100,100032,100,99906,100,100034,100,99897,100,100035,100,99895,100,100038,100,99890,100,100049,100,99884,100,100058,100,99877,100
2019-06-28 09:36:10.000000000,99957,447,99948,247,100015,247,99943,247,100016,100,99919,100,100030,100,99911,100,100032,100,99906,100,100034,100,99897,100,100035,100,99895,100,100038,100,99890,100,100049,100,99884,100,100058,100,99877,100
2019-06-28 09:36:16.132390731,99957,547,99948,247,100015,247,99943,247,100016,100,99919,100,100030,100,99911,100,100032,100,99906,100,100034,100,99897,100,100035,100,99895,100,100038,100,99890,100,100049,100,99884,100,100058,100,99877,100
2019-06-28 09:36:19.223041043,99957,547,99948,147,100015,247,99943,247,100016,100,99919,100,100030,100,99911,100,100032,100,99906,100,100034,100,99897,100,100035,100,99895,100,100038,100,99890,100,100049,100,99884,100,100058,100,99877,100
2019-06-28 09:36:19.715940349,99957,547,99948,47,100015,247,99943,247,100016,100,99919,100,100030,100,99911,100,100032,100,99906,100,100034,100,99897,100,100035,100,99895,100,100038,100,99890,100,100049,100,99884,100,100058,100,99877,100
2019-06-28 09:36:20.000000000,99957,459,99943,159,100015,159,99919,159,100016,159,99911,159,100030,159,99906,159,100032,159,99897,159,100034,100,99895,100,100035,100,99890,100,100038,100,99884,100,100049,100,99877,100,100058,100,99868,100
2019-06-28 09:36:28.211641824,99957,459,99943,159,100015,159,99919,159,100016,159,99911,159,100030,159,99906,159,100032,159,99897,159,100034,100,99895,100,100035,100,99890,100,100038,100,99884,100,100049,100,99877,100,100058,100,99868,100
2019-06-28 09:36:30.000000000,99957,694,99943,394,100015,100,99919,100,100016,100,99911,100,100030,100,99906,100,100032,100,99897,100,100034,100,99895,100,100035,100,99890,100,100038,100,99884,100,100049,100,99877,100,100058,100,99868,100
2019-06-28 09:36:34.466621051,99957,694,99943,394,100015,100,99919,100,100016,100,99911,100,100030,100,99906,100,100032,100,99897,100,100034,100,99895,100,100035,100,99890,100,100038,100,99884,100,100049,100,99877,100,100058,100,99868,100
2019-06-28 09:36:40.000000000,99957,694,99943,394,100015,100,99919,100,100016,100,99911,100,100030,100,99906,100,100032,100,99897,100,100034,100,99895,100,100035,100,99890,100,100038,100,99884,100,100049,100,99877,100,100058,100,99868,100
2019-06-28 09:36:50.000000000,99957,500,99943,200,100015,197,99919,197,100016,197,99911,197,100030,100,99906,100,100032,100,99897,100,100034,100,99895,100,100035,100,99890,100,100038,100,99884,100,100049,100,99877,100,100058,100,99868,100
2019-06-28 09:36:56.995314212,99957,500,99943,100,100015,197,99919,197,100016,197,99911,197,100030,100,99906,100,100032,100,99897,100,100034,100,99895,100,100035,100,99890,100,100038,100,99884,100,100049,100,99877,100,100058,100,99868,100
2019-06-28 09:36:59.221205442,99957,500,99943,100,100015,197,99919,197,100016,197,99911,197,100030,100,99906,100,100032,100,99897,100,100034,100,99895,100,100035,100,99890,100,100038,100,99884,100,100049,100,99877,100,100058,100,99868,100
2019-06-28 09:37:00.000000000,99957,459,99919,159,100015,159,99911,159,100016,159,99906,159,100030,159,99897,159,100032,159,99895,159,100034,100,99890,100,100035,100,99884,100,100038,100,99877,100,100049,100,99868,100,100058,100,99860,100
2019-06-28 09:37:10.000000000,99957,500,99919,200,100015,197,99911,197,100016,197,99906,197,100030,100,99897,100,100032,100,99895,100,100034,100,99890,100,100035,100,99884,100,100038,100,99877,100,100049,100,99868,100,100058,100,99860,100
2019-06-28 09:37:15.726687380,99957,500,99919,200,100015,197,99911,197,100016,197,99906,197,100030,100,99897,100,100032,100,99895,100,100034,100,99890,100,100035,100,99884,100,100038,100,99877,100,100049,100,99868,100,100058,100,99860,100
2019-06-28 09:37:19.517356989,99948,100,99919,200,99957,400,99911,197,100015,197,99906,197,100016,197,99897,100,100030,100,99895,100,100032,100,99890,100,100034,100,99884,100,100035,100,99877,100,100038,100,99868,100,100049,100,99860,100
2019-06-28 09:37:20.000000000,99948,159,99919,159,99957,359,99911,159,100015,159,99906,159,100016,159,99897,159,100030,159,99895,159,100032,100,99890,100,100034,100,99884,100,100035,100,99877,100,100038,100,99868,100,100049,100,99860,100
2019-06-28 09:37:24.405446728,99948,159,99919,159,99957,359,99911,159,100015,159,99906,159,100016,159,99897,59,100030,159,99895,159,100032,100,99890,100,100034,100,99884,100,100035,100,99877,100,100038,100,99868,100,100049,100,99860,100
2019-06-28 09:37:30.000000000,99948,200,99919,200,99957,397,99911,197,100015,197,99906,197,100016,100,99895,100,100030,100,99890,100,100032,100,99884,100,100034,100,99877,100,100035,100,99868,100,100038,100,99860,100,100049,100,99799,100
2019-06-28 09:37:30.392890584,99948,300,99919,200,99957,397,99911,197,100015,197,99906,197,100016,100,99895,100,100030,100,99890,100,100032,100,99884,100,100034,100,99877,100,100035,100,99868,100,100038,100,99860,100,100049,100,99799,100
2019-06-28 09:37:40.000000000,99948,300,99919,200,99957,397,99911,197,100015,197,99906,197,100016,100,99895,100,100030,100,99890,100,100032,100,99884,100,100034,100,99877,100,100035,100,99868,100,100038,100,99860,100,100049,100,99799,100
2019-06-28 09:37:50.000000000,99948,494,99919,394,99957,300,99911,100,100015,100,99906,100,100016,100,99895,100,100030,100,99890,100,100032,100,99884,100,100034,100,99877,100,100035,100,99868,100,100038,100,99860,100,100049,100,99799,100
2019-06-28 09:37:51.721542116,99948,494,99919,294,99957,300,99911,100,100015,100,99906,100,100016,100,99895,100,100030,100,99890,100,100032,100,99884,100,100034,100,99877,100,100035,100,99868,100,100038,100,99860,100,100049,100,99799,100
2019-06-28 09:37:55.230979283,99948,494,99919,194,99957,300,99911,100,100015,100,99895,100,100016,100,99890,100,100030,100,99884,100,100032,100,99877,100,100034,100,99868,100,100035,100,99860,100,100038,100,99799,100,100049,100,99743,100
2019-06-28 09:37:58.137602172,99948,494,99919,94,99957,300,99911,100,100015,100,99895,100,100016,100,99890,100,100030,100,99884,100,100032,100,99877,100,100034,100,99868,100,100038,100,99860,100,100049,100,99799,100,100058,100,99743,100
2019-06-28 09:37:59.821976541,99948,494,99919,94,99957,200,99911,100,100015,100,99895,100,100016,100,99890,100,100030,100,99884,100,100032,100,99877,100,100034,100,99868,100,100038,100,99860,100,100049,100,99799,100,100058,100,99743,100
2019-06-28 09:38:00.000000000,99948,274,99911,174,99957,274,99895,174,100015,174,99890,174,100016,174,99884,174,100030,100,99877,100,100032,100,99868,100,100034,100,99860,100,100038,100,99799,100,100049,100,99743,100,100058,100,99691,100
2019-06-28 09:38:10.000000000,99948,300,99911,200,99957,297,99895,197,100015,197,99890,197,100016,100,99884,100,100030,100,99877,100,100032,100,99868,100,100034,100,99860,100,100038,100,99799,100,100049,100,99743,100,100058,100,99691,100
2019-06-28 09:38:20.000000000,99948,274,99911,174,99957,274,99895,174,100015,174,99890,174,100016,174,99884,174,100030,100,99877,100,100032,100,99868,100,100034,100,99860,100,100038,100,99799,100,100049,100,99743,100,100058,100,99691,100
2019-06-28 09:38:30.000000000,99948,259,99911,159,99957,259,99895,159,100015,159,99890,159,100016,159,99884,159,100030,159,99877,159,100032,100,99868,100,100034,100,99860,100,100038,100,99799,100,100049,100,99743,100,100058,100,99691,100
2019-06-28 09:38:40.000000000,99948,300,99911,200,99957,297,99895,197,100015,197,99890,197,100016,100,99884,100,100030,100,99877,100,100032,100,99868,100,100034,100,99860,100,100038,100,99799,100,100049,100,99743,100,100058,100,99691,100
2019-06-28 09:38:46.108289887,99948,300,99911,200,99957,297,99895,97,100015,197,99890,197,100016,100,99884,100,100030,100,99877,100,100032,100,99868,100,100034,100,99860,100,100038,100,99799,100,100049,100,99743,100,100058,100,99691,100
2019-06-28 09:38:50.000000000,99948,494,99911,394,99957,200,99890,100,100015,100,99884,100,100016,100,99877,100,100030,100,99868,100,100032,100,99860,100,100034,100,99799,100,100038,100,99743,100,100049,100,99691,100,100058,100,99477,100
2019-06-28 09:38:58.247772963,99919,100,99911,394,99948,494,99890,100,99957,200,99884,100,100015,100,99877,100,100016,100,99868,100,100030,100,99860,100,100032,100,99799,100,100034,100,99743,100,100038,100,99691,100,100049,100,99477,100
2019-06-28 09:39:00.000000000,99919,200,99911,200,99948,297,99890,197,99957,297,99884,197,100015,100,99877,100,100016,100,99868,100,100030,100,99860,100,100032,100,99799,100,100034,100,99743,100,100038,100,99691,100,100049,100,99477,100
2019-06-28 09:39:00.483523534,99919,200,99911,100,99948,297,99890,197,99957,297,99884,197,100015,100,99877,100,100016,100,99868,100,100030,100,99860,100,100032,100,99799,100,100034,100,99743,100,100038,100,99691,100,100049,100,99477,100
2019-06-28 09:39:10.000000000,99919,159,99890,159,99948,259,99884,159,99957,259,99877,159,100015,159,99868,159,100016,159,99860,159,100030,100,99799,100,100032,100,99743,100,100034,100,99691,100,100038,100,99477,100,100049,100,99322,100
2019-06-28 09:39:20.000000000,99919,200,99890,200,99948,297,99884,197,99957,297,99877,197,100015,100,99868,100,100016,100,99860,100,100030,100,99799,100,100032,100,99743,100,100034,100,99691,100,100038,100,99477,100,100049,100,99322,100
2019-06-28 09:39:30.000000000,99919,394,99890,394,99948,200,99884,100,99957,200,99877,100,100015,100,99868,100,100016,100,99860,100,100030,100,99799,100,100032,100,99743,100,100034,100,99691,100,100038,100,99477,100,100049,100,99322,100
2019-06-28 09:39:40.000000000,99919,174,99890,174,99948,274,99884,174,99957,274,99877,174,100015,174,99868,174,100016,100,99860,100,100030,100,99799,100,100032,100,99743,100,100034,100,99691,100,100038,100,99477,100,100049,100,99322,100
2019-06-28 09:39:46.587608037,99919,174,99890,174,99948,274,99884,174,99957,274,99877,174,100015,174,99868,174,100016,100,99860,100,100030,100,99799,100,100032,100,99743,100,100034,100,99691,100,100038,100,99477,100,100049,100,99322,100
2019-06-28 09:39:50.000000000,99919,394,99890,394,99948,200,99884,100,99957,200,99877,100,100015,100,99868,100,100016,100,99860,100,100030,100,99799,100,100032,100,99743,100,100034,100,99691,100,100038,100,99477,100,100049,100,99322,100
2019-06-28 09:39:52.410911016,99918,100,99890,394,99919,394,99884,100,99948,200,99877,100,99957,200,99868,100,100015,100,99860,100,100016,100,99799,100,100030,100,99743,100,100032,100,99691,100,100034,100,99477,100,100038,100,99322,100
2019-06-28 09:39:54.216261321,99918,200,99890,394,99919,394,99884,100,99948,200,99877,100,99957,200,99868,100,100015,100,99860,100,100016,100,99799,100,100030,100,99743,100,100032,100,99691,100,100034,100,99477,100,100038,100,99322,100
2019-06-28 09:40:00.000000000,99918,259,99890,159,99919,159,99884,159,99948,259,99877,159,99957,259,99868,159,100015,159,99860,159,100016,100,99799,100,100030,100,99743,100,100032,100,99691,100,100034,100,99477,100,100038,100,99322,100
2019-06-28 09:40:10.000000000,99918,347,99890,247,99919,247,99884,247,99948,200,99877,100,99957,200,99868,100,100015,100,99860,100,100016,100,99799,100,100030,100,99743,100,100032,100,99691,100,100034,100,99477,100,100038,100,99322,100
2019-06-28 09:40:20.000000000,99918,494,99890,394,99919,100,99884,100,99948,200,99877,100,99957,200,99868,100,100015,100,99860,100,100016,100,99799,100,100030,100,99743,100,100032,100,99691,100,100034,100,99477,100,100038,100,99322,100
2019-06-28 09:40:22.451182667,99918,494,99890,394,99919,100,99884,100,99948,200,99877,100,99957,100,99868,100,100015,100,99860,100,100016,100,99799,100,100030,100,99743,100,100032,100,99691,100,100034,100,99477,100,100038,100,99322,100
2019-06-28 09:40:30.000000000,99918,347,99890,247,99919,247,99884,247,99948,200,99877,100,99957,100,99868,100,100015,100,99860,100,100016,100,99799,100,100030,100,99743,100,100032,100,99691,100,100034,100,99477,100,100038,100,99322,100
2019-06-28 09:40:40.000000000,99918,274,99890,174,99919,174,99884,174,99948,274,99877,174,99957,174,99868,174,100015,100,99860,100,100016,100,99799,100,100030,100,99743,100,100032,100,99691,100,100034,100,99477,100,100038,100,99322,100
2019-06-28 09:40:50.000000000,99918,259,99890,159,99919,159,99884,159,99948,259,99877,159,99957,159,99868,159,100015,159,99860,159,100016,100,99799,100,100030,100,99743,100,100032,100,99691,100,100034,100,99477,100,100038,100,99322,100
2019-06-28 09:40:54.577668722,99918,259,99890,59,99919,159,99884,159,99948,259,99877,59,99957,159,99868,159,100015,159,99860,159,100016,100,99799,100,100030,100,99743,100,100032,100,99691,100,100034,100,99477,100,100038,100,99322,100
2019-06-28 09:41:00.000000000,99918,259,99884,159,99919,159,99868,159,99948,259,99860,159,99957,159,99799,159,100015,159,99743,159,100016,100,99691,100,100030,100,99477,100,100032,100,99322,100,100034,100,99297,100,100038,100,99162,100
2019-06-28 09:41:10.000000000,99918,259,99884,159,99919,159,99868,159,99948,259,99860,159,99957,159,99799,159,100015,159,99743,159,100016,100,99691,100,100030,100,99477,100,100032,100,99322,100,100034,100,99297,100,100038,100,99162,100
2019-06-28 09:41:17.856023223,99918,259,99884,59,99919,159,99868,159,99948,259,99860,159,99957,159,99799,159,100015,159,99743,159,100016,100,99691,100,100030,100,99477,100,100032,100,99322,100,100034,100,99297,100,100038,100,99162,100
2019-06-28 09:41:18.638377631,99884,41,99868,159,99918,259,99860,159,99919,159,99799,159,99948,259,99743,159,99957,159,99691,100,100015,159,99477,100,100016,100,99322,100,100030,100,99297,100,100032,100,99162,100,100034,100,99062,100
2019-06-28 09:41:20.000000000,99884,188,99868,247,99918,347,99860,247,99919,100,99799,100,99948,200,99743,100,99957,100,99691,100,100015,100,99477,100,100016,100,99322,100,100030,100,99297,100,100032,100,99162,100,100034,100,99062,100
2019-06-28 09:41:26.775027099,99884,188,99868,147,99918,347,99860,247,99919,100,99799,100,99948,200,99743,100,99957,100,99691,100,100015,100,99477,100,100016,100,99322,100,100030,100,99297,100,100032,100,99162,100,100034,100,99062,100
2019-06-28 09:41:28.186168306,99884,188,99868,47,99918,347,99860,247,99919,100,99799,100,99948,200,99743,100,99957,100,99691,100,100015,100,99477,100,100016,100,99322,100,100030,100,99297,100,100032,100,99162,100,100034,100,99062,100
2019-06-28 09:41:30.000000000,99884,115,99860,174,99918,274,99799,174,99919,174,99743,174,99948,274,99691,174,99957,100,99477,100,100015,100,99322,100,100016,100,99297,100,100030,100,99162,100,100032,100,99062,100,100034,100,99054,100
2019-06-28 09:41:40.000000000,99884,100,99860,159,99918,259,99799,159,99919,159,99743,159,99948,259,99691,159,99957,159,99477,159,100015,100,99322,100,100016,100,99297,100,100030,100,99162,100,100032,100,99062,100,100034,100,99054,100
2019-06-28 09:41:48.374100157,99884,100,99860,159,99918,259,99799,159,99919,159,99743,159,99948,259,99691,159,99957,159,99477,159,100015,100,99322,100,100016,100,99297,100,100030,100,99162,100,100032,100,99147,100,100034,100,99062,100
2019-06-28 09:41:50.000000000,99884,335,99860,394,99918,200,99799,100,99919,100,99743,100,99948,200,99691,100,99957,100,99477,100,100015,100,99322,100,100016,100,99297,100,100030,100,99162,100,100032,100,99147,100,100034,100,99062,100
2019-06-28 09:42:00.000000000,99884,188,99860,247,99918,347,99799,247,99919,100,99743,100,99948,200,99691,100,99957,100,99477,100,100015,100,99322,100,100016,100,99297,100,100030,100,99162,100,100032,100,99147,100,100034,100,99062,100
2019-06-28 09:42:03.082953904,99884,188,99860,147,99918,347,99799,247,99919,100,99743,100,99948,200,99691,100,99957,100,99477,100,100015,100,99322,100,100016,100,99297,100,100030,100,99162,100,100032,100,99147,100,100034,100,99062,100
2019-06-28 09:42:06.872070118,99884,188,99860,47,99918,347,99799,247,99919,100,99743,100,99948,200,99691,100,99957,100,99477,100,100015,100,99297,100,100016,100,99162,100,100030,100,99147,100,100032,100,99062,100,100034,100,99054,100
2019-06-28 09:42:10.000000000,99884,115,99799,174,99918,274,99743,174,99919,174,99691,174,99948,274,99477,174,99957,100,99297,100,100015,100,99162,100,100016,100,99147,100,100030,100,99062,100,100032,100,99054,100,100034,100,99010,100
2019-06-28 09:42:20.000000000,99884,141,99799,200,99918,297,99743,197,99919,197,99691,197,99948,200,99477,100,99957,100,99297,100,100015,100,99162,100,100016,100,99147,100,100030,100,99062,100,100032,100,99054,100,100034,100,99010,100
2019-06-28 09:42:30.000000000,99884,141,99799,200,99918,297,99743,197,99919,197,99691,197,99948,200,99477,100,99957,100,99297,100,100015,100,99162,100,100016,100,99147,100,100030,100,99062,100,100032,100,99054,100,100034,100,99010,100
2019-06-28 09:42:40.000000000,99884,188,99799,247,99918,347,99743,247,99919,100,99691,100,99948,200,99477,100,99957,100,99297,100,100015,100,99162,100,100016,100,99147,100,100030,100,99062,100,100032,100,99054,100,100034,100,99010,100
2019-06-28 09:42:40.829959416,99884,188,99799,247,99918,347,99743,247,99919,100,99691,100,99948,200,99648,100,99957,100,99477,100,100015,100,99297,100,100016,100,99162,100,100030,100,99147,100,100032,100,99062,100,100034,100,99054,100
2019-06-28 09:42:50.000000000,99884,115,99799,174,99918,274,99743,174,99919,174,99691,174,99948,274,99648,174,99957,100,99477,100,100015,100,99297,100,100016,100,99162,100,100030,100,99147,100,100032,100,99062,100,100034,100,99054,100
2019-06-28 09:43:00.000000000,99884,335,99799,394,99918,200,99743,100,99919,100,99691,100,99948,200,99648,100,99957,100,99477,100,100015,100,99297,100,100016,100,99162,100,100030,100,99147,100,100032,100,99062,100,100034,100,99054,100
2019-06-28 09:43:10.000000000,99884,141,99799,200,99918,297,99743,197,99919,197,99691,197,99948,200,99648,100,99957,100,99477,100,100015,100,99297,100,100016,100,99162,100,100030,100,99147,100,100032,100,99062,100,100034,100,99054,100
2019-06-28 09:43:20.000000000,99884,100,99799,159,99918,259,99743,159,99919,159,99691,159,99948,259,99648,159,99957,159,99477,159,100015,100,99297,100,100016,100,99162,100,100030,100,99147,100,100032,100,99062,100,100034,100,99054,100
2019-06-28 09:43:30.000000000,99884,335,99799,394,99918,200,99743,100,99919,100,99691,100,99948,200,99648,100,99957,100,99477,100,100015,100,99297,100,100016,100,99162,100,100030,100,99147,100,100032,100,99062,100,100034,100,99054,100
2019-06-28 09:43:33.356446044,99884,335,99799,394,99918,200,99750,100,99919,100,99743,100,99948,200,99691,100,99957,100,99648,100,100015,100,99477,100,100016,100,99297,100,100030,100,99162,100,100032,100,99147,100,100034,100,99062,100
2019-06-28 09:43:40.000000000,99884,335,99799,394,99918,200,99750,100,99919,100,99743,100,99948,200,99691,100,99957,100,99648,100,100015,100,99477,100,100016,100,99297,100,100030,100,99162,100,100032,100,99147,100,100034,100,99062,100
2019-06-28 09:43:50.000000000,99884,100,99799,159,99918,259,99750,159,99919,159,99743,159,99948,259,99691,159,99957,159,99648,159,100015,100,99477,100,100016,100,99297,100,100030,100,99162,100,100032,100,99147,100,100034,100,99062,100
2019-06-28 09:44:00.000000000,99884,335,99799,394,99918,200,99750,100,99919,100,99743,100,99948,200,99691,100,99957,100,99648,100,100015,100,99477,100,100016,100,99297,100,100030,100,99162,100,100032,100,99147,100,100034,100,99062,100
2019-06-28 09:44:10.000000000,99884,115,99799,174,99918,274,99750,174,99919,174,99743,174,99948,274,99691,174,99957,100,99648,100,100015,100,99477,100,100016,100,99297,100,100030,100,99162,100,100032,100,99147,100,100034,100,99062,100
2019-06-28 09:44:20.000000000,99884,100,99799,159,99918,259,99750,159,99919,159,99743,159,99948,259,99691,159,99957,159,99648,159,100015,100,99477,100,100016,100,99297,100,100030,100,99162,100,100032,100,99147,100,100034,100,99062,100
2019-06-28 09:44:28.328970305,99884,100,99882,100,99918,259,99799,159,99919,159,99750,159,99948,259,99743,59,99957,159,99691,159,100015,100,99648,159,100016,100,99477,100,100030,100,99297,100,100032,100,99162,100,100034,100,99147,100
2019-06-28 09:44:30.000000000,99884,188,99882,247,99918,347,99799,247,99919,100,99750,100,99948,200,99691,100,99957,100,99648,100,100015,100,99477,100,100016,100,99297,100,100030,100,99162,100,100032,100,99147,100,100034,100,99062,100
2019-06-28 09:44:40.000000000,99884,141,99882,200,99918,297,99799,197,99919,197,99750,197,99948,200,99691,100,99957,100,99648,100,100015,100,99477,100,100016,100,99297,100,100030,100,99162,100,100032,100,99147,100,100034,100,99062,100
2019-06-28 09:44:50.000000000,99884,141,99882,200,99918,297,99799,197,99919,197,99750,197,99948,200,99691,100,99957,100,99648,100,100015,100,99477,100,100016,100,99297,100,100030,100,99162,100,100032,100,99147,100,100034,100,99062,100
2019-06-28 09:44:50.203742204,99884,141,99882,200,99918,297,99861,100,99919,197,99799,197,99948,200,99750,197,99957,100,99691,100,100015,100,99648,100,100016,100,99477,100,100032,100,99297,100,100034,100,99162,100,100038,100,99147,100
2019-06-28 09:44:54.946473860,99884,141,99882,200,99918,297,99861,100,99919,197,99799,197,99948,200,99750,197,99957,100,99691,100,100015,100,99648,100,100016,100,99477,100,100032,100,99297,100,100034,100,99162,100,100038,100,99147,100
2019-06-28 09:45:00.000000000,99884,115,99882,174,99918,274,99861,174,99919,174,99799,174,99948,274,99750,174,99957,100,99691,100,100015,100,99648,100,100016,100,99477,100,100032,100,99297,100,100034,100,99162,100,100038,100,99147,100
2019-06-28 09:45:03.287029810,99884,115,99882,174,99918,274,99861,174,99919,174,99799,74,99948,274,99750,174,99957,100,99728,100,100015,100,99691,100,100016,100,99648,100,100032,100,99477,100,100034,100,99297,100,100038,100,99162,100
2019-06-28 09:45:07.472612645,99884,115,99882,174,99918,274,99861,274,99919,174,99799,74,99948,274,99750,174,99957,100,99728,100,100015,100,99691,100,100016,100,99648,100,100032,100,99477,100,100034,100,99297,100,100038,100,99162,100
2019-06-28 09:45:08.324122210,99884,115,99882,174,99918,274,99861,274,99919,174,99799,74,99948,274,99797,100,99957,100,99750,174,100015,100,99728,100,100016,100,99691,100,100032,100,99648,100,100034,100,99477,100,100038,100,99297,100
2019-06-28 09:45:09.650942126,99884,115,99882,174,99918,274,99861,274,99919,174,99799,74,99948,174,99797,100,99957,100,99750,174,100015,100,99728,100,100016,100,99691,100,100032,100,99648,100,100034,100,99477,100,100038,100,99297,100
2019-06-28 09:45:10.000000000,99884,141,99882,200,99918,297,99861,297,99919,197,99797,197,99948,100,99750,100,99957,100,99728,100,100015,100,99691,100,100016,100,99648,100,100032,100,99477,100,100034,100,99297,100,100038,100,99162,100
2019-06-28 09:45:18.552600018,99884,141,99882,100,99918,297,99861,297,99919,197,99797,197,99948,100,99750,100,99957,100,99728,100,100015,100,99691,100,100016,100,99648,100,100032,100,99477,100,100034,100,99297,100,100038,100,99162,100
2019-06-28 09:45:18.719903275,99884,141,99861,297,99918,297,99797,197,99919,197,99750,100,99948,100,99728,100,99957,100,99691,100,100015,100,99648,100,100016,100,99477,100,100032,100,99297,100,100034,100,99162,100,100038,100,99147,100
2019-06-28 09:45:20.000000000,99884,141,99861,300,99918,297,99797,197,99919,197,99750,197,99948,100,99728,100,99957,100,99691,100,100015,100,99648,100,100016,100,99477,100,100032,100,99297,100,100034,100,99162,100,100038,100,99147,100
2019-06-28 09:45:30.000000000,99884,115,99861,274,99918,274,99797,174,99919,174,99750,174,99948,174,99728,174,99957,100,99691,100,100015,100,99648,100,100016,100,99477,100,100032,100,99297,100,100034,100,99162,100,100038,100,99147,100
2019-06-28 09:45:40.000000000,99884,141,99861,300,99918,297,99797,197,99919,197,99750,197,99948,100,99728,100,99957,100,99691,100,100015,100,99648,100,100016,100,99477,100,100032,100,99297,100,100034,100,99162,100,100038,100,99147,100
2019-06-28 09:45:42.830212019,99882,100,99861,200,99884,141,99797,197,99918,297,99750,197,99919,197,99728,100,99948,100,99691,100,99957,100,99648,100,100015,100,99477,100,100016,100,99297,100,100032,100,99162,100,100034,100,99147,100
2019-06-28 09:45:43.341206071,99882,200,99861,200,99884,141,99797,197,99918,297,99750,197,99919,197,99728,100,99948,100,99691,100,99957,100,99648,100,100015,100,99477,100,100016,100,99297,100,100032,100,99162,100,100034,100,99147,100
2019-06-28 09:45:50.000000000,99882,347,99861,247,99884,188,99797,247,99918,200,99750,100,99919,100,99728,100,99948,100,99691,100,99957,100,99648,100,100015,100,99477,100,100016,100,99297,100,100032,100,99162,100,100034,100,99147,100
2019-06-28 09:46:00.000000000,99882,347,99861,247,99884,188,99797,247,99918,200,99750,100,99919,100,99728,100,99948,100,99691,100,99957,100,99648,100,100015,100,99477,100,100016,100,99297,100,100032,100,99162,100,100034,100,99147,100
2019-06-28 09:46:01.211585036,99882,347,99861,147,99884,188,99797,247,99918,200,99750,100,99919,100,99728,100,99948,100,99691,100,99957,100,99648,100,100015,100,99477,100,100016,100,99297,100,100032,100,99162,100,100034,100,99147,100
2019-06-28 09:46:02.430492370,99882,347,99861,147,99884,188,99797,247,99918,200,99750,100,99919,100,99728,100,99948,100,99691,100,99957,100,99648,100,100015,100,99533,100,100016,100,99477,100,100032,100,99297,100,100034,100,99162,100
2019-06-28 09:46:10.000000000,99882,494,99797,394,99884,41,99750,100,99918,200,99728,100,99919,100,99691,100,99948,100,99648,100,99957,100,99533,100,100015,100,99477,100,100016,100,99297,100,100032,100,99162,100,100034,100,99147,100
2019-06-28 09:46:20.000000000,99882,300,99797,200,99884,138,99750,197,99918,297,99728,197,99919,100,99691,100,99948,100,99648,100,99957,100,99533,100,100015,100,99477,100,100016,100,99297,100,100032,100,99162,100,100034,100,99147,100
2019-06-28 09:46:20.558133748,99882,300,99797,200,99884,138,99759,100,99918,297,99750,197,99919,100,99728,197,99948,100,99691,100,99957,100,99648,100,100015,100,99533,100,100016,100,99477,100,100032,100,99297,100,100034,100,99162,100
2019-06-28 09:46:30.000000000,99882,347,99797,247,99884,188,99759,247,99918,200,99750,100,99919,100,99728,100,99948,100,99691,100,99957,100,99648,100,100015,100,99533,100,100016,100,99477,100,100032,100,99297,100,100034,100,99162,100
2019-06-28 09:46:40.000000000,99882,494,99797,394,99884,41,99759,100,99918,200,99750,100,99919,100,99728,100,99948,100,99691,100,99957,100,99648,100,100015,100,99533,100,100016,100,99477,100,100032,100,99297,100,100034,100,99162,100
2019-06-28 09:46:50.000000000,99882,347,99797,247,99884,188,99759,247,99918,200,99750,100,99919,100,99728,100,99948,100,99691,100,99957,100,99648,100,100015,100,99533,100,100016,100,99477,100,100032,100,99297,100,100034,100,99162,100
2019-06-28 09:46:59.936056798,99882,247,99797,247,99884,188,99759,247,99918,200,99750,100,99919,100,99728,100,99948,100,99691,100,99957,100,99648,100,100015,100,99533,100,100016,100,99477,100,100032,100,99297,100,100034,100,99162,100
2019-06-28 09:47:00.000000000,99882,174,99797,174,99884,115,99759,174,99918,274,99750,174,99919,174,99728,174,99948,100,99691,100,99957,100,99648,100,100015,100,99533,100,100016,100,99477,100,100032,100,99297,100,100034,100,99162,100
2019-06-28 09:47:10.000000000,99882,394,99797,394,99884,41,99759,100,99918,200,99750,100,99919,100,99728,100,99948,100,99691,100,99957,100,99648,100,100015,100,99533,100,100016,100,99477,100,100032,100,99297,100,100034,100,99162,100
2019-06-28 09:47:20.000000000,99882,200,99797,200,99884,138,99759,197,99918,297,99750,197,99919,100,99728,100,99948,100,99691,100,99957,100,99648,100,100015,100,99533,100,100016,100,99477,100,100032,100,99297,100,100034,100,99162,100
2019-06-28 09:47:30.000000000,99882,394,99797,394,99884,41,99759,100,99918,200,99750,100,99919,100,99728,100,99948,100,99691,100,99957,100,99648,100,100015,100,99533,100,100016,100,99477,100,100032,100,99297,100,100034,100,99162,100
2019-06-28 09:47:40.000000000,99882,200,99797,200,99884,138,99759,197,99918,297,99750,197,99919,100,99728,100,99948,100,99691,100,99957,100,99648,100,100015,100,99533,100,100016,100,99477,100,100032,100,99297,100,100034,100,99162,100
2019-06-28 09:47:50.000000000,99882,200,99797,200,99884,138,99759,197,99918,297,99750,197,99919,100,99728,100,99948,100,99691,100,99957,100,99648,100,100015,100,99533,100,100016,100,99477,100,100032,100,99297,100,100034,100,99162,100
2019-06-28 09:47:56.715080626,99882,100,99797,200,99884,138,99759,197,99918,297,99750,197,99919,100,99728,100,99948,100,99691,100,99957,100,99648,100,100015,100,99533,100,100016,100,99477,100,100032,100,99297,100,100034,100,99162,100
2019-06-28 09:48:00.000000000,99884,115,99797,174,99918,274,99759,174,99919,174,99750,174,99948,174,99728,174,99957,100,99691,100,100015,100,99648,100,100016,100,99533,100,100032,100,99477,100,100034,100,99297,100,100038,100,99162,100
2019-06-28 09:48:03.941482721,99884,115,99797,174,99918,274,99759,174,99919,174,99750,174,99948,174,99728,174,99957,100,99691,100,100015,100,99648,100,100016,100,99533,100,100032,100,99477,100,100034,100,99297,100,100038,100,99162,100
2019-06-28 09:48:10.000000000,99884,188,99797,247,99918,347,99759,247,99919,100,99750,100,99948,100,99728,100,99957,100,99691,100,100015,100,99648,100,100016,100,99533,100,100032,100,99477,100,100034,100,99297,100,100038,100,99162,100
2019-06-28 09:48:20.000000000,99884,188,99797,247,99918,347,99759,247,99919,100,99750,100,99948,100,99728,100,99957,100,99691,100,100015,100,99648,100,100016,100,99533,100,100032,100,99477,100,100034,100,99297,100,100038,100,99162,100
2019-06-28 09:48:30.000000000,99884,115,99797,174,99918,274,99759,174,99919,174,99750,174,99948,174,99728,174,99957,100,99691,100,100015,100,99648,100,100016,100,99533,100,100032,100,99477,100,100034,100,99297,100,100038,100,99162,100
2019-06-28 09:48:40.000000000,99884,115,99797,174,99918,274,99759,174,99919,174,99750,174,99948,174,99728,174,99957,100,99691,100,100015,100,99648,100,100016,100,99533,100,100032,100,99477,100,100034,100,99297,100,100038,100,99162,100
2019-06-28 09:48:42.558709610,99884,115,99797,174,99918,274,99759,174,99919,174,99750,174,99948,174,99728,174,99957,100,99691,100,100015,100,99648,100,100016,100,99533,100,100032,100,99477,100,100034,100,99297,100,100038,100,99162,100
2019-06-28 09:48:50.000000000,99884,141,99797,200,99918,297,99759,197,99919,197,99750,197,99948,100,99728,100,99957,100,99691,100,100015,100,99648,100,100016,100,99533,100,100032,100,99477,100,100034,100,99297,100,100038,100,99162,100
2019-06-28 09:48:54.164039272,99884,141,99797,200,99918,297,99759,197,99919,197,99750,197,99948,100,99728,100,99957,100,99691,100,100015,100,99648,100,100016,100,99533,100,100032,100,99477,100,100034,100,99297,100,100038,100,99162,100
2019-06-28 09:49:00.000000000,99884,100,99797,159,99918,259,99759,159,99919,159,99750,159,99948,159,99728,159,99957,159,99691,159,100015,100,99648,100,100016,100,99533,100,100032,100,99477,100,100034,100,99297,100,100038,100,99162,100
2019-06-28 09:49:10.000000000,99884,188,99797,247,99918,347,99759,247,99919,100,99750,100,99948,100,99728,100,99957,100,99691,100,100015,100,99648,100,100016,100,99533,100,100032,100,99477,100,100034,100,99297,100,100038,100,99162,100
2019-06-28 09:49:20.000000000,99884,188,99797,247,99918,347,99759,247,99919,100,99750,100,99948,100,99728,100,99957,100,99691,100,100015,100,99648,100,100016,100,99533,100,100032,100,99477,100,100034,100,99297,100,100038,100,99162,100
2019-06-28 09:49:30.000000000,99884,100,99797,159,99918,259,99759,159,99919,159,99750,159,99948,159,99728,159,99957,159,99691,159,100015,100,99648,100,100016,100,99533,100,100032,100,99477,100,100034,100,99297,100,100038,100,99162,100
2019-06-28 09:49:35.061234950,99884,100,99797,159,99918,259,99759,159,99919,159,99750,159,99948,159,99728,159,99957,159,99691,159,100015,100,99648,100,100016,100,99533,100,100032,100,99477,100,100034,100,99162,100,100038,100,99147,100
2019-06-28 09:49:38.689055842,99884,100,99797,159,99918,259,99759,159,99919,159,99750,159,99948,159,99728,159,99957,159,99691,159,100015,100,99648,100,100016,100,99533,100,100032,100,99477,100,100034,100,99162,100,100038,100,99147,100
2019-06-28 09:49:40.000000000,99884,100,99797,159,99918,259,99759,159,99919,159,99750,159,99948,159,99728,159,99957,159,99691,159,100015,100,99648,100,100016,100,99533,100,100032,100,99477,100,100034,100,99162,100,100038,100,99147,100
2019-06-28 09:49:45.160025145,99918,259,99797,159,99919,159,99759,159,99948,159,99750,159,99957,159,99728,159,100015,100,99691,159,100016,100,99648,100,100032,100,99533,100,100034,100,99477,100,100038,100,99162,100,100058,100,99062,100
2019-06-28 09:49:50.000000000,99918,274,99797,174,99919,174,99759,174,99948,174,99750,174,99957,174,99728,174,100015,100,99691,100,100016,100,99648,100,100032,100,99533,100,100034,100,99477,100,100038,100,99162,100,100058,100,99062,100
2019-06-28 09:49:59.670709675,99918,274,99797,174,99919,74,99759,174,99948,174,99750,174,99957,174,99728,174,100015,100,99691,100,100016,100,99648,100,100032,100,99533,100,100034,100,99477,100,100038,100,99162,100,100058,100,99062,100
2019-06-28 09:50:00.000000000,99918,347,99797,247,99948,247,99759,247,99957,100,99750,100,100015,100,99728,100,100016,100,99691,100,100032,100,99648,100,100034,100,99533,100,100038,100,99477,100,100058,100,99162,100,100061,100,99062,100
2019-06-28 09:50:00.596738512,99918,347,99797,247,99948,247,99759,247,99957,100,99750,100,100015,100,99728,100,100016,100,99691,100,100032,100,99648,100,100034,100,99533,100,100038,100,99477,100,100058,100,99162,100,100061,100,99006,100
2019-06-28 09:50:01.437211937,99918,347,99882,100,99948,247,99797,247,99957,100,99759,247,100015,100,99750,100,100016,100,99728,100,100032,100,99691,100,100034,100,99648,100,100038,100,99533,100,100058,100,99477,100,100061,100,99162,100
2019-06-28 09:50:10.000000000,99918,300,99882,200,99948,197,99797,197,99957,197,99759,197,100015,100,99750,100,100016,100,99728,100,100032,100,99691,100,100034,100,99648,100,100038,100,99533,100,100058,100,99477,100,100061,100,99162,100
2019-06-28 09:50:20.000000000,99918,300,99882,200,99948,197,99797,197,99957,197,99759,197,100015,100,99750,100,100016,100,99728,100,100032,100,99691,100,100034,100,99648,100,100038,100,99533,100,100058,100,99477,100,100061,100,99162,100
2019-06-28 09:50:30.000000000,99918,347,99882,247,99948,247,99797,247,99957,100,99759,100,100015,100,99750,100,100016,100,99728,100,100032,100,99691,100,100034,100,99648,100,100038,100,99533,100,100058,100,99477,100,100061,100,99162,100
2019-06-28 09:50:30.816154648,99918,347,99882,247,99948,247,99797,247,99957,100,99759,100,99998,100,99750,100,100015,100,99728,100,100016,100,99691,100,100032,100,99648,100,100034,100,99533,100,100038,100,99477,100,100061,100,99162,100
2019-06-28 09:50:33.092446226,99918,347,99882,247,99948,247,99797,247,99957,100,99759,100,99998,100,99750,100,100015,100,99728,100,100032,100,99691,100,100034,100,99648,100,100038,100,99533,100,100061,100,99477,100,100065,100,99162,100
2019-06-28 09:50:39.928546704,99918,347,99882,247,99948,247,99797,247,99957,100,99759,100,99998,100,99750,100,100015,100,99691,100,100032,100,99648,100,100034,100,99533,100,100038,100,99477,100,100061,100,99162,100,100065,100,99006,100
2019-06-28 09:50:40.000000000,99918,274,99882,174,99948,174,99797,174,99957,174,99759,174,99998,174,99750,174,100015,100,99691,100,100032,100,99648,100,100034,100,99533,100,100038,100,99477,100,100061,100,99162,100,100065,100,99006,100
2019-06-28 09:50:50.000000000,99918,494,99882,394,99948,100,99797,100,99957,100,99759,100,99998,100,99750,100,100015,100,99691,100,100032,100,99648,100,100034,100,99533,100,100038,100,99477,100,100061,100,99162,100,100065,100,99006,100
2019-06-28 09:50:51.845899665,99918,494,99882,394,99948,100,99797,100,99957,100,99759,100,99998,100,99750,100,100015,100,99691,100,100032,100,99648,100,100034,100,99533,100,100038,100,99477,100,100061,100,99162,100,100065,100,99006,100
2019-06-28 09:51:00.000000000,99918,300,99882,200,99948,197,99797,197,99957,197,99759,197,99998,100,99750,100,100015,100,99691,100,100032,100,99648,100,100034,100,99533,100,100038,100,99477,100,100061,100,99162,100,100065,100,99006,100
2019-06-28 09:51:10.000000000,99918,259,99882,159,99948,159,99797,159,99957,159,99759,159,99998,159,99750,159,100015,159,99691,159,100032,100,99648,100,100034,100,99533,100,100038,100,99477,100,100061,100,99162,100,100065,100,99006,100
2019-06-28 09:51:17.673094956,99918,259,99882,259,99948,159,99797,159,99957,159,99759,159,99998,159,99750,159,100015,159,99691,159,100032,100,99648,100,100034,100,99533,100,100038,100,99477,100,100061,100,99162,100,100065,100,99006,100
2019-06-28 09:51:20.000000000,99918,347,99882,347,99948,247,99797,247,99957,100,99759,100,99998,100,99750,100,100015,100,99691,100,100032,100,99648,100,100034,100,99533,100,100038,100,99477,100,100061,100,99162,100,100065,100,99006,100
2019-06-28 09:51:30.000000000,99918,274,99882,274,99948,174,99797,174,99957,174,99759,174,99998,174,99750,174,100015,100,99691,100,100032,100,99648,100,100034,100,99533,100,100038,100,99477,100,100061,100,99162,100,100065,100,99006,100
2019-06-28 09:51:40.000000000,99918,274,99882,274,99948,174,99797,174,99957,174,99759,174,99998,174,99750,174,100015,100,99691,100,100032,100,99648,100,100034,100,99533,100,100038,100,99477,100,100061,100,99162,100,100065,100,99006,100
2019-06-28 09:51:44.053848091,99918,274,99882,174,99948,174,99797,174,99957,174,99759,174,99998,174,99750,174,100015,100,99691,100,100032,100,99648,100,100034,100,99533,100,100038,100,99477,100,100061,100,99162,100,100065,100,99006,100
2019-06-28 09:51:50.000000000,99918,259,99882,159,99948,159,99797,159,99957,159,99759,159,99998,159,99750,159,100015,159,99691,159,100032,100,99648,100,100034,100,99533,100,100038,100,99477,100,100061,100,99162,100,100065,100,99006,100
2019-06-28 09:51:56.193799099,99918,259,99882,159,99948,159,99797,159,99957,159,99759,159,99998,159,99750,159,100015,159,99691,159,100032,100,99648,100,100034,100,99608,100,100038,100,99533,100,100061,100,99477,100,100065,100,99162,100
2019-06-28 09:51:58.238374554,99918,259,99882,159,99948,159,99797,159,99957,159,99759,159,99998,159,99750,159,100015,159,99691,159,100032,100,99648,100,100034,100,99614,100,100038,100,99608,100,100061,100,99533,100,100065,100,99477,100
2019-06-28 09:52:00.000000000,99918,347,99882,247,99948,247,99797,247,99957,100,99759,100,99998,100,99750,100,100015,100,99691,100,100032,100,99648,100,100034,100,99614,100,100038,100,99608,100,100061,100,99533,100,100065,100,99477,100
2019-06-28 09:52:10.000000000,99918,300,99882,200,99948,197,99797,197,99957,197,99759,197,99998,100,99750,100,100015,100,99691,100,100032,100,99648,100,100034,100,99614,100,100038,100,99608,100,100061,100,99533,100,100065,100,99477,100
2019-06-28 09:52:20.000000000,99918,494,99882,394,99948,100,99797,100,99957,100,99759,100,99998,100,99750,100,100015,100,99691,100,100032,100,99648,100,100034,100,99614,100,100038,100,99608,100,100061,100,99533,100,100065,100,99477,100
2019-06-28 09:52:30.000000000,99918,259,99882,159,99948,159,99797,159,99957,159,99759,159,99998,159,99750,159,100015,159,99691,159,100032,100,99648,100,100034,100,99614,100,100038,100,99608,100,100061,100,99533,100,100065,100,99477,100
2019-06-28 09:52:38.574210910,99918,259,99882,59,99948,159,99797,159,99957,159,99759,159,99998,159,99750,159,100015,159,99691,159,100032,100,99648,100,100034,100,99614,100,100061,100,99608,100,100065,100,99533,100,100066,100,99477,100
2019-06-28 09:52:40.000000000,99918,347,99797,247,99948,247,99759,247,99957,100,99750,100,99998,100,99691,100,100015,100,99648,100,100032,100,99614,100,100034,100,99608,100,100061,100,99533,100,100065,100,99477,100,100066,100,99162,100
2019-06-28 09:52:50.000000000,99918,347,99797,247,99948,247,99759,247,99957,100,99750,100,99998,100,99691,100,100015,100,99648,100,100032,100,99614,100,100034,100,99608,100,100061,100,99533,100,100065,100,99477,100,100066,100,99162,100
2019-06-28 09:52:50.296186494,99918,347,99797,247,99948,247,99759,247,99957,100,99750,100,99985,100,99691,100,99998,100,99648,100,100015,100,99614,100,100032,100,99608,100,100034,100,99533,100,100061,100,99477,100,100065,100,99162,100
2019-06-28 09:53:00.000000000,99918,259,99797,159,99948,159,99759,159,99957,159,99750,159,99985,159,99691,159,99998,159,99648,159,100015,100,99614,100,100032,100,99608,100,100034,100,99533,100,100061,100,99477,100,100065,100,99162,100
2019-06-28 09:53:10.000000000,99918,347,99797,247,99948,247,99759,247,99957,100,99750,100,99985,100,99691,100,99998,100,99648,100,100015,100,99614,100,100032,100,99608,100,100034,100,99533,100,100061,100,99477,100,100065,100,99162,100
2019-06-28 09:53:20.000000000,99918,347,99797,247,99948,247,99759,247,99957,100,99750,100,99985,100,99691,100,99998,100,99648,100,100015,100,99614,100,100032,100,99608,100,100034,100,99533,100,100061,100,99477,100,100065,100,99162,100
2019-06-28 09:53:20.935106562,99918,347,99797,247,99948,247,99759,247,99957,100,99750,100,99985,100,99715,100,99998,100,99691,100,100015,100,99648,100,100032,100,99614,100,100034,100,99608,100,100061,100,99533,100,100065,100,99477,100
2019-06-28 09:53:21.088029271,99918,347,99797,247,99948,247,99759,247,99957,100,99750,100,99985,100,99715,100,99998,100,99691,100,100015,100,99648,100,100032,100,99614,100,100034,100,99608,100,100061,100,99533,100,100065,100,99477,100
2019-06-28 09:53:25.839103420,99882,100,99797,247,99918,247,99759,247,99948,247,99750,100,99957,100,99715,100,99985,100,99691,100,99998,100,99648,100,100015,100,99614,100,100032,100,99608,100,100034,100,99533,100,100061,100,99477,100
2019-06-28 09:53:27.448212512,99882,100,99797,247,99918,247,99759,247,99948,247,99750,100,99985,100,99715,100,99998,100,99691,100,100015,100,99648,100,100032,100,99614,100,100034,100,99608,100,100061,100,99533,100,100065,100,99477,100
2019-06-28 09:53:30.000000000,99882,200,99797,200,99918,197,99759,197,99948,197,99750,197,99985,100,99715,100,99998,100,99691,100,100015,100,99648,100,100032,100,99614,100,100034,100,99608,100,100061,100,99533,100,100065,100,99477,100
2019-06-28 09:53:40.000000000,99882,247,99797,247,99918,247,99759,247,99948,100,99750,100,99985,100,99715,100,99998,100,99691,100,100015,100,99648,100,100032,100,99614,100,100034,100,99608,100,100061,100,99533,100,100065,100,99477,100
2019-06-28 09:53:50.000000000,99882,247,99797,247,99918,247,99759,247,99948,100,99750,100,99985,100,99715,100,99998,100,99691,100,100015,100,99648,100,100032,100,99614,100,100034,100,99608,100,100061,100,99533,100,100065,100,99477,100
2019-06-28 09:54:00.000000000,99882,394,99797,394,99918,100,99759,100,99948,100,99750,100,99985,100,99715,100,99998,100,99691,100,100015,100,99648,100,100032,100,99614,100,100034,100,99608,100,100061,100,99533,100,100065,100,99477,100
2019-06-28 09:54:10.000000000,99882,159,99797,159,99918,159,99759,159,99948,159,99750,159,99985,159,99715,159,99998,159,99691,159,100015,100,99648,100,100032,100,99614,100,100034,100,99608,100,100061,100,99533,100,100065,100,99477,100
2019-06-28 09:54:20.000000000,99882,174,99797,174,99918,174,99759,174,99948,174,99750,174,99985,174,99715,174,99998,100,99691,100,100015,100,99648,100,100032,100,99614,100,100034,100,99608,100,100061,100,99533,100,100065,100,99477,100
2019-06-28 09:54:30.000000000,99882,200,99797,200,99918,197,99759,197,99948,197,99750,197,99985,100,99715,100,99998,100,99691,100,100015,100,99648,100,100032,100,99614,100,100034,100,99608,100,100061,100,99533,100,100065,100,99477,100
2019-06-28 09:54:40.000000000,99882,159,99797,159,99918,159,99759,159,99948,159,99750,159,99985,159,99715,159,99998,159,99691,159,100015,100,99648,100,100032,100,99614,100,100034,100,99608,100,100061,100,99533,100,100065,100,99477,100
2019-06-28 09:54:41.041298850,99882,159,99797,59,99918,159,99759,159,99948,159,99750,159,99985,159,99715,159,99998,159,99691,159,100015,100,99648,100,100032,100,99614,100,100034,100,99608,100,100061,100,99533,100,100065,100,99477,100
2019-06-28 09:54:50.000000000,99882,159,99759,159,99918,159,99750,159,99948,159,99715,159,99985,159,99691,159,99998,159,99648,159,100015,100,99614,100,100032,100,99608,100,100034,100,99533,100,100061,100,99477,100,100065,100,99162,100
2019-06-28 09:54:55.135730594,99882,159,99759,59,99918,159,99750,159,99948,159,99715,59,99985,159,99691,159,99998,159,99648,159,100015,100,99614,100,100032,100,99608,100,100034,100,99533,100,100061,100,99477,100,100065,100,99162,100
2019-06-28 09:55:00.000000000,99882,159,99750,159,99918,159,99691,159,99948,159,99648,159,99985,159,99614,159,99998,159,99608,159,100015,100,99533,100,100032,100,99477,100,100034,100,99162,100,100061,100,99156,100,100065,100,99006,100
2019-06-28 09:55:03.763973990,99882,159,99782,100,99918,159,99750,159,99948,159,99691,159,99985,159,99648,159,99998,159,99614,159,100015,100,99608,159,100032,100,99533,100,100034,100,99477,100,100061,100,99162,100,100065,100,99156,100
2019-06-28 09:55:10.000000000,99882,159,99782,159,99918,159,99750,159,99948,159,99691,159,99985,159,99648,159,99998,159,99614,159,100015,100,99608,100,100032,100,99533,100,100034,100,99477,100,100061,100,99162,100,100065,100,99156,100
2019-06-28 09:55:13.323841334,99797,100,99782,159,99882,159,99750,159,99918,159,99691,159,99948,159,99648,159,99985,159,99614,159,99998,159,99608,100,100032,100,99533,100,100034,100,99477,100,100061,100,99162,100,100065,100,99156,100
2019-06-28 09:55:16.306537263,99797,100,99782,159,99882,159,99750,159,99918,159,99691,159,99948,159,99648,159,99985,159,99614,159,99998,159,99608,100,100032,100,99533,100,100034,100,99477,100,100061,100,99395,100,100065,100,99162,100
2019-06-28 09:55:20.000000000,99797,394,99782,394,99882,100,99750,100,99918,100,99691,100,99948,100,99648,100,99985,100,99614,100,99998,100,99608,100,100032,100,99533,100,100034,100,99477,100,100061,100,99395,100,100065,100,99162,100
2019-06-28 09:55:20.300417802,99797,394,99782,394,99882,100,99750,100,99918,100,99691,100,99948,100,99648,100,99985,100,99614,100,99998,100,99608,100,100032,100,99533,100,100034,100,99477,100,100061,100,99467,100,100065,100,99395,100
2019-06-28 09:55:30.000000000,99797,247,99782,247,99882,247,99750,247,99918,100,99691,100,99948,100,99648,100,99985,100,99614,100,99998,100,99608,100,100032,100,99533,100,100034,100,99477,100,100061,100,99467,100,100065,100,99395,100
2019-06-28 09:55:40.000000000,99797,159,99782,159,99882,159,99750,159,99918,159,99691,159,99948,159,99648,159,99985,159,99614,159,99998,100,99608,100,100032,100,99533,100,100034,100,99477,100,100061,100,99467,100,100065,100,99395,100
2019-06-28 09:55:50.000000000,99797,247,99782,247,99882,247,99750,247,99918,100,99691,100,99948,100,99648,100,99985,100,99614,100,99998,100,99608,100,100032,100,99533,100,100034,100,99477,100,100061,100,99467,100,100065,100,99395,100
2019-06-28 09:56:00.000000000,99797,247,99782,247,99882,247,99750,247,99918,100,99691,100,99948,100,99648,100,99985,100,99614,100,99998,100,99608,100,100032,100,99533,100,100034,100,99477,100,100061,100,99467,100,100065,100,99395,100
2019-06-28 09:56:10.000000000,99797,200,99782,200,99882,197,99750,197,99918,197,99691,197,99948,100,99648,100,99985,100,99614,100,99998,100,99608,100,100032,100,99533,100,100034,100,99477,100,100061,100,99467,100,100065,100,99395,100
2019-06-28 09:56:13.413598168,99797,200,99782,200,99882,197,99750,197,99918,197,99749,100,99948,100,99691,197,99985,100,99648,100,99998,100,99614,100,100032,100,99608,100,100034,100,99533,100,100061,100,99477,100,100065,100,99467,100
2019-06-28 09:56:20.000000000,99797,394,99782,394,99882,100,99750,100,99918,100,99749,100,99948,100,99691,100,99985,100,99648,100,99998,100,99614,100,100032,100,99608,100,100034,100,99533,100,100061,100,99477,100,100065,100,99467,100
2019-06-28 09:56:30.000000000,99797,174,99782,174,99882,174,99750,174,99918,174,99749,174,99948,174,99691,174,99985,100,99648,100,99998,100,99614,100,100032,100,99608,100,100034,100,99533,100,100061,100,99477,100,100065,100,99467,100
2019-06-28 09:56:37.831620458,99797,174,99782,74,99882,174,99750,174,99918,174,99749,74,99948,174,99691,174,99985,100,99648,100,99998,100,99614,100,100032,100,99608,100,100034,100,99533,100,100061,100,99477,100,100065,100,99467,100
2019-06-28 09:56:40.000000000,99797,247,99750,247,99882,247,99691,247,99918,100,99648,100,99948,100,99614,100,99985,100,99608,100,99998,100,99533,100,100032,100,99477,100,100034,100,99467,100,100061,100,99395,100,100065,100,99162,100
2019-06-28 09:56:50.000000000,99797,394,99750,394,99882,100,99691,100,99918,100,99648,100,99948,100,99614,100,99985,100,99608,100,99998,100,99533,100,100032,100,99477,100,100034,100,99467,100,100061,100,99395,100,100065,100,99162,100
2019-06-28 09:57:00.000000000,99797,174,99750,174,99882,174,99691,174,99918,174,99648,174,99948,174,99614,174,99985,100,99608,100,99998,100,99533,100,100032,100,99477,100,100034,100,99467,100,100061,100,99395,100,100065,100,99162,100
2019-06-28 09:57:02.268898701,99797,174,99783,100,99882,174,99750,174,99918,174,99691,174,99948,174,99648,174,99985,100,99614,174,99998,100,99608,100,100032,100,99533,100,100034,100,99477,100,100061,100,99467,100,100065,100,99395,100
2019-06-28 09:57:07.154004482,99797,74,99783,100,99882,174,99750,174,99918,174,99691,174,99948,174,99648,174,99985,100,99614,174,99998,100,99608,100,100032,100,99533,100,100034,100,99477,100,100061,100,99467,100,100065,100,99395,100
2019-06-28 09:57:07.652411999,99797,74,99783,100,99882,174,99750,174,99918,174,99717,100,99948,174,99691,174,99985,100,99648,174,99998,100,99614,174,100032,100,99608,100,100034,100,99533,100,100061,100,99477,100,100065,100,99467,100
2019-06-28 09:57:10.000000000,99882,247,99783,247,99918,247,99750,247,99948,100,99717,100,99985,100,99691,100,99998,100,99648,100,100032,100,99614,100,100034,100,99608,100,100061,100,99533,100,100065,100,99477,100,100066,100,99467,100
2019-06-28 09:57:14.564486237,99882,247,99783,247,99895,100,99750,247,99918,247,99717,100,99948,100,99691,100,99985,100,99648,100,99998,100,99614,100,100032,100,99608,100,100034,100,99477,100,100061,100,99467,100,100065,100,99395,100
2019-06-28 09:57:20.000000000,99882,200,99783,200,99895,197,99750,197,99918,197,99717,197,99948,100,99691,100,99985,100,99648,100,99998,100,99614,100,100032,100,99608,100,100034,100,99477,100,100061,100,99467,100,100065,100,99395,100
2019-06-28 09:57:20.916264343,99789,100,99783,200,99882,200,99750,197,99895,197,99717,197,99918,197,99691,100,99948,100,99648,100,99985,100,99614,100,99998,100,99608,100,100032,100,99477,100,100034,100,99467,100,100061,100,99395,100
2019-06-28 09:57:30.000000000,99789,174,99783,174,99882,174,99750,174,99895,174,99717,174,99918,174,99691,174,99948,100,99648,100,99985,100,99614,100,99998,100,99608,100,100032,100,99477,100,100034,100,99467,100,100061,100,99395,100
2019-06-28 09:57:34.912639280,99789,174,99783,174,99835,100,99750,174,99882,174,99717,174,99895,174,99691,174,99918,174,99648,100,99948,100,99614,100,99985,100,99608,100,99998,100,99477,100,100032,100,99467,100,100034,100,99395,100
2019-06-28 09:57:40.000000000,99789,159,99783,159,99835,159,99750,159,99882,159,99717,159,99895,159,99691,159,99918,159,99648,159,99948,100,99614,100,99985,100,99608,100,99998,100,99477,100,100032,100,99467,100,100034,100,99395,100
2019-06-28 09:57:50.000000000,99789,159,99783,159,99835,159,99750,159,99882,159,99717,159,99895,159,99691,159,99918,159,99648,159,99948,100,99614,100,99985,100,99608,100,99998,100,99477,100,100032,100,99467,100,100034,100,99395,100
2019-06-28 09:57:57.438979048,99789,159,99784,100,99835,159,99783,159,99882,159,99750,159,99895,159,99717,159,99918,159,99691,159,99948,100,99648,159,99985,100,99614,100,99998,100,99608,100,100032,100,99477,100,100034,100,99467,100
2019-06-28 09:58:00.000000000,99789,247,99784,247,99835,247,99783,247,99882,100,99750,100,99895,100,99717,100,99918,100,99691,100,99948,100,99648,100,99985,100,99614,100,99998,100,99608,100,100032,100,99477,100,100034,100,99467,100
2019-06-28 09:58:01.739668569,99789,247,99784,247,99796,100,99783,247,99835,247,99750,100,99882,100,99717,100,99895,100,99691,100,99948,100,99648,100,99985,100,99614,100,99998,100,99608,100,100032,100,99477,100,100034,100,99467,100
2019-06-28 09:58:10.000000000,99789,174,99784,174,99796,174,99783,174,99835,174,99750,174,99882,174,99717,174,99895,100,99691,100,99948,100,99648,100,99985,100,99614,100,99998,100,99608,100,100032,100,99477,100,100034,100,99467,100
2019-06-28 09:58:20.000000000,99789,174,99784,174,99796,174,99783,174,99835,174,99750,174,99882,174,99717,174,99895,100,99691,100,99948,100,99648,100,99985,100,99614,100,99998,100,99608,100,100032,100,99477,100,100034,100,99467,100
2019-06-28 09:58:23.696093317,99789,174,99784,74,99796,174,99783,174,99835,174,99750,174,99882,174,99717,174,99895,100,99691,100,99948,100,99648,100,99985,100,99614,100,99998,100,99608,100,100032,100,99477,100,100034,100,99467,100
2019-06-28 09:58:30.000000000,99789,247,99783,247,99796,247,99750,247,99835,100,99717,100,99882,100,99691,100,99895,100,99648,100,99948,100,99614,100,99985,100,99608,100,99998,100,99477,100,100032,100,99467,100,100034,100,99395,100
2019-06-28 09:58:40.000000000,99789,394,99783,394,99796,100,99750,100,99835,100,99717,100,99882,100,99691,100,99895,100,99648,100,99948,100,99614,100,99985,100,99608,100,99998,100,99477,100,100032,100,99467,100,100034,100,99395,100
2019-06-28 09:58:41.319576246,99789,394,99783,294,99796,100,99750,100,99835,100,99717,100,99882,100,99691,100,99948,100,99648,100,99985,100,99614,100,99998,100,99608,100,100032,100,99477,100,100034,100,99467,100,100061,100,99395,100
2019-06-28 09:58:44.163353766,99789,394,99783,294,99796,100,99750,100,99835,100,99717,100,99882,100,99691,100,99948,100,99648,100,99985,100,99614,100,99998,100,99608,100,100032,100,99477,100,100034,100,99467,100,100061,100,99395,100
2019-06-28 09:58:50.000000000,99789,247,99750,247,99796,247,99717,247,99835,100,99691,100,99882,100,99648,100,99948,100,99614,100,99985,100,99608,100,99998,100,99477,100,100032,100,99467,100,100034,100,99395,100,100061,100,99351,100
2019-06-28 09:58:55.728751979,99789,247,99750,247,99796,247,99717,247,99835,100,99691,100,99882,100,99648,100,99948,100,99614,100,99985,100,99608,100,99998,100,99583,100,100032,100,99477,100,100034,100,99467,100,100061,100,99395,100
2019-06-28 09:58:57.354240008,99789,247,99750,247,99796,247,99717,247,99835,100,99709,100,99882,100,99691,100,99948,100,99648,100,99985,100,99614,100,99998,100,99608,100,100032,100,99583,100,100034,100,99467,100,100061,100,99395,100
2019-06-28 09:59:00.000000000,99789,200,99750,200,99796,197,99717,197,99835,197,99709,197,99882,100,99691,100,99948,100,99648,100,99985,100,99614,100,99998,100,99608,100,100032,100,99583,100,100034,100,99467,100,100061,100,99395,100
2019-06-28 09:59:10.000000000,99789,174,99750,174,99796,174,99717,174,99835,174,99709,174,99882,174,99691,174,99948,100,99648,100,99985,100,99614,100,99998,100,99608,100,100032,100,99583,100,100034,100,99467,100,100061,100,99395,100
2019-06-28 09:59:20.000000000,99789,159,99750,159,99796,159,99717,159,99835,159,99709,159,99882,159,99691,159,99948,159,99648,159,99985,100,99614,100,99998,100,99608,100,100032,100,99583,100,100034,100,99467,100,100061,100,99395,100
2019-06-28 09:59:30.000000000,99789,159,99750,159,99796,159,99717,159,99835,159,99709,159,99882,159,99691,159,99948,159,99648,159,99985,100,99614,100,99998,100,99608,100,100032,100,99583,100,100034,100,99467,100,100061,100,99395,100
2019-06-28 09:59:40.000000000,99789,394,99750,394,99796,100,99717,100,99835,100,99709,100,99882,100,99691,100,99948,100,99648,100,99985,100,99614,100,99998,100,99608,100,100032,100,99583,100,100034,100,99467,100,100061,100,99395,100
2019-06-28 09:59:50.000000000,99789,159,99750,159,99796,159,99717,159,99835,159,99709,159,99882,159,99691,159,99948,159,99648,159,99985,100,99614,100,99998,100,99608,100,100032,100,99583,100,100034,100,99467,100,100061,100,99395,100
2019-06-28 09:59:57.810469135,99789,159,99750,59,99796,159,99717,159,99835,159,99709,159,99882,159,99691,159,99948,159,99648,159,99985,100,99614,100,99998,100,99608,100,100032,100,99583,100,100034,100,99467,100,100061,100,99395,100
2019-06-28 10:00:00.000000000,99789,394,99717,394,99796,100,99709,100,99835,100,99691,100,99882,100,99648,100,99948,100,99614,100,99985,100,99608,100,99998,100,99583,100,100032,100,99467,100,100034,100,99395,100,100061,100,99351,100
2019-06-28 10:00:07.105806604,99789,394,99717,394,99796,100,99709,100,99835,100,99691,100,99882,100,99648,100,99948,100,99614,100,99985,100,99608,100,99998,100,99583,100,100032,100,99467,100,100034,100,99395,100,100061,100,99351,100
2019-06-28 10:00:10.000000000,99789,247,99717,247,99796,247,99709,247,99835,100,99691,100,99882,100,99648,100,99948,100,99614,100,99985,100,99608,100,99998,100,99583,100,100032,100,99467,100,100034,100,99395,100,100061,100,99351,100
2019-06-28 10:00:20.000000000,99789,159,99717,159,99796,159,99709,159,99835,159,99691,159,99882,159,99648,159,99948,159,99614,159,99985,100,99608,100,99998,100,99583,100,100032,100,99467,100,100034,100,99395,100,100061,100,99351,100
2019-06-28 10:00:23.310607425,99789,159,99717,59,99796,159,99709,159,99835,159,99691,159,99882,159,99648,159,99948,159,99614,159,99998,100,99608,100,100032,100,99583,100,100034,100,99467,100,100061,100,99395,100,100065,100,99351,100
2019-06-28 10:00:30.000000000,99789,159,99709,159,99796,159,99691,159,99835,159,99648,159,99882,159,99614,159,99948,159,99608,159,99998,100,99583,100,100032,100,99467,100,100034,100,99395,100,100061,100,99351,100,100065,100,99162,100
2019-06-28 10:00:40.000000000,99789,247,99709,247,99796,247,99691,247,99835,100,99648,100,99882,100,99614,100,99948,100,99608,100,99998,100,99583,100,100032,100,99467,100,100034,100,99395,100,100061,100,99351,100,100065,100,99162,100
2019-06-28 10:00:50.000000000,99789,159,99709,159,99796,159,99691,159,99835,159,99648,159,99882,159,99614,159,99948,159,99608,159,99998,100,99583,100,100032,100,99467,100,100034,100,99395,100,100061,100,99351,100,100065,100,99162,100
2019-06-28 10:00:54.122665723,99789,159,99709,159,99796,159,99691,159,99835,159,99648,159,99882,159,99614,159,99948,159,99608,159,99998,100,99583,100,100032,100,99467,100,100034,100,99395,100,100061,100,99351,100,100065,100,99162,100
2019-06-28 10:01:00.000000000,99789,394,99709,394,99796,100,99691,100,99835,100,99648,100,99882,100,99614,100,99948,100,99608,100,99998,100,99583,100,100032,100,99467,100,100034,100,99395,100,100061,100,99351,100,100065,100,99162,100
2019-06-28 10:01:07.142183221,99750,100,99709,394,99789,394,99691,100,99796,100,99648,100,99835,100,99614,100,99882,100,99608,100,99948,100,99583,100,99998,100,99467,100,100032,100,99395,100,100034,100,99351,100,100061,100,99162,100
2019-06-28 10:01:08.508923624,99750,100,99709,394,99789,394,99691,100,99796,100,99648,100,99835,100,99614,100,99882,100,99608,100,99948,100,99583,100,99998,100,99467,100,100032,100,99395,100,100034,100,99351,100,100061,100,99162,100
2019-06-28 10:01:10.000000000,99750,394,99709,394,99789,100,99691,100,99796,100,99648,100,99835,100,99614,100,99882,100,99608,100,99948,100,99583,100,99998,100,99467,100,100032,100,99395,100,100034,100,99351,100,100061,100,99162,100
2019-06-28 10:01:20.000000000,99750,247,99709,247,99789,247,99691,247,99796,100,99648,100,99835,100,99614,100,99882,100,99608,100,99948,100,99583,100,99998,100,99467,100,100032,100,99395,100,100034,100,99351,100,100061,100,99162,100
2019-06-28 10:01:30.000000000,99750,247,99709,247,99789,247,99691,247,99796,100,99648,100,99835,100,99614,100,99882,100,99608,100,99948,100,99583,100,99998,100,99467,100,100032,100,99395,100,100034,100,99351,100,100061,100,99162,100
2019-06-28 10:01:40.000000000,99750,247,99709,247,99789,247,99691,247,99796,100,99648,100,99835,100,99614,100,99882,100,99608,100,99948,100,99583,100,99998,100,99467,100,100032,100,99395,100,100034,100,99351,100,100061,100,99162,100
2019-06-28 10:01:43.275184021,99750,247,99709,247,99789,247,99691,147,99796,100,99648,100,99835,100,99614,100,99882,100,99608,100,99948,100,99583,100,99998,100,99467,100,100032,100,99395,100,100034,100,99351,100,100061,100,99162,100
2019-06-28 10:01:50.000000000,99750,247,99709,247,99789,247,99648,247,99796,100,99614,100,99835,100,99608,100,99882,100,99583,100,99948,100,99467,100,99998,100,99395,100,100032,100,99351,100,100034,100,99162,100,100061,100,99006,100
2019-06-28 10:01:54.453821847,99750,247,99709,247,99789,247,99648,247,99796,100,99614,100,99835,100,99608,100,99882,100,99583,100,99948,100,99467,100,99998,100,99395,100,100032,100,99351,100,100034,100,99162,100,100061,100,99148,100
2019-06-28 10:01:58.706122858,99750,347,99709,247,99789,247,99648,247,99796,100,99614,100,99835,100,99608,100,99882,100,99583,100,99948,100,99467,100,99998,100,99395,100,100032,100,99351,100,100034,100,99162,100,100061,100,99148,100
2019-06-28 10:02:00.000000000,99750,494,99709,394,99789,100,99648,100,99796,100,99614,100,99835,100,99608,100,99882,100,99583,100,99948,100,99467,100,99998,100,99395,100,100032,100,99351,100,100034,100,99162,100,100061,100,99148,100
2019-06-28 10:02:00.716244029,99750,594,99709,394,99789,100,99648,100,99796,100,99614,100,99835,100,99608,100,99882,100,99583,100,99948,100,99467,100,99998,100,99395,100,100032,100,99351,100,100034,100,99162,100,100061,100,99148,100
2019-06-28 10:02:08.450244360,99750,594,99709,294,99789,100,99648,100,99796,100,99614,100,99835,100,99608,100,99882,100,99467,100,99948,100,99395,100,99998,100,99351,100,100032,100,99162,100,100034,100,99148,100,100061,100,99006,100
2019-06-28 10:02:10.000000000,99750,447,99648,247,99789,247,99614,247,99796,100,99608,100,99835,100,99467,100,99882,100,99395,100,99948,100,99351,100,99998,100,99162,100,100032,100,99148,100,100034,100,99006,100,100061,100,98999,100
2019-06-28 10:02:15.416260162,99750,447,99648,247,99789,247,99614,247,99796,100,99608,100,99835,100,99467,100,99882,100,99395,100,99948,100,99351,100,99998,100,99162,100,100032,100,99148,100,100034,100,99006,100,100061,100,98999,100
2019-06-28 10:02:20.000000000,99750,374,99648,174,99789,174,99614,174,99796,174,99608,174,99835,174,99467,174,99882,100,99395,100,99948,100,99351,100,99998,100,99162,100,100032,100,99148,100,100034,100,99006,100,100061,100,98999,100
2019-06-28 10:02:27.565667546,99750,374,99648,74,99789,174,99614,174,99796,174,99608,174,99835,174,99467,174,99882,100,99395,100,99948,100,99351,100,99998,100,99162,100,100032,100,99148,100,100034,100,99006,100,100061,100,98951,100
2019-06-28 10:02:30.000000000,99750,594,99614,394,99789,100,99608,100,99796,100,99467,100,99835,100,99395,100,99882,100,99351,100,99948,100,99162,100,99998,100,99148,100,100032,100,99006,100,100034,100,98951,100,100061,100,98880,100
2019-06-28 10:02:40.000000000,99750,359,99614,159,99789,159,99608,159,99796,159,99467,159,99835,159,99395,159,99882,159,99351,159,99948,100,99162,100,99998,100,99148,100,100032,100,99006,100,100034,100,98951,100,100061,100,98880,100
2019-06-28 10:02:50.000000000,99750,359,99614,159,99789,159,99608,159,99796,159,99467,159,99835,159,99395,159,99882,159,99351,159,99948,100,99162,100,99998,100,99148,100,100032,100,99006,100,100034,100,98951,100,100061,100,98880,100
2019-06-28 10:03:00.000000000,99750,374,99614,174,99789,174,99608,174,99796,174,99467,174,99835,174,99395,174,99882,100,99351,100,99948,100,99162,100,99998,100,99148,100,100032,100,99006,100,100034,100,98951,100,100061,100,98880,100
2019-06-28 10:03:07.745851821,99750,374,99614,174,99789,174,99608,174,99796,174,99467,174,99835,174,99395,174,99882,100,99351,100,99940,100,99162,100,99948,100,99148,100,99998,100,99006,100,100032,100,98951,100,100034,100,98880,100
2019-06-28 10:03:10.000000000,99750,447,99614,247,99789,247,99608,247,99796,100,99467,100,99835,100,99395,100,99882,100,99351,100,99940,100,99162,100,99948,100,99148,100,99998,100,99006,100,100032,100,98951,100,100034,100,98880,100
2019-06-28 10:03:10.941652140,99750,447,99614,247,99763,100,99608,247,99789,247,99467,100,99796,100,99395,100,99835,100,99351,100,99882,100,99162,100,99940,100,99148,100,99948,100,99006,100,99998,100,98951,100,100032,100,98880,100
2019-06-28 10:03:13.320160840,99709,100,99614,247,99750,447,99608,247,99763,100,99467,100,99789,247,99395,100,99796,100,99351,100,99835,100,99162,100,99882,100,99148,100,99940,100,99006,100,99948,100,98951,100,99998,100,98880,100
2019-06-28 10:03:16.628932074,99709,100,99614,247,99750,447,99608,247,99763,100,99559,100,99789,247,99467,100,99796,100,99395,100,99835,100,99351,100,99882,100,99162,100,99948,100,99148,100,99998,100,99006,100,100032,100,98951,100
2019-06-28 10:03:20.000000000,99709,247,99614,247,99750,447,99608,247,99763,100,99559,100,99789,100,99467,100,99796,100,99395,100,99835,100,99351,100,99882,100,99162,100,99948,100,99148,100,99998,100,99006,100,100032,100,98951,100
2019-06-28 10:03:30.000000000,99709,159,99614,159,99750,359,99608,159,99763,159,99559,159,99789,159,99467,159,99796,159,99395,159,99835,100,99351,100,99882,100,99162,100,99948,100,99148,100,99998,100,99006,100,100032,100,98951,100
2019-06-28 10:03:40.000000000,99709,200,99614,200,99750,397,99608,197,99763,197,99559,197,99789,100,99467,100,99796,100,99395,100,99835,100,99351,100,99882,100,99162,100,99948,100,99148,100,99998,100,99006,100,100032,100,98951,100
2019-06-28 10:03:50.000000000,99709,247,99614,247,99750,447,99608,247,99763,100,99559,100,99789,100,99467,100,99796,100,99395,100,99835,100,99351,100,99882,100,99162,100,99948,100,99148,100,99998,100,99006,100,100032,100,98951,100
2019-06-28 10:04:00.000000000,99709,174,99614,174,99750,374,99608,174,99763,174,99559,174,99789,174,99467,174,99796,100,99395,100,99835,100,99351,100,99882,100,99162,100,99948,100,99148,100,99998,100,99006,100,100032,100,98951,100
2019-06-28 10:04:10.000000000,99709,247,99614,247,99750,447,99608,247,99763,100,99559,100,99789,100,99467,100,99796,100,99395,100,99835,100,99351,100,99882,100,99162,100,99948,100,99148,100,99998,100,99006,100,100032,100,98951,100
2019-06-28 10:04:16.476911794,99709,247,99614,247,99750,447,99608,247,99763,100,99559,100,99789,100,99467,100,99796,100,99395,100,99835,100,99351,100,99882,100,99162,100,99948,100,99148,100,99998,100,99006,100,100032,100,98951,100
2019-06-28 10:04:16.497649076,99709,147,99614,247,99750,447,99608,247,99763,100,99559,100,99789,100,99467,100,99796,100,99395,100,99835,100,99351,100,99882,100,99162,100,99948,100,99148,100,99998,100,99006,100,100032,100,98951,100
2019-06-28 10:04:20.000000000,99750,594,99614,394,99763,100,99608,100,99789,100,99559,100,99796,100,99467,100,99835,100,99395,100,99882,100,99351,100,99948,100,99162,100,99998,100,99148,100,100032,100,99006,100,100034,100,98951,100
2019-06-28 10:04:30.000000000,99750,594,99614,394,99763,100,99608,100,99789,100,99559,100,99796,100,99467,100,99835,100,99395,100,99882,100,99351,100,99948,100,99162,100,99998,100,99148,100,100032,100,99006,100,100034,100,98951,100
2019-06-28 10:04:38.996716575,99750,594,99614,394,99763,100,99608,100,99789,100,99559,100,99796,100,99467,100,99835,100,99395,100,99882,100,99351,100,99948,100,99162,100,99998,100,99148,100,100032,100,99006,100,100034,100,98951,100
2019-06-28 10:04:40.000000000,99750,594,99614,394,99763,100,99608,100,99789,100,99559,100,99796,100,99467,100,99835,100,99395,100,99882,100,99351,100,99948,100,99162,100,99998,100,99148,100,100032,100,99006,100,100034,100,98951,100
2019-06-28 10:04:46.948656803,99750,594,99614,394,99763,100,99608,100,99789,100,99559,100,99835,100,99467,100,99882,100,99395,100,99948,100,99351,100,99998,100,99162,100,100032,100,99148,100,100034,100,99006,100,100061,100,98951,100
2019-06-28 10:04:48.357987891,99750,494,99614,394,99763,100,99608,100,99789,100,99559,100,99835,100,99467,100,99882,100,99395,100,99948,100,99351,100,99998,100,99162,100,100032,100,99148,100,100034,100,99006,100,100061,100,98951,100
2019-06-28 10:04:50.000000000,99750,300,99614,200,99763,197,99608,197,99789,197,99559,197,99835,100,99467,100,99882,100,99395,100,99948,100,99351,100,99998,100,99162,100,100032,100,99148,100,100034,100,99006,100,100061,100,98951,100
2019-06-28 10:04:59.465450169,99750,300,99614,200,99763,197,99608,197,99789,197,99559,197,99835,100,99467,100,99882,100,99395,100,99948,100,99351,100,99998,100,99162,100,100032,100,99148,100,100034,100,99006,100,100061,100,98951,100
2019-06-28 10:04:59.942188231,99750,300,99649,100,99763,197,99614,200,99789,197,99608,197,99835,100,99559,197,99882,100,99467,100,99998,100,99395,100,100032,100,99351,100,100034,100,99162,100,100061,100,99148,100,100065,100,99006,100
2019-06-28 10:05:00.000000000,99750,494,99649,394,99763,100,99614,100,99789,100,99608,100,99835,100,99559,100,99882,100,99467,100,99998,100,99395,100,100032,100,99351,100,100034,100,99162,100,100061,100,99148,100,100065,100,99006,100
2019-06-28 10:05:10.000000000,99750,347,99649,247,99763,247,99614,247,99789,100,99608,100,99835,100,99559,100,99882,100,99467,100,99998,100,99395,100,100032,100,99351,100,100034,100,99162,100,100061,100,99148,100,100065,100,99006,100
2019-06-28 10:05:20.000000000,99750,274,99649,174,99763,174,99614,174,99789,174,99608,174,99835,174,99559,174,99882,100,99467,100,99998,100,99395,100,100032,100,99351,100,100034,100,99162,100,100061,100,99148,100,100065,100,99006,100
2019-06-28 10:05:30.000000000,99750,494,99649,394,99763,100,99614,100,99789,100,99608,100,99835,100,99559,100,99882,100,99467,100,99998,100,99395,100,100032,100,99351,100,100034,100,99162,100,100061,100,99148,100,100065,100,99006,100
2019-06-28 10:05:37.162521149,99750,494,99649,394,99763,100,99614,100,99789,100,99608,100,99835,100,99559,100,99882,100,99467,100,99998,100,99395,100,100032,100,99351,100,100034,100,99162,100,100061,100,99148,100,100065,100,99006,100
2019-06-28 10:05:40.000000000,99750,274,99649,174,99763,174,99614,174,99789,174,99608,174,99835,174,99559,174,99882,100,99467,100,99998,100,99395,100,100032,100,99351,100,100034,100,99162,100,100061,100,99148,100,100065,100,99006,100
2019-06-28 10:05:50.000000000,99750,494,99649,394,99763,100,99614,100,99789,100,99608,100,99835,100,99559,100,99882,100,99467,100,99998,100,99395,100,100032,100,99351,100,100034,100,99162,100,100061,100,99148,100,100065,100,99006,100
2019-06-28 10:06:00.000000000,99750,259,99649,159,99763,159,99614,159,99789,159,99608,159,99835,159,99559,159,99882,159,99467,159,99998,100,99395,100,100032,100,99351,100,100034,100,99162,100,100061,100,99148,100,100065,100,99006,100
2019-06-28 10:06:05.550806502,99750,259,99649,159,99763,159,99614,159,99789,159,99608,159,99835,159,99559,159,99882,159,99467,159,99998,100,99395,100,100032,100,99351,100,100034,100,99162,100,100061,100,99148,100,100065,100,99006,100
2019-06-28 10:06:06.935737675,99750,259,99649,259,99763,159,99614,159,99789,159,99608,159,99835,159,99559,159,99882,159,99467,159,99998,100,99395,100,100032,100,99351,100,100034,100,99162,100,100061,100,99148,100,100065,100,99006,100
2019-06-28 10:06:10.000000000,99750,274,99649,274,99763,174,99614,174,99789,174,99608,174,99835,174,99559,174,99882,100,99467,100,99998,100,99395,100,100032,100,99351,100,100034,100,99162,100,100061,100,99148,100,100065,100,99006,100
2019-06-28 10:06:20.000000000,99750,347,99649,347,99763,247,99614,247,99789,100,99608,100,99835,100,99559,100,99882,100,99467,100,99998,100,99395,100,100032,100,99351,100,100034,100,99162,100,100061,100,99148,100,100065,100,99006,100
2019-06-28 10:06:30.000000000,99750,494,99649,494,99763,100,99614,100,99789,100,99608,100,99835,100,99559,100,99882,100,99467,100,99998,100,99395,100,100032,100,99351,100,100034,100,99162,100,100061,100,99148,100,100065,100,99006,100
2019-06-28 10:06:40.000000000,99750,494,99649,494,99763,100,99614,100,99789,100,99608,100,99835,100,99559,100,99882,100,99467,100,99998,100,99395,100,100032,100,99351,100,100034,100,99162,100,100061,100,99148,100,100065,100,99006,100
2019-06-28 10:06:50.000000000,99750,259,99649,259,99763,159,99614,159,99789,159,99608,159,99835,159,99559,159,99882,159,99467,159,99998,100,99395,100,100032,100,99351,100,100034,100,99162,100,100061,100,99148,100,100065,100,99006,100
2019-06-28 10:07:00.000000000,99750,300,99649,300,99763,197,99614,197,99789,197,99608,197,99835,100,99559,100,99882,100,99467,100,99998,100,99395,100,100032,100,99351,100,100034,100,99162,100,100061,100,99148,100,100065,100,99006,100
2019-06-28 10:07:10.000000000,99750,347,99649,347,99763,247,99614,247,99789,100,99608,100,99835,100,99559,100,99882,100,99467,100,99998,100,99395,100,100032,100,99351,100,100034,100,99162,100,100061,100,99148,100,100065,100,99006,100
2019-06-28 10:07:20.000000000,99750,300,99649,300,99763,197,99614,197,99789,197,99608,197,99835,100,99559,100,99882,100,99467,100,99998,100,99395,100,100032,100,99351,100,100034,100,99162,100,100061,100,99148,100,100065,100,99006,100
2019-06-28 10:07:30.000000000,99750,259,99649,259,99763,159,99614,159,99789,159,99608,159,99835,159,99559,159,99882,159,99467,159,99998,100,99395,100,100032,100,99351,100,100034,100,99162,100,100061,100,99148,100,100065,100,99006,100
2019-06-28 10:07:33.374473383,99750,259,99649,259,99763,159,99614,159,99789,159,99608,159,99835,159,99559,159,99882,159,99467,159,99925,100,99395,100,99998,100,99351,100,100032,100,99162,100,100034,100,99148,100,100061,100,99006,100
2019-06-28 10:07:40.000000000,99750,347,99649,347,99763,247,99614,247,99789,100,99608,100,99835,100,99559,100,99882,100,99467,100,99925,100,99395,100,99998,100,99351,100,100032,100,99162,100,100034,100,99148,100,100061,100,99006,100
2019-06-28 10:07:50.000000000,99750,494,99649,494,99763,100,99614,100,99789,100,99608,100,99835,100,99559,100,99882,100,99467,100,99925,100,99395,100,99998,100,99351,100,100032,100,99162,100,100034,100,99148,100,100061,100,99006,100
2019-06-28 10:08:00.000000000,99750,259,99649,259,99763,159,99614,159,99789,159,99608,159,99835,159,99559,159,99882,159,99467,159,99925,100,99395,100,99998,100,99351,100,100032,100,99162,100,100034,100,99148,100,100061,100,99006,100
2019-06-28 10:08:06.965595024,99750,259,99649,159,99763,59,99614,159,99789,159,99608,159,99835,159,99559,159,99882,159,99467,159,99925,100,99395,100,99998,100,99351,100,100032,100,99162,100,100034,100,99148,100,100061,100,99006,100
2019-06-28 10:08:10.000000000,99750,494,99649,394,99789,100,99614,100,99835,100,99608,100,99882,100,99559,100,99925,100,99467,100,99998,100,99395,100,100032,100,99351,100,100034,100,99162,100,100061,100,99148,100,100065,100,99006,100
2019-06-28 10:08:16.650851813,99750,494,99649,394,99789,100,99614,100,99835,100,99608,100,99882,100,99559,100,99925,100,99474,100,99998,100,99467,100,100032,100,99395,100,100034,100,99351,100,100061,100,99162,100,100065,100,99148,100
2019-06-28 10:08:20.000000000,99750,300,99649,200,99789,197,99614,197,99835,197,99608,197,99882,100,99559,100,99925,100,99474,100,99998,100,99467,100,100032,100,99395,100,100034,100,99351,100,100061,100,99162,100,100065,100,99148,100
2019-06-28 10:08:30.000000000,99750,494,99649,394,99789,100,99614,100,99835,100,99608,100,99882,100,99559,100,99925,100,99474,100,99998,100,99467,100,100032,100,99395,100,100034,100,99351,100,100061,100,99162,100,100065,100,99148,100
2019-06-28 10:08:37.614008650,99750,494,99649,294,99789,100,99614,100,99835,100,99608,100,99882,100,99559,100,99925,100,99474,100,99998,100,99467,100,100032,100,99395,100,100034,100,99351,100,100061,100,99148,100,100065,100,99006,100
2019-06-28 10:08:40.000000000,99750,274,99614,174,99789,174,99608,174,99835,174,99559,174,99882,174,99474,174,99925,100,99467,100,99998,100,99395,100,100032,100,99351,100,100034,100,99148,100,100061,100,99006,100,100065,100,98880,100
2019-06-28 10:08:42.541896826,99690,100,99614,174,99750,274,99608,174,99789,174,99559,174,99835,174,99474,174,99882,174,99467,100,99925,100,99395,100,99998,100,99351,100,100032,100,99148,100,100034,100,99006,100,100061,100,98853,100
2019-06-28 10:08:50.000000000,99690,394,99614,394,99750,200,99608,100,99789,100,99559,100,99835,100,99474,100,99882,100,99467,100,99925,100,99395,100,99998,100,99351,100,100032,100,99148,100,100034,100,99006,100,100061,100,98853,100
2019-06-28 10:09:00.000000000,99690,159,99614,159,99750,259,99608,159,99789,159,99559,159,99835,159,99474,159,99882,159,99467,159,99925,100,99395,100,99998,100,99351,100,100032,100,99148,100,100034,100,99006,100,100061,100,98853,100
2019-06-28 10:09:04.244787117,99649,100,99614,159,99690,159,99608,159,99750,259,99559,159,99789,159,99474,159,99835,159,99467,159,99882,159,99395,100,99925,100,99351,100,99998,100,99148,100,100032,100,99006,100,100034,100,98853,100
2019-06-28 10:09:10.000000000,99649,247,99614,247,99690,247,99608,247,99750,200,99559,100,99789,100,99474,100,99835,100,99467,100,99882,100,99395,100,99925,100,99351,100,99998,100,99148,100,100032,100,99006,100,100034,100,98853,100
2019-06-28 10:09:20.000000000,99649,200,99614,200,99690,197,99608,197,99750,297,99559,197,99789,100,99474,100,99835,100,99467,100,99882,100,99395,100,99925,100,99351,100,99998,100,99148,100,100032,100,99006,100,100034,100,98853,100
2019-06-28 10:09:30.000000000,99649,174,99614,174,99690,174,99608,174,99750,274,99559,174,99789,174,99474,174,99835,100,99467,100,99882,100,99395,100,99925,100,99351,100,99998,100,99148,100,100032,100,99006,100,100034,100,98853,100
2019-06-28 10:09:36.516657174,99649,174,99614,174,99690,174,99608,174,99750,274,99559,174,99789,174,99474,174,99835,100,99467,100,99882,100,99395,100,99925,100,99351,100,99998,100,99188,100,100032,100,99148,100,100034,100,99006,100
2019-06-28 10:09:39.756416804,99649,174,99614,74,99690,174,99608,174,99750,274,99559,174,99789,174,99474,174,99835,100,99467,100,99882,100,99395,100,99925,100,99351,100,99998,100,99188,100,100032,100,99148,100,100034,100,99006,100
