,ask_price_1,ask_size_1,bid_price_1,bid_size_1,ask_price_2,ask_size_2,bid_price_2,bid_size_2,ask_price_3,ask_size_3,bid_price_3,bid_size_3,ask_price_4,ask_size_4,bid_price_4,bid_size_4,ask_price_5,ask_size_5,bid_price_5,bid_size_5,ask_price_6,ask_size_6,bid_price_6,bid_size_6,ask_price_7,ask_size_7,bid_price_7,bid_size_7,ask_price_8,ask_size_8,bid_price_8,bid_size_8,ask_price_9,ask_size_9,bid_price_9,bid_size_9,ask_price_10,ask_size_10,bid_price_10,bid_size_10
2019-06-28 09:30:00.000000000,,,99905,100,,,,,,,,,,,,,,,,,,,,,,,,,,,,,,,,,,,,
2019-06-28 09:30:00.000000002,99911,100,99905,100,,,,,,,,,,,,,,,,,,,,,,,,,,,,,,,,,,,,
2019-06-28 09:30:00.000000004,,,99905,100,,,,,,,,,,,,,,,,,,,,,,,,,,,,,,,,,,,,
2019-06-28 09:30:00.000000006,100133,100,99905,100,,,,,,,,,,,,,,,,,,,,,,,,,,,,,,,,,,,,
2019-06-28 09:30:00.000000007,100026,100,99997,100,100097,100,99905,100,100133,100,,,,,,,,,,,,,,,,,,,,,,,,,,,,,,
2019-06-28 09:30:00.000000008,100026,100,99997,100,100097,100,99918,100,100133,100,99905,100,,,,,,,,,,,,,,,,,,,,,,,,,,,,
2019-06-28 09:30:00.000000009,100026,100,99997,100,100097,100,99918,100,100133,100,99911,200,,,99905,100,,,,,,,,,,,,,,,,,,,,,,,,
2019-06-28 09:30:00.000000011,100026,100,99997,100,100097,100,99918,100,100133,100,99911,200,,,99905,100,,,99873,100,,,,,,,,,,,,,,,,,,,,
2019-06-28 09:30:00.000000012,100026,100,99997,100,100097,100,99918,100,100133,100,99911,300,,,99905,100,,,99873,100,,,,,,,,,,,,,,,,,,,,
2019-06-28 09:30:00.000000015,100026,100,99997,100,100097,100,99951,100,100133,100,99918,100,,,99911,300,,,99905,100,,,99873,100,,,,,,,,,,,,,,,,
2019-06-28 09:30:00.000000018,100026,100,99997,100,100097,100,99951,100,100133,100,99941,100,,,99918,100,,,99911,300,,,99905,100,,,99873,100,,,,,,,,,,,,
2019-06-28 09:30:00.000000021,100026,100,99997,100,100097,100,99985,100,100133,100,99951,100,,,99941,100,,,99918,100,,,99911,300,,,99905,100,,,99873,100,,,,,,,,
2019-06-28 09:30:00.000000023,100097,100,99985,100,100133,100,99951,100,,,99941,100,,,99918,100,,,99911,300,,,99905,100,,,99873,100,,,,,,,,,,,,
2019-06-28 09:30:00.000000025,100052,100,99985,100,100097,100,99951,100,100133,100,99941,100,,,99918,100,,,99911,300,,,99905,100,,,99873,100,,,,,,,,,,,,
2019-06-28 09:30:00.000000026,100052,100,99985,100,100097,100,99951,100,100133,100,99941,100,100170,100,99918,100,100232,100,99911,300,,,99905,100,,,99873,100,,,,,,,,,,,,
2019-06-28 09:30:00.000000027,100052,100,99985,100,100097,100,99951,100,100125,100,99941,100,100133,100,99918,100,100170,100,99911,300,100232,100,99905,100,,,99873,100,,,,,,,,,,,,
2019-06-28 09:30:00.000000029,100052,100,99985,100,100097,200,99978,100,100125,100,99951,100,100133,100,99941,100,100170,100,99918,100,100232,100,99911,300,,,99905,100,,,99873,100,,,,,,,,
2019-06-28 09:30:00.000000032,100052,100,99985,100,100072,100,99978,100,100097,200,99951,100,100125,100,99941,100,100133,100,99918,100,100170,100,99911,300,100232,100,99905,100,,,99873,100,,,,,,,,
2019-06-28 09:30:00.000000033,100052,100,99978,100,100072,100,99951,100,100097,200,99941,100,100125,100,99918,100,100133,100,99911,300,100170,100,99905,100,100232,100,99873,100,,,,,,,,,,,,
2019-06-28 09:30:00.000000034,100026,100,99978,100,100052,100,99951,100,100072,100,99941,100,100097,200,99918,100,100125,100,99911,300,100133,100,99905,100,100170,100,99873,100,100232,100,,,,,,,,,,
2019-06-28 09:30:00.000000036,100026,100,99978,100,100052,100,99951,100,100072,100,99950,100,100097,200,99941,100,100120,100,99918,100,100125,100,99911,300,100133,100,99905,100,100170,100,99873,100,100232,100,,,,,,
2019-06-28 09:30:00.000000037,100026,100,99951,100,100052,100,99950,100,100072,100,99941,100,100097,200,99918,100,100120,100,99911,300,100125,100,99905,100,100133,100,99873,100,100170,100,,,100232,100,,,,,,
2019-06-28 09:30:00.000000038,100026,100,99953,100,100052,100,99951,100,100072,100,99950,100,100097,200,99941,100,100112,100,99918,100,100120,100,99911,300,100125,100,99905,100,100133,100,99873,100,100170,100,,,100232,100,,
2019-06-28 09:30:00.000000045,100026,100,99960,100,100052,100,99953,100,100072,100,99951,100,100097,200,99950,100,100112,100,99941,100,100120,100,99918,100,100125,100,99911,300,100133,100,99905,100,100170,100,99873,100,100232,100,,
2019-06-28 09:30:00.000000049,100023,100,99960,100,100026,100,99953,100,100052,100,99951,100,100072,100,99950,100,100097,200,99941,100,100112,100,99918,100,100120,100,99911,300,100125,100,99905,100,100133,100,99873,100,100170,100,,
2019-06-28 09:30:00.000000051,100023,100,99960,100,100026,100,99953,100,100052,100,99951,100,100072,100,99950,100,100097,200,99941,100,100112,100,99918,100,100120,100,99911,300,100125,100,99905,100,100133,100,99873,100,100170,100,99863,100
2019-06-28 09:30:00.000000053,100023,100,99960,100,100026,100,99953,100,100052,100,99951,100,100072,100,99950,100,100097,200,99941,100,100112,100,99918,100,100120,100,99911,300,100125,100,99905,100,100133,100,99873,100,100135,100,99863,100
2019-06-28 09:30:00.000000054,100023,100,99960,100,100026,100,99953,100,100052,100,99951,100,100066,100,99950,100,100072,100,99941,100,100097,200,99918,100,100112,100,99911,300,100120,100,99905,100,100125,100,99873,100,100133,100,99863,100
2019-06-28 09:30:00.000000056,99985,100,99960,100,100023,100,99953,100,100026,100,99951,100,100052,100,99950,100,100066,100,99941,100,100072,100,99918,100,100097,200,99911,300,100112,100,99905,100,100120,100,99873,100,100125,100,99863,100
2019-06-28 09:30:00.000000057,99985,100,99978,100,99998,100,99960,100,100023,100,99953,100,100026,100,99951,100,100052,100,99950,100,100066,100,99941,100,100072,100,99918,100,100097,200,99911,300,100112,100,99905,100,100120,100,99887,100
2019-06-28 09:30:00.000000059,99985,100,99978,100,99998,100,99960,100,100023,100,99953,100,100026,100,99951,100,100052,100,99950,100,100066,100,99941,100,100072,100,99918,100,100097,200,99911,300,100112,100,99905,100,100120,100,99887,100
2019-06-28 09:30:00.000000060,99985,100,99978,100,99998,100,99960,100,100023,100,99953,100,100026,100,99951,100,100038,100,99950,100,100052,100,99941,100,100066,100,99918,100,100072,100,99911,300,100097,200,99905,100,100112,100,99887,100
2019-06-28 09:30:00.000000062,99985,100,99978,100,99998,100,99960,100,100023,100,99953,100,100026,100,99951,100,100038,100,99950,100,100052,100,99941,100,100066,100,99918,100,100072,100,99911,300,100097,200,99905,100,100112,100,99887,100
2019-06-28 09:30:00.000000063,99985,100,99978,200,99998,100,99960,100,100023,100,99953,100,100026,100,99951,100,100038,100,99950,100,100052,100,99941,100,100066,100,99918,100,100069,100,99911,300,100072,100,99905,100,100097,200,99887,100
2019-06-28 09:30:00.000000068,99998,100,99978,200,100023,100,99975,100,100026,100,99960,100,100038,100,99953,100,100052,100,99951,100,100066,100,99950,100,100069,100,99941,100,100072,100,99918,100,100097,200,99911,300,100112,100,99905,100
2019-06-28 09:30:00.000000070,99998,100,99978,100,100023,100,99975,100,100026,100,99960,100,100038,100,99953,100,100052,100,99951,100,100066,100,99950,100,100069,100,99941,100,100072,100,99918,100,100097,200,99911,300,100112,100,99905,100
2019-06-28 09:30:00.000000075,100023,100,99978,100,100026,100,99975,100,100038,100,99960,100,100052,100,99953,100,100066,100,99951,100,100069,100,99950,100,100072,100,99941,100,100097,200,99918,100,100112,100,99911,300,100120,100,99905,100
2019-06-28 09:30:00.000000077,100023,100,99983,100,100026,100,99978,100,100038,100,99975,100,100052,100,99960,100,100066,100,99953,100,100069,100,99951,100,100072,100,99950,100,100094,100,99941,100,100097,200,99918,100,100112,100,99911,300
2019-06-28 09:30:00.000000080,100023,100,99983,100,100026,100,99978,100,100038,100,99975,100,100052,100,99960,100,100066,200,99953,100,100069,100,99951,100,100072,100,99950,100,100094,100,99941,100,100097,200,99918,100,100112,100,99911,300
2019-06-28 09:30:00.000000081,99998,100,99983,100,100023,100,99978,100,100026,100,99975,100,100038,100,99960,100,100052,100,99953,100,100066,200,99951,100,100069,100,99950,100,100072,100,99941,100,100094,100,99918,100,100097,200,99911,300
2019-06-28 09:30:00.000000082,99998,100,99983,100,100023,100,99978,200,100026,100,99975,100,100038,100,99960,100,100052,100,99953,100,100066,200,99951,100,100069,100,99950,100,100072,100,99941,100,100094,100,99918,100,100097,200,99911,300
2019-06-28 09:30:00.000000084,99998,100,99983,100,100023,100,99978,300,100026,100,99975,100,100038,100,99960,100,100052,100,99953,100,100066,200,99951,100,100069,100,99950,100,100072,100,99941,100,100094,100,99918,100,100097,200,99911,300
2019-06-28 09:30:00.000000094,99998,100,99983,100,100023,100,99978,300,100026,100,99975,100,100038,100,99960,100,100052,100,99953,200,100066,200,99951,100,100069,100,99950,100,100072,100,99941,100,100094,100,99918,100,100097,200,99911,300
2019-06-28 09:30:00.000000095,99998,200,99983,100,100023,100,99978,300,100026,100,99975,100,100038,100,99960,100,100052,100,99953,200,100066,200,99951,100,100069,100,99950,100,100072,100,99941,100,100094,100,99918,100,100097,200,99911,300
2019-06-28 09:30:00.000000096,99998,300,99983,100,100023,100,99978,300,100026,100,99975,100,100038,100,99960,100,100052,100,99953,200,100066,200,99951,100,100069,100,99950,100,100072,100,99941,100,100092,100,99918,100,100094,100,99911,300
2019-06-28 09:30:10.000000000,99998,396,99983,196,100023,196,99978,396,100026,196,99975,196,100038,196,99960,196,100052,100,99953,200,100066,200,99951,100,100069,100,99950,100,100072,100,99941,100,100092,100,99918,100,100094,100,99911,300
2019-06-28 09:30:12.117722293,99998,396,99983,196,100023,196,99978,396,100026,196,99975,196,100038,196,99969,100,100052,100,99960,196,100066,200,99953,200,100069,100,99951,100,100072,100,99941,100,100092,100,99918,100,100094,100,99911,300
2019-06-28 09:30:20.000000000,99998,396,99983,196,100023,196,99978,396,100026,196,99975,196,100038,196,99969,196,100052,100,99960,100,100066,200,99953,200,100069,100,99951,100,100072,100,99941,100,100092,100,99918,100,100094,100,99911,300
2019-06-28 09:30:30.000000000,99998,396,99983,196,100023,196,99978,396,100026,196,99975,196,100038,196,99969,196,100052,100,99960,100,100066,200,99953,200,100069,100,99951,100,100072,100,99941,100,100092,100,99918,100,100094,100,99911,300
2019-06-28 09:30:40.000000000,99998,430,99983,230,100023,226,99978,426,100026,226,99975,226,100038,100,99969,100,100052,100,99960,100,100066,200,99953,200,100069,100,99951,100,100072,100,99941,100,100092,100,99918,100,100094,100,99911,300
2019-06-28 09:30:50.000000000,99998,683,99983,483,100023,100,99978,300,100026,100,99975,100,100038,100,99969,100,100052,100,99960,100,100066,200,99953,200,100069,100,99951,100,100072,100,99941,100,100092,100,99918,100,100094,100,99911,300
2019-06-28 09:31:00.000000000,99998,492,99983,292,100023,292,99978,492,100026,100,99975,100,100038,100,99969,100,100052,100,99960,100,100066,200,99953,200,100069,100,99951,100,100072,100,99941,100,100092,100,99918,100,100094,100,99911,300
2019-06-28 09:31:09.872071995,99998,492,99983,292,100023,292,99978,592,100026,100,99975,100,100038,100,99969,100,100052,100,99960,100,100066,200,99953,200,100069,100,99951,100,100072,100,99941,100,100092,100,99918,100,100094,100,99911,300
2019-06-28 09:31:10.000000000,99998,377,99983,177,100023,177,99978,477,100026,177,99975,177,100038,177,99969,177,100052,177,99960,177,100066,200,99953,200,100069,100,99951,100,100072,100,99941,100,100092,100,99918,100,100094,100,99911,300
2019-06-28 09:31:14.076292698,99998,277,99983,77,100023,177,99978,477,100026,177,99975,177,100038,177,99969,177,100052,177,99960,177,100066,200,99953,200,100069,100,99951,100,100072,100,99941,100,100092,100,99918,100,100094,100,99911,300
2019-06-28 09:31:20.000000000,99998,330,99978,530,100023,226,99975,226,100026,226,99969,226,100038,100,99960,100,100052,100,99953,200,100066,200,99951,100,100069,100,99941,100,100072,100,99918,100,100092,100,99911,300,100094,100,99905,100
2019-06-28 09:31:30.000000000,99998,330,99978,530,100023,226,99975,226,100026,226,99969,226,100038,100,99960,100,100052,100,99953,200,100066,200,99951,100,100069,100,99941,100,100072,100,99918,100,100092,100,99911,300,100094,100,99905,100
2019-06-28 09:31:36.899161734,99998,230,99978,530,100023,226,99975,226,100026,226,99969,226,100038,100,99960,100,100052,100,99953,200,100066,200,99951,100,100069,100,99941,100,100072,100,99918,100,100092,100,99911,300,100094,100,99905,100
2019-06-28 09:31:40.000000000,99998,230,99978,530,100023,226,99975,226,100026,226,99969,226,100038,100,99960,100,100052,100,99953,200,100066,200,99951,100,100069,100,99941,100,100072,100,99918,100,100092,100,99911,300,100094,100,99905,100
2019-06-28 09:31:45.954008392,99998,230,99978,530,100023,226,99975,226,100026,226,99969,226,100038,100,99960,100,100052,100,99953,200,100066,200,99951,100,100069,100,99941,100,100072,100,99918,100,100092,100,99911,300,100094,100,99905,100
2019-06-28 09:31:47.346187774,99998,130,99978,530,100023,226,99975,226,100026,226,99969,226,100038,100,99960,100,100052,100,99953,200,100066,200,99951,100,100069,100,99941,100,100072,100,99918,100,100092,100,99911,300,100094,100,99887,100
2019-06-28 09:31:50.000000000,100023,177,99978,477,100026,177,99975,177,100038,177,99969,177,100052,177,99960,177,100066,277,99953,277,100069,100,99951,100,100072,100,99941,100,100092,100,99918,100,100094,100,99911,300,100097,200,99887,100
2019-06-28 09:32:00.000000000,100023,483,99978,783,100026,100,99975,100,100038,100,99969,100,100052,100,99960,100,100066,200,99953,200,100069,100,99951,100,100072,100,99941,100,100092,100,99918,100,100094,100,99911,300,100097,200,99887,100
2019-06-28 09:32:02.533075113,100023,483,99978,783,100026,100,99975,100,100038,100,99969,100,100052,100,99960,100,100066,200,99953,200,100069,100,99951,100,100072,100,99941,100,100094,100,99918,100,100097,200,99911,300,100120,100,99887,100
2019-06-28 09:32:10.000000000,100023,483,99978,783,100026,100,99975,100,100038,100,99969,100,100052,100,99960,100,100066,200,99953,200,100069,100,99951,100,100072,100,99941,100,100094,100,99918,100,100097,200,99911,300,100120,100,99887,100
2019-06-28 09:32:20.000000000,100023,483,99978,783,100026,100,99975,100,100038,100,99969,100,100052,100,99960,100,100066,200,99953,200,100069,100,99951,100,100072,100,99941,100,100094,100,99918,100,100097,200,99911,300,100120,100,99887,100
2019-06-28 09:32:30.000000000,100023,196,99978,496,100026,196,99975,196,100038,196,99969,196,100052,196,99960,196,100066,200,99953,200,100069,100,99951,100,100072,100,99941,100,100094,100,99918,100,100097,200,99911,300,100120,100,99887,100
2019-06-28 09:32:40.000000000,100023,292,99978,592,100026,292,99975,292,100038,100,99969,100,100052,100,99960,100,100066,200,99953,200,100069,100,99951,100,100072,100,99941,100,100094,100,99918,100,100097,200,99911,300,100120,100,99887,100
2019-06-28 09:32:50.000000000,100023,177,99978,477,100026,177,99975,177,100038,177,99969,177,100052,177,99960,177,100066,277,99953,277,100069,100,99951,100,100072,100,99941,100,100094,100,99918,100,100097,200,99911,300,100120,100,99887,100
2019-06-28 09:32:53.334313691,100023,77,99978,477,100026,177,99975,177,100038,177,99969,77,100052,177,99960,177,100066,277,99953,277,100069,100,99951,100,100072,100,99941,100,100094,100,99918,100,100097,200,99911,300,100120,100,99887,100
2019-06-28 09:33:00.000000000,100026,230,99978,530,100038,226,99975,226,100052,226,99960,226,100066,200,99953,200,100069,100,99951,100,100072,100,99941,100,100094,100,99918,100,100097,200,99911,300,100120,100,99887,100,100124,100,99873,100
2019-06-28 09:33:10.000000000,100026,177,99978,477,100038,177,99975,177,100052,177,99960,177,100066,277,99953,277,100069,177,99951,177,100072,100,99941,100,100094,100,99918,100,100097,200,99911,300,100120,100,99887,100,100124,100,99873,100
2019-06-28 09:33:16.752888245,100026,177,99978,477,100038,177,99975,177,100052,177,99960,177,100066,277,99953,277,100069,177,99951,177,100072,100,99941,100,100094,100,99918,100,100097,200,99911,300,100120,100,99887,100,100124,100,99873,100
2019-06-28 09:33:18.763450711,100026,177,99978,477,100038,177,99975,177,100052,177,99960,177,100066,277,99953,277,100069,177,99951,177,100072,100,99941,100,100094,100,99918,100,100097,200,99911,300,100120,100,99887,100,100124,100,99873,100
2019-06-28 09:33:20.000000000,100026,177,99978,477,100038,177,99975,177,100052,177,99960,177,100066,277,99953,277,100069,177,99951,177,100072,100,99941,100,100094,100,99918,100,100097,200,99911,300,100120,100,99887,100,100124,100,99873,100
2019-06-28 09:33:30.000000000,100026,483,99978,783,100038,100,99975,100,100052,100,99960,100,100066,200,99953,200,100069,100,99951,100,100072,100,99941,100,100094,100,99918,100,100097,200,99911,300,100120,100,99887,100,100124,100,99873,100
2019-06-28 09:33:40.000000000,100026,292,99978,592,100038,292,99975,292,100052,100,99960,100,100066,200,99953,200,100069,100,99951,100,100072,100,99941,100,100094,100,99918,100,100097,200,99911,300,100120,100,99887,100,100124,100,99873,100
2019-06-28 09:33:50.000000000,100026,196,99978,496,100038,196,99975,196,100052,196,99960,196,100066,296,99953,296,100069,100,99951,100,100072,100,99941,100,100094,100,99918,100,100097,200,99911,300,100120,100,99887,100,100124,100,99873,100
2019-06-28 09:34:00.000000000,100026,196,99978,496,100038,196,99975,196,100052,196,99960,196,100066,296,99953,296,100069,100,99951,100,100072,100,99941,100,100094,100,99918,100,100097,200,99911,300,100120,100,99887,100,100124,100,99873,100
2019-06-28 09:34:10.000000000,100026,483,99978,783,100038,100,99975,100,100052,100,99960,100,100066,200,99953,200,100069,100,99951,100,100072,100,99941,100,100094,100,99918,100,100097,200,99911,300,100120,100,99887,100,100124,100,99873,100
2019-06-28 09:34:20.000000000,100026,483,99978,783,100038,100,99975,100,100052,100,99960,100,100066,200,99953,200,100069,100,99951,100,100072,100,99941,100,100094,100,99918,100,100097,200,99911,300,100120,100,99887,100,100124,100,99873,100
2019-06-28 09:34:30.000000000,100026,196,99978,496,100038,196,99975,196,100052,196,99960,196,100066,296,99953,296,100069,100,99951,100,100072,100,99941,100,100094,100,99918,100,100097,200,99911,300,100120,100,99887,100,100124,100,99873,100
2019-06-28 09:34:33.751007436,100026,196,99978,496,100038,196,99975,196,100052,196,99960,196,100066,296,99953,296,100069,100,99951,100,100072,100,99941,100,100094,100,99918,100,100097,200,99911,300,100120,100,99887,100,100124,100,99873,100
2019-06-28 09:34:36.412670914,100026,196,99978,496,100038,196,99975,196,100052,196,99960,196,100066,296,99953,296,100069,100,99951,100,100072,100,99941,100,100094,100,99918,100,100097,200,99911,200,100120,100,99887,100,100124,100,99873,100
2019-06-28 09:34:40.000000000,100026,292,99978,592,100038,292,99975,292,100052,100,99960,100,100066,200,99953,200,100069,100,99951,100,100072,100,99941,100,100094,100,99918,100,100097,200,99911,200,100120,100,99887,100,100124,100,99873,100
2019-06-28 09:34:45.698075220,100026,192,99978,592,100038,292,99975,292,100052,100,99960,100,100066,200,99953,200,100069,100,99951,100,100072,100,99941,100,100094,100,99918,100,100097,200,99911,200,100120,100,99887,100,100124,100,99873,100
2019-06-28 09:34:50.000000000,100038,292,99978,592,100052,292,99975,292,100066,200,99960,100,100069,100,99953,200,100072,100,99951,100,100094,100,99941,100,100097,200,99918,100,100120,100,99911,200,100124,100,99887,100,100125,100,99873,100
2019-06-28 09:35:00.000000000,100038,177,99978,477,100052,177,99975,177,100066,277,99960,177,100069,177,99953,277,100072,177,99951,177,100094,100,99941,100,100097,200,99918,100,100120,100,99911,200,100124,100,99887,100,100125,100,99873,100
2019-06-28 09:35:10.000000000,100038,196,99978,496,100052,196,99975,196,100066,296,99960,196,100069,196,99953,296,100072,100,99951,100,100094,100,99941,100,100097,200,99918,100,100120,100,99911,200,100124,100,99887,100,100125,100,99873,100
2019-06-28 09:35:18.533005992,100038,96,99978,496,100052,196,99975,196,100066,296,99960,196,100069,196,99953,296,100072,100,99951,100,100094,100,99941,100,100097,200,99918,100,100120,100,99911,200,100124,100,99887,100,100125,100,99863,100
2019-06-28 09:35:20.000000000,100052,196,99978,496,100066,296,99975,196,100069,196,99960,196,100072,196,99953,296,100094,100,99951,100,100097,200,99941,100,100120,100,99918,100,100124,100,99911,200,100125,100,99887,100,100135,100,99863,100
2019-06-28 09:35:26.653926912,100052,96,99978,496,100066,296,99975,196,100069,96,99960,196,100072,196,99953,296,100094,100,99951,100,100097,200,99941,100,100120,100,99918,100,100124,100,99911,200,100125,100,99887,100,100135,100,99863,100
2019-06-28 09:35:30.000000000,100066,296,99978,496,100072,196,99975,196,100094,196,99960,196,100097,296,99953,296,100120,100,99951,100,100124,100,99941,100,100125,100,99918,100,100135,100,99911,200,100137,100,99887,100,100170,100,99863,100
2019-06-28 09:35:40.000000000,100066,330,99978,530,100072,226,99975,226,100094,226,99960,226,100097,200,99953,200,100120,100,99951,100,100124,100,99941,100,100125,100,99918,100,100135,100,99911,200,100137,100,99887,100,100170,100,99863,100
2019-06-28 09:35:46.792568682,100066,330,99978,530,100072,226,99975,226,100094,226,99960,226,100097,200,99953,200,100120,100,99951,100,100124,100,99941,100,100125,100,99918,100,100135,100,99911,200,100137,100,99887,100,100170,100,99863,100
2019-06-28 09:35:49.223397137,100066,130,99978,530,100072,226,99975,226,100094,226,99960,226,100097,200,99953,200,100120,100,99951,100,100124,100,99941,100,100125,100,99918,100,100135,100,99911,200,100137,100,99887,100,100170,100,99863,100
2019-06-28 09:35:50.000000000,100072,196,99978,496,100094,196,99975,196,100097,296,99960,196,100120,196,99953,296,100124,100,99951,100,100125,100,99941,100,100135,100,99918,100,100137,100,99911,200,100170,100,99887,100,100175,100,99863,100
2019-06-28 09:35:57.143575760,100072,96,99978,496,100094,196,99975,196,100097,296,99960,196,100120,196,99953,296,100124,100,99951,100,100125,100,99941,100,100135,100,99911,200,100137,100,99887,100,100170,100,99863,100,100175,100,99843,100
2019-06-28 09:36:00.000000000,100094,196,99978,496,100097,296,99975,196,100120,196,99960,196,100124,196,99953,296,100125,100,99951,100,100135,100,99941,100,100137,100,99911,200,100170,100,99887,100,100175,100,99863,100,100232,100,99843,100
2019-06-28 09:36:10.000000000,100094,230,99978,530,100097,326,99975,226,100120,226,99960,226,100124,100,99953,200,100125,100,99951,100,100135,100,99941,100,100137,100,99911,200,100170,100,99887,100,100175,100,99863,100,100232,100,99843,100
2019-06-28 09:36:20.000000000,100094,230,99978,530,100097,326,99975,226,100120,226,99960,226,100124,100,99953,200,100125,100,99951,100,100135,100,99941,100,100137,100,99911,200,100170,100,99887,100,100175,100,99863,100,100232,100,99843,100
2019-06-28 09:36:30.000000000,100094,196,99978,496,100097,296,99975,196,100120,196,99960,196,100124,196,99953,296,100125,100,99951,100,100135,100,99941,100,100137,100,99911,200,100170,100,99887,100,100175,100,99863,100,100232,100,99843,100
2019-06-28 09:36:31.287476565,100094,96,99978,496,100097,296,99975,196,100120,196,99960,196,100124,196,99953,296,100125,100,99951,100,100135,100,99941,100,100137,100,99911,200,100170,100,99887,100,100175,100,99863,100,100232,100,99843,100
2019-06-28 09:36:39.606785155,100097,296,100094,4,100120,196,99978,496,100124,196,99975,196,100125,100,99960,96,100135,100,99953,296,100137,100,99951,100,100170,100,99941,100,100175,100,99911,200,100232,100,99887,100,100268,100,99863,100
2019-06-28 09:36:40.000000000,100097,392,100094,196,100120,292,99978,592,100124,100,99975,100,100125,100,99953,200,100135,100,99951,100,100137,100,99941,100,100170,100,99911,200,100175,100,99887,100,100232,100,99863,100,100268,100,99843,100
2019-06-28 09:36:50.000000000,100097,583,100094,387,100120,100,99978,400,100124,100,99975,100,100125,100,99953,200,100135,100,99951,100,100137,100,99941,100,100170,100,99911,200,100175,100,99887,100,100232,100,99863,100,100268,100,99843,100
2019-06-28 09:37:00.000000000,100097,277,100094,81,100120,177,99978,477,100124,177,99975,177,100125,177,99953,277,100135,177,99951,177,100137,100,99941,100,100170,100,99911,200,100175,100,99887,100,100232,100,99863,100,100268,100,99843,100
2019-06-28 09:37:02.314454911,100097,177,100094,81,100120,177,99978,477,100124,177,99975,177,100125,177,99953,277,100135,177,99951,177,100137,100,99941,100,100170,100,99911,200,100175,100,99887,100,100232,100,99843,100,100268,100,99818,100
2019-06-28 09:37:06.492487757,100097,77,100094,81,100120,177,99978,477,100124,177,99975,177,100125,177,99953,277,100135,177,99951,177,100170,100,99941,100,100175,100,99911,200,100232,100,99887,100,100268,100,99843,100,100384,100,99818,100
2019-06-28 09:37:08.964316133,100120,177,100097,23,100124,177,100094,81,100125,77,99978,477,100135,177,99975,177,100170,100,99953,277,100175,100,99951,177,100232,100,99941,100,100268,100,99911,200,100384,100,99887,100,100577,100,99843,100
2019-06-28 09:37:10.000000000,100120,230,100097,153,100124,226,100094,130,100135,226,99978,526,100170,100,99975,100,100175,100,99953,200,100232,100,99951,100,100268,100,99941,100,100384,100,99911,200,100577,100,99887,100,100587,100,99843,100
2019-06-28 09:37:20.000000000,100120,292,100097,215,100124,292,100094,196,100135,100,99978,400,100170,100,99975,100,100175,100,99953,200,100232,100,99951,100,100268,100,99941,100,100384,100,99911,200,100577,100,99887,100,100587,100,99843,100
2019-06-28 09:37:30.000000000,100120,196,100097,119,100124,196,100094,100,100135,196,99978,496,100170,196,99975,196,100175,100,99953,200,100232,100,99951,100,100268,100,99941,100,100384,100,99911,200,100577,100,99887,100,100587,100,99843,100
2019-06-28 09:37:33.385782084,100120,96,100097,119,100124,196,100094,100,100135,196,99978,496,100170,196,99975,196,100175,100,99953,200,100232,100,99951,100,100268,100,99941,100,100384,100,99911,200,100577,100,99887,100,100587,100,99843,100
2019-06-28 09:37:36.540489216,100120,96,100098,100,100124,196,100097,119,100135,196,100094,100,100170,196,99978,496,100175,100,99975,196,100232,100,99953,200,100268,100,99951,100,100384,100,99941,100,100577,100,99911,200,100587,100,99887,100
2019-06-28 09:37:40.000000000,100124,292,100098,292,100135,292,100097,215,100170,100,100094,4,100175,100,99978,400,100232,100,99975,100,100268,100,99953,200,100384,100,99951,100,100577,100,99941,100,100587,100,99911,200,100621,100,99887,100
2019-06-28 09:37:46.647431833,100124,292,100098,292,100135,292,100097,215,100170,100,100094,4,100175,100,99978,400,100232,100,99975,100,100268,100,99953,200,100384,100,99951,100,100577,100,99941,100,100587,100,99911,200,100614,100,99887,100
2019-06-28 09:37:50.000000000,100124,196,100098,196,100135,196,100097,119,100170,196,100094,100,100175,196,99978,496,100232,100,99975,100,100268,100,99953,200,100384,100,99951,100,100577,100,99941,100,100587,100,99911,200,100614,100,99887,100
2019-06-28 09:38:00.000000000,100124,483,100098,483,100135,100,100097,23,100170,100,100094,4,100175,100,99978,400,100232,100,99975,100,100268,100,99953,200,100384,100,99951,100,100577,100,99941,100,100587,100,99911,200,100614,100,99887,100
2019-06-28 09:38:07.732643786,100124,483,100098,583,100135,100,100097,23,100170,100,100094,4,100175,100,99978,400,100232,100,99975,100,100268,100,99953,200,100384,100,99951,100,100577,100,99941,100,100587,100,99911,200,100614,100,99887,100
2019-06-28 09:38:10.000000000,100124,230,100098,330,100135,226,100097,149,100170,226,100094,130,100175,100,99978,400,100232,100,99975,100,100268,100,99953,200,100384,100,99951,100,100577,100,99941,100,100587,100,99911,200,100614,100,99887,100
2019-06-28 09:38:20.000000000,100124,292,100098,392,100135,292,100097,215,100170,100,100094,4,100175,100,99978,400,100232,100,99975,100,100268,100,99953,200,100384,100,99951,100,100577,100,99941,100,100587,100,99911,200,100614,100,99887,100
2019-06-28 09:38:25.553031873,100124,292,100098,292,100135,292,100097,215,100170,100,100094,4,100175,100,99978,400,100232,100,99975,100,100268,100,99953,200,100384,100,99951,100,100577,100,99941,100,100587,100,99911,200,100614,100,99887,100
2019-06-28 09:38:30.000000000,100124,177,100098,177,100135,177,100097,100,100170,177,100094,81,100175,177,99978,477,100232,177,99975,177,100268,100,99953,200,100384,100,99951,100,100577,100,99941,100,100587,100,99911,200,100614,100,99887,100
2019-06-28 09:38:40.000000000,100124,483,100098,483,100135,100,100097,23,100170,100,100094,4,100175,100,99978,400,100232,100,99975,100,100268,100,99953,200,100384,100,99951,100,100577,100,99941,100,100587,100,99911,200,100614,100,99887,100
2019-06-28 09:38:50.000000000,100124,230,100098,230,100135,226,100097,149,100170,226,100094,130,100175,100,99978,400,100232,100,99975,100,100268,100,99953,200,100384,100,99951,100,100577,100,99941,100,100587,100,99911,200,100614,100,99887,100
2019-06-28 09:38:58.398074184,100124,230,100099,100,100135,226,100098,230,100170,226,100097,149,100175,100,100094,130,100232,100,99978,400,100268,100,99975,100,100384,100,99953,200,100577,100,99951,100,100587,100,99941,100,100614,100,99911,200
2019-06-28 09:39:00.000000000,100124,196,100099,196,100135,196,100098,196,100170,196,100097,119,100175,196,100094,100,100232,100,99978,400,100268,100,99975,100,100384,100,99953,200,100577,100,99951,100,100587,100,99941,100,100614,100,99911,200
2019-06-28 09:39:10.000000000,100124,483,100099,483,100135,100,100098,100,100170,100,100097,23,100175,100,100094,4,100232,100,99978,400,100268,100,99975,100,100384,100,99953,200,100577,100,99951,100,100587,100,99941,100,100614,100,99911,200
2019-06-28 09:39:20.000000000,100124,292,100099,292,100135,292,100098,292,100170,100,100097,23,100175,100,100094,4,100232,100,99978,400,100268,100,99975,100,100384,100,99953,200,100577,100,99951,100,100587,100,99941,100,100614,100,99911,200
2019-06-28 09:39:27.204244557,100124,292,100099,392,100135,292,100098,292,100170,100,100097,23,100175,100,100094,4,100232,100,99978,400,100268,100,99975,100,100384,100,99953,200,100577,100,99951,100,100587,100,99941,100,100614,100,99911,200
2019-06-28 09:39:30.000000000,100124,196,100099,296,100135,196,100098,196,100170,196,100097,119,100175,196,100094,100,100232,100,99978,400,100268,100,99975,100,100384,100,99953,200,100577,100,99951,100,100587,100,99941,100,100614,100,99911,200
2019-06-28 09:39:31.230968126,100124,96,100099,296,100135,196,100098,196,100170,196,100097,119,100175,196,100094,100,100232,100,99978,400,100384,100,99975,100,100577,100,99953,200,100587,100,99951,100,100614,100,99941,100,100621,100,99911,200
2019-06-28 09:39:40.000000000,100135,230,100099,330,100170,226,100098,226,100175,226,100097,149,100232,100,100094,4,100384,100,99978,400,100577,100,99975,100,100587,100,99953,200,100614,100,99951,100,100621,100,99941,100,,,99911,200
2019-06-28 09:39:50.000000000,100135,177,100099,277,100170,177,100098,177,100175,177,100097,100,100232,177,100094,81,100384,177,99978,477,100577,100,99975,100,100587,100,99953,200,100614,100,99951,100,100621,100,99941,100,,,99911,200
2019-06-28 09:40:00.000000000,100135,177,100099,277,100170,177,100098,177,100175,177,100097,100,100232,177,100094,81,100384,177,99978,477,100577,100,99975,100,100587,100,99953,200,100614,100,99951,100,100621,100,99941,100,,,99911,200
2019-06-28 09:40:06.327768300,100135,177,100100,100,100170,177,100099,277,100175,177,100098,177,100232,177,100097,100,100384,177,100094,81,100577,100,99978,477,100587,100,99975,100,100614,100,99953,200,100621,100,99951,100,,,99941,100
2019-06-28 09:40:10.000000000,100135,292,100100,292,100170,292,100099,392,100175,100,100098,100,100232,100,100097,23,100384,100,100094,4,100577,100,99978,400,100587,100,99975,100,100614,100,99953,200,100621,100,99951,100,,,99941,100
2019-06-28 09:40:20.000000000,100135,177,100100,177,100170,177,100099,277,100175,177,100098,177,100232,177,100097,100,100384,177,100094,81,100577,100,99978,400,100587,100,99975,100,100614,100,99953,200,100621,100,99951,100,,,99941,100
2019-06-28 09:40:30.000000000,100135,177,100100,177,100170,177,100099,277,100175,177,100098,177,100232,177,100097,100,100384,177,100094,81,100577,100,99978,400,100587,100,99975,100,100614,100,99953,200,100621,100,99951,100,,,99941,100
2019-06-28 09:40:31.949351858,100135,177,100100,277,100170,177,100099,277,100175,177,100098,177,100232,177,100097,100,100384,177,100094,81,100577,100,99978,300,100587,100,99975,100,100614,100,99953,200,100621,100,99951,100,,,99941,100
2019-06-28 09:40:40.000000000,100135,483,100100,583,100170,100,100099,200,100175,100,100098,100,100232,100,100097,23,100384,100,100094,4,100577,100,99978,300,100587,100,99975,100,100614,100,99953,200,100621,100,99951,100,,,99941,100
2019-06-28 09:40:50.000000000,100135,196,100100,296,100170,196,100099,296,100175,196,100098,196,100232,196,100097,119,100384,100,100094,4,100577,100,99978,300,100587,100,99975,100,100614,100,99953,200,100621,100,99951,100,,,99941,100
2019-06-28 09:41:00.000000000,100135,177,100100,277,100170,177,100099,277,100175,177,100098,177,100232,177,100097,100,100384,177,100094,81,100577,100,99978,300,100587,100,99975,100,100614,100,99953,200,100621,100,99951,100,,,99941,100
2019-06-28 09:41:05.673091585,100135,177,100100,277,100170,177,100099,177,100175,177,100098,177,100232,177,100097,100,100384,177,100094,81,100577,100,99978,300,100587,100,99975,100,100614,100,99953,200,100621,100,99951,100,,,99941,100
2019-06-28 09:41:10.000000000,100135,483,100100,583,100170,100,100099,100,100175,100,100098,100,100232,100,100097,23,100384,100,100094,4,100577,100,99978,300,100587,100,99975,100,100614,100,99953,200,100621,100,99951,100,,,99941,100
2019-06-28 09:41:20.000000000,100135,230,100100,330,100170,226,100099,226,100175,226,100098,226,100232,100,100097,23,100384,100,100094,4,100577,100,99978,300,100587,100,99975,100,100614,100,99953,200,100621,100,99951,100,,,99941,100
2019-06-28 09:41:21.914166017,100135,230,100100,330,100170,226,100099,226,100175,226,100098,226,100221,100,100097,23,100232,100,100094,4,100384,100,99978,300,100577,100,99975,100,100587,100,99953,100,100614,100,99951,100,100621,100,99941,100
2019-06-28 09:41:24.817986391,100135,230,100100,330,100170,226,100099,226,100175,226,100098,226,100221,100,100097,23,100232,100,100094,4,100384,100,99978,300,100577,100,99975,100,100587,100,99953,100,100614,100,99951,100,100621,100,99941,100
2019-06-28 09:41:28.545574034,100135,230,100100,230,100170,226,100099,226,100175,226,100098,226,100221,100,100097,23,100232,100,100094,4,100384,100,99978,300,100577,100,99975,100,100587,100,99953,100,100614,100,99951,100,100621,100,99941,100
2019-06-28 09:41:30.000000000,100135,292,100100,292,100170,292,100099,292,100175,100,100098,100,100221,100,100097,23,100232,100,100094,4,100384,100,99978,300,100577,100,99975,100,100587,100,99953,100,100614,100,99951,100,100621,100,99941,100
2019-06-28 09:41:40.000000000,100135,230,100100,230,100170,226,100099,226,100175,226,100098,226,100221,100,100097,23,100232,100,100094,4,100384,100,99978,300,100577,100,99975,100,100587,100,99953,100,100614,100,99951,100,100621,100,99941,100
2019-06-28 09:41:46.554423523,100135,230,100100,230,100170,226,100099,226,100175,226,100098,226,100221,100,100097,23,100232,100,100094,4,100384,100,99978,300,100577,100,99975,100,100587,100,99953,100,100614,100,99951,100,100621,100,99941,100
2019-06-28 09:41:50.000000000,100135,292,100100,292,100170,292,100099,292,100175,100,100098,100,100221,100,100097,23,100232,100,100094,4,100384,100,99978,300,100577,100,99975,100,100587,100,99953,100,100614,100,99951,100,100621,100,99941,100
2019-06-28 09:42:00.000000000,100135,483,100100,483,100170,100,100099,100,100175,100,100098,100,100221,100,100097,23,100232,100,100094,4,100384,100,99978,300,100577,100,99975,100,100587,100,99953,100,100614,100,99951,100,100621,100,99941,100
2019-06-28 09:42:10.000000000,100135,196,100100,196,100170,196,100099,196,100175,196,100098,196,100221,196,100097,119,100232,100,100094,4,100384,100,99978,300,100577,100,99975,100,100587,100,99953,100,100614,100,99951,100,100621,100,99941,100
2019-06-28 09:42:20.000000000,100135,230,100100,230,100170,226,100099,226,100175,226,100098,226,100221,100,100097,23,100232,100,100094,4,100384,100,99978,300,100577,100,99975,100,100587,100,99953,100,100614,100,99951,100,100621,100,99941,100
2019-06-28 09:42:25.046187618,100123,100,100100,230,100135,230,100099,226,100170,226,100098,226,100175,226,100097,23,100221,100,100094,4,100232,100,99978,300,100384,100,99975,100,100577,100,99953,100,100587,100,99951,100,100614,100,99941,100
2019-06-28 09:42:30.000000000,100123,230,100100,230,100135,226,100099,226,100170,226,100098,226,100175,100,100097,23,100221,100,100094,4,100232,100,99978,300,100384,100,99975,100,100577,100,99953,100,100587,100,99951,100,100614,100,99941,100
2019-06-28 09:42:40.000000000,100123,483,100100,483,100135,100,100099,100,100170,100,100098,100,100175,100,100097,23,100221,100,100094,4,100232,100,99978,300,100384,100,99975,100,100577,100,99953,100,100587,100,99951,100,100614,100,99941,100
2019-06-28 09:42:49.368267346,100123,483,100100,483,100135,100,100099,100,100170,100,100098,100,100175,100,100097,23,100221,100,100094,4,100232,100,99978,300,100384,100,99975,100,100577,100,99953,100,100587,100,99951,100,100614,100,99941,100
2019-06-28 09:42:50.000000000,100123,196,100100,196,100135,196,100099,196,100170,196,100098,196,100175,196,100097,119,100221,100,100094,4,100232,100,99978,300,100384,100,99975,100,100577,100,99953,100,100587,100,99951,100,100614,100,99941,100
2019-06-28 09:43:00.000000000,100123,196,100100,196,100135,196,100099,196,100170,196,100098,196,100175,196,100097,119,100221,100,100094,4,100232,100,99978,300,100384,100,99975,100,100577,100,99953,100,100587,100,99951,100,100614,100,99941,100
2019-06-28 09:43:10.000000000,100123,177,100100,177,100135,177,100099,177,100170,177,100098,177,100175,177,100097,100,100221,177,100094,81,100232,100,99978,300,100384,100,99975,100,100577,100,99953,100,100587,100,99951,100,100614,100,99941,100
2019-06-28 09:43:14.054425787,100123,177,100100,77,100135,177,100099,177,100170,177,100098,177,100175,177,100097,100,100221,177,100094,81,100232,100,99978,300,100384,100,99975,100,100577,100,99953,100,100587,100,99951,100,100614,100,99941,100
2019-06-28 09:43:19.856477529,100100,23,100099,177,100123,177,100098,177,100135,177,100097,100,100170,177,100094,81,100175,177,99978,300,100221,177,99975,100,100232,100,99953,100,100384,100,99951,100,100577,100,99941,100,100587,100,99940,100
2019-06-28 09:43:20.000000000,100100,406,100099,483,100123,100,100098,100,100135,100,100097,23,100170,100,100094,4,100175,100,99978,300,100221,100,99975,100,100232,100,99953,100,100384,100,99951,100,100577,100,99941,100,100587,100,99940,100
2019-06-28 09:43:30.000000000,100100,119,100099,196,100123,196,100098,196,100135,196,100097,119,100170,196,100094,100,100175,100,99978,300,100221,100,99975,100,100232,100,99953,100,100384,100,99951,100,100577,100,99941,100,100587,100,99940,100
2019-06-28 09:43:37.313803723,100100,119,100099,196,100123,196,100098,196,100135,196,100097,119,100170,196,100094,100,100175,100,99978,300,100221,100,99975,100,100232,100,99953,100,100384,100,99951,100,100577,100,99941,100,100587,100,99940,100
2019-06-28 09:43:40.000000000,100100,215,100099,292,100123,292,100098,292,100135,100,100097,23,100170,100,100094,4,100175,100,99978,300,100221,100,99975,100,100232,100,99953,100,100384,100,99951,100,100577,100,99941,100,100587,100,99940,100
2019-06-28 09:43:48.569296042,100100,215,100099,192,100123,292,100098,292,100135,100,100097,23,100170,100,100094,4,100175,100,99978,300,100221,100,99975,100,100232,100,99953,100,100384,100,99951,100,100577,100,99940,100,100587,100,99887,100
2019-06-28 09:43:50.000000000,100100,153,100098,230,100123,226,100097,149,100135,226,100094,130,100170,100,99978,300,100175,100,99975,100,100221,100,99953,100,100232,100,99951,100,100384,100,99940,100,100577,100,99887,100,100587,100,99843,100
2019-06-28 09:44:00.000000000,100100,215,100098,292,100123,292,100097,215,100135,100,100094,4,100170,100,99978,300,100175,100,99975,100,100221,100,99953,100,100232,100,99951,100,100384,100,99940,100,100577,100,99887,100,100587,100,99843,100
2019-06-28 09:44:10.000000000,100100,100,100098,177,100123,177,100097,100,100135,177,100094,81,100170,177,99978,377,100175,177,99975,177,100221,100,99953,100,100232,100,99951,100,100384,100,99940,100,100577,100,99887,100,100587,100,99843,100
2019-06-28 09:44:10.015989686,100100,100,100098,77,100123,177,100097,100,100135,177,100094,81,100170,177,99978,377,100175,177,99975,177,100221,100,99953,100,100232,100,99951,100,100384,100,99940,100,100577,100,99843,100,100587,100,99818,100
2019-06-28 09:44:20.000000000,100100,406,100097,406,100123,100,100094,4,100135,100,99978,300,100170,100,99975,100,100175,100,99953,100,100221,100,99951,100,100232,100,99940,100,100384,100,99843,100,100577,100,99818,100,100587,100,99586,100
2019-06-28 09:44:23.657882640,100100,406,100097,406,100123,100,100094,4,100135,100,99978,300,100170,100,99975,100,100175,100,99953,100,100221,100,99951,100,100232,100,99940,100,100247,100,99843,100,100384,100,99818,100,100577,100,99586,100
2019-06-28 09:44:30.000000000,100100,215,100097,215,100123,292,100094,196,100135,100,99978,300,100170,100,99975,100,100175,100,99953,100,100221,100,99951,100,100232,100,99940,100,100247,100,99843,100,100384,100,99818,100,100577,100,99586,100
2019-06-28 09:44:35.115672297,100100,215,100097,215,100123,192,100094,196,100135,100,99978,300,100170,100,99975,100,100175,100,99953,100,100221,100,99951,100,100232,100,99940,100,100247,100,99843,100,100384,100,99818,100,100577,100,99586,100
2019-06-28 09:44:35.268727420,100100,115,100097,215,100123,192,100094,196,100135,100,99978,300,100170,100,99975,100,100175,100,99953,100,100221,100,99951,100,100232,100,99940,100,100247,100,99843,100,100384,100,99818,100,100577,100,99586,100
2019-06-28 09:44:40.000000000,100135,177,100097,100,100170,177,100094,81,100175,177,99978,377,100221,177,99975,177,100232,177,99953,177,100247,100,99951,100,100384,100,99940,100,100577,100,99843,100,100587,100,99818,100,100621,100,99586,100
2019-06-28 09:44:50.000000000,100135,196,100097,119,100170,196,100094,100,100175,196,99978,396,100221,196,99975,196,100232,100,99953,100,100247,100,99951,100,100384,100,99940,100,100577,100,99843,100,100587,100,99818,100,100621,100,99586,100
2019-06-28 09:45:00.000000000,100135,230,100097,153,100170,226,100094,130,100175,226,99978,426,100221,100,99975,100,100232,100,99953,100,100247,100,99951,100,100384,100,99940,100,100577,100,99843,100,100587,100,99818,100,100621,100,99586,100
2019-06-28 09:45:06.276345062,100135,230,100097,153,100170,226,100094,130,100175,226,99978,426,100221,100,99975,100,100224,100,99953,100,100232,100,99951,100,100247,100,99940,100,100384,100,99843,100,100577,100,99818,100,100587,100,99586,100
2019-06-28 09:45:06.803924256,100135,230,100097,153,100170,226,100094,130,100175,226,99978,426,100221,100,99975,100,100224,100,99953,100,100232,100,99951,100,100247,100,99940,100,100319,100,99843,100,100384,100,99818,100,100577,100,99586,100
2019-06-28 09:45:10.000000000,100135,292,100097,215,100170,292,100094,196,100175,100,99978,300,100221,100,99975,100,100224,100,99953,100,100232,100,99951,100,100247,100,99940,100,100319,100,99843,100,100384,100,99818,100,100577,100,99586,100
2019-06-28 09:45:20.000000000,100135,196,100097,119,100170,196,100094,100,100175,196,99978,396,100221,196,99975,196,100224,100,99953,100,100232,100,99951,100,100247,100,99940,100,100319,100,99843,100,100384,100,99818,100,100577,100,99586,100
2019-06-28 09:45:30.000000000,100135,483,100097,406,100170,100,100094,4,100175,100,99978,300,100221,100,99975,100,100224,100,99953,100,100232,100,99951,100,100247,100,99940,100,100319,100,99843,100,100384,100,99818,100,100577,100,99586,100
2019-06-28 09:45:40.000000000,100135,196,100097,119,100170,196,100094,100,100175,196,99978,396,100221,196,99975,196,100224,100,99953,100,100232,100,99951,100,100247,100,99940,100,100319,100,99843,100,100384,100,99818,100,100577,100,99586,100
2019-06-28 09:45:50.000000000,100135,292,100097,215,100170,292,100094,196,100175,100,99978,300,100221,100,99975,100,100224,100,99953,100,100232,100,99951,100,100247,100,99940,100,100319,100,99843,100,100384,100,99818,100,100577,100,99586,100
2019-06-28 09:45:57.193071148,100099,100,100097,215,100135,292,100094,196,100170,292,99978,300,100175,100,99975,100,100221,100,99953,100,100224,100,99951,100,100232,100,99940,100,100247,100,99843,100,100319,100,99818,100,100384,100,99586,100
2019-06-28 09:46:00.000000000,100099,196,100097,119,100135,196,100094,100,100170,196,99978,396,100175,196,99975,196,100221,100,99953,100,100224,100,99951,100,100232,100,99940,100,100247,100,99843,100,100319,100,99818,100,100384,100,99586,100
2019-06-28 09:46:10.000000000,100099,292,100097,215,100135,292,100094,196,100170,100,99978,300,100175,100,99975,100,100221,100,99953,100,100224,100,99951,100,100232,100,99940,100,100247,100,99843,100,100319,100,99818,100,100384,100,99586,100
2019-06-28 09:46:20.000000000,100099,230,100097,153,100135,226,100094,130,100170,226,99978,426,100175,100,99975,100,100221,100,99953,100,100224,100,99951,100,100232,100,99940,100,100247,100,99843,100,100319,100,99818,100,100384,100,99586,100
2019-06-28 09:46:30.000000000,100099,177,100097,100,100135,177,100094,81,100170,177,99978,377,100175,177,99975,177,100221,177,99953,177,100224,100,99951,100,100232,100,99940,100,100247,100,99843,100,100319,100,99818,100,100384,100,99586,100
2019-06-28 09:46:40.000000000,100099,177,100097,100,100135,177,100094,81,100170,177,99978,377,100175,177,99975,177,100221,177,99953,177,100224,100,99951,100,100232,100,99940,100,100247,100,99843,100,100319,100,99818,100,100384,100,99586,100
2019-06-28 09:46:43.009408036,100099,277,100097,100,100135,177,100094,81,100170,177,99978,377,100175,177,99975,177,100221,177,99953,177,100224,100,99951,100,100232,100,99940,100,100247,100,99843,100,100319,100,99818,100,100384,100,99586,100
2019-06-28 09:46:50.000000000,100099,330,100097,153,100135,226,100094,130,100170,226,99978,426,100175,100,99975,100,100221,100,99953,100,100224,100,99951,100,100232,100,99940,100,100247,100,99843,100,100319,100,99818,100,100384,100,99586,100
2019-06-28 09:47:00.000000000,100099,583,100097,406,100135,100,100094,4,100170,100,99978,300,100175,100,99975,100,100221,100,99953,100,100224,100,99951,100,100232,100,99940,100,100247,100,99843,100,100319,100,99818,100,100384,100,99586,100
2019-06-28 09:47:10.000000000,100099,583,100097,406,100135,100,100094,4,100170,100,99978,300,100175,100,99975,100,100221,100,99953,100,100224,100,99951,100,100232,100,99940,100,100247,100,99843,100,100319,100,99818,100,100384,100,99586,100
2019-06-28 09:47:20.000000000,100099,392,100097,215,100135,292,100094,196,100170,100,99978,300,100175,100,99975,100,100221,100,99953,100,100224,100,99951,100,100232,100,99940,100,100247,100,99843,100,100319,100,99818,100,100384,100,99586,100
2019-06-28 09:47:23.077336737,100099,392,100097,115,100135,292,100094,196,100170,100,99978,300,100175,100,99975,100,100221,100,99953,100,100224,100,99951,100,100232,100,99940,100,100247,100,99843,100,100319,100,99818,100,100384,100,99586,100
2019-06-28 09:47:23.399452125,100099,292,100097,115,100135,292,100094,196,100170,100,99978,300,100175,100,99975,100,100221,100,99953,100,100224,100,99951,100,100232,100,99940,100,100247,100,99843,100,100319,100,99818,100,100384,100,99586,100
2019-06-28 09:47:30.000000000,100099,292,100094,196,100135,292,99978,492,100170,100,99975,100,100175,100,99953,100,100221,100,99951,100,100224,100,99940,100,100232,100,99843,100,100247,100,99818,100,100319,100,99586,100,100384,100,99499,100
2019-06-28 09:47:40.000000000,100099,177,100094,81,100135,177,99978,377,100170,177,99975,177,100175,177,99953,177,100221,177,99951,177,100224,100,99940,100,100232,100,99843,100,100247,100,99818,100,100319,100,99586,100,100384,100,99499,100
2019-06-28 09:47:50.000000000,100099,196,100094,100,100135,196,99978,396,100170,196,99975,196,100175,196,99953,196,100221,100,99951,100,100224,100,99940,100,100232,100,99843,100,100247,100,99818,100,100319,100,99586,100,100384,100,99499,100
2019-06-28 09:47:50.064527851,100099,196,100094,100,100135,196,99978,396,100170,196,99975,196,100175,196,99953,196,100221,100,99951,100,100224,100,99940,100,100232,100,99843,100,100247,100,99818,100,100319,100,99586,100,100384,100,99499,100
2019-06-28 09:47:54.423252615,100098,100,100094,100,100099,196,99978,396,100135,196,99975,196,100170,196,99953,196,100175,196,99951,100,100221,100,99940,100,100224,100,99843,100,100232,100,99818,100,100247,100,99586,100,100319,100,99499,100
2019-06-28 09:48:00.000000000,100098,196,100094,100,100099,196,99978,396,100135,196,99975,196,100170,196,99953,196,100175,100,99951,100,100221,100,99940,100,100224,100,99843,100,100232,100,99818,100,100247,100,99586,100,100319,100,99499,100
2019-06-28 09:48:10.000000000,100098,177,100094,81,100099,177,99978,377,100135,177,99975,177,100170,177,99953,177,100175,177,99951,177,100221,100,99940,100,100224,100,99843,100,100232,100,99818,100,100247,100,99586,100,100319,100,99499,100
2019-06-28 09:48:15.772561245,100094,19,99978,377,100098,177,99975,177,100099,177,99953,177,100135,177,99951,177,100170,177,99940,100,100175,177,99843,100,100221,100,99818,100,100224,100,99586,100,100232,100,99499,100,100247,100,99261,100
2019-06-28 09:48:20.000000000,100094,149,99978,430,100098,226,99975,226,100099,226,99953,226,100135,100,99951,100,100170,100,99940,100,100175,100,99843,100,100221,100,99818,100,100224,100,99586,100,100232,100,99499,100,100247,100,99261,100
2019-06-28 09:48:29.508119174,100094,149,99978,330,100098,226,99975,226,100099,226,99953,226,100135,100,99951,100,100170,100,99940,100,100175,100,99843,100,100221,100,99818,100,100224,100,99586,100,100232,100,99499,100,100247,100,99261,100
2019-06-28 09:48:30.000000000,100094,211,99978,392,100098,292,99975,292,100099,100,99953,100,100135,100,99951,100,100170,100,99940,100,100175,100,99843,100,100221,100,99818,100,100224,100,99586,100,100232,100,99499,100,100247,100,99261,100
2019-06-28 09:48:33.142118342,100094,211,99978,392,100098,292,99975,292,100099,100,99953,100,100135,100,99951,100,100170,100,99940,100,100175,100,99843,100,100221,100,99818,100,100224,100,99586,100,100232,100,99528,100,100247,100,99499,100
2019-06-28 09:48:34.769565461,100094,211,99978,292,100098,292,99975,292,100099,100,99953,100,100135,100,99951,100,100170,100,99940,100,100175,100,99843,100,100224,100,99818,100,100232,100,99586,100,100247,100,99528,100,100319,100,99499,100
2019-06-28 09:48:40.000000000,100094,149,99978,230,100098,226,99975,226,100099,226,99953,226,100135,100,99951,100,100170,100,99940,100,100175,100,99843,100,100224,100,99818,100,100232,100,99586,100,100247,100,99528,100,100319,100,99499,100
2019-06-28 09:48:41.912337052,100094,149,99978,230,100098,226,99975,226,100099,226,99953,226,100135,100,99951,100,100170,100,99940,100,100175,100,99843,100,100224,100,99818,100,100232,100,99586,100,100247,100,99528,100,100319,100,99499,100
2019-06-28 09:48:50.000000000,100094,211,99978,292,100098,292,99975,292,100099,100,99953,100,100135,100,99951,100,100170,100,99940,100,100175,100,99843,100,100224,100,99818,100,100232,100,99586,100,100247,100,99528,100,100319,100,99499,100
2019-06-28 09:48:59.023425021,100094,211,99978,292,100098,292,99975,292,100099,100,99953,100,100135,100,99951,100,100170,100,99940,100,100175,100,99843,100,100224,100,99818,100,100232,100,99586,100,100247,100,99528,100,100319,100,99499,100
2019-06-28 09:49:00.000000000,100094,402,99978,483,100098,100,99975,100,100099,100,99953,100,100135,100,99951,100,100170,100,99940,100,100175,100,99843,100,100224,100,99818,100,100232,100,99586,100,100247,100,99528,100,100319,100,99499,100
2019-06-28 09:49:10.000000000,100094,211,99978,292,100098,292,99975,292,100099,100,99953,100,100135,100,99951,100,100170,100,99940,100,100175,100,99843,100,100224,100,99818,100,100232,100,99586,100,100247,100,99528,100,100319,100,99499,100
2019-06-28 09:49:18.662557206,100094,211,99978,292,100098,292,99975,292,100099,100,99953,100,100135,100,99951,100,100170,100,99940,100,100175,100,99843,100,100224,100,99818,100,100232,100,99586,100,100247,100,99528,100,100319,100,99499,100
2019-06-28 09:49:20.000000000,100094,211,99978,292,100098,292,99975,292,100099,100,99953,100,100135,100,99951,100,100170,100,99940,100,100175,100,99843,100,100224,100,99818,100,100232,100,99586,100,100247,100,99528,100,100319,100,99499,100
2019-06-28 09:49:23.223104714,100094,211,99978,292,100098,192,99975,292,100099,100,99953,100,100135,100,99951,100,100170,100,99940,100,100175,100,99843,100,100224,100,99818,100,100232,100,99586,100,100247,100,99528,100,100319,100,99499,100
2019-06-28 09:49:28.844144784,100094,211,99978,192,100098,192,99975,292,100099,100,99953,100,100135,100,99951,100,100170,100,99940,100,100175,100,99843,100,100224,100,99818,100,100232,100,99586,100,100247,100,99528,100,100319,100,99499,100
2019-06-28 09:49:30.000000000,100094,211,99975,292,100099,292,99953,292,100135,100,99951,100,100170,100,99940,100,100175,100,99843,100,100224,100,99818,100,100232,100,99586,100,100247,100,99528,100,100319,100,99499,100,100384,100,99476,100
2019-06-28 09:49:40.000000000,100094,96,99975,177,100099,177,99953,177,100135,177,99951,177,100170,177,99940,177,100175,177,99843,177,100224,100,99818,100,100232,100,99586,100,100247,100,99528,100,100319,100,99499,100,100384,100,99476,100
2019-06-28 09:49:43.498730351,100094,96,99975,177,100099,177,99953,177,100135,177,99951,177,100170,177,99940,177,100175,177,99843,177,100224,100,99818,100,100232,100,99586,100,100247,100,99528,100,100319,100,99507,100,100384,100,99499,100
2019-06-28 09:49:50.000000000,100094,115,99975,196,100099,196,99953,196,100135,196,99951,196,100170,196,99940,196,100175,100,99843,100,100224,100,99818,100,100232,100,99586,100,100247,100,99528,100,100319,100,99507,100,100384,100,99499,100
2019-06-28 09:50:00.000000000,100094,96,99975,177,100099,177,99953,177,100135,177,99951,177,100170,177,99940,177,100175,177,99843,177,100224,100,99818,100,100232,100,99586,100,100247,100,99528,100,100319,100,99507,100,100384,100,99499,100
2019-06-28 09:50:04.558669135,100094,96,99975,77,100099,177,99953,177,100135,177,99951,177,100170,177,99940,177,100175,177,99843,177,100224,100,99818,100,100232,100,99586,100,100247,100,99528,100,100319,100,99507,100,100384,100,99499,100
2019-06-28 09:50:06.021876535,99975,23,99953,177,100094,96,99951,177,100099,177,99940,177,100135,177,99843,177,100170,177,99818,100,100175,177,99586,100,100224,100,99528,100,100232,100,99507,100,100247,100,99499,100,100319,100,99476,100
2019-06-28 09:50:08.387275025,99975,23,99953,77,100094,96,99951,77,100099,177,99940,177,100135,177,99843,177,100170,177,99818,100,100175,177,99586,100,100224,100,99528,100,100232,100,99507,100,100247,100,99499,100,100319,100,99476,100
2019-06-28 09:50:10.000000000,99975,119,99940,196,100094,115,99843,196,100099,196,99818,196,100135,196,99586,196,100170,100,99528,100,100175,100,99507,100,100224,100,99499,100,100232,100,99476,100,100247,100,99459,100,100319,100,99259,100
2019-06-28 09:50:20.000000000,99975,215,99940,292,100094,211,99843,292,100099,100,99818,100,100135,100,99586,100,100170,100,99528,100,100175,100,99507,100,100224,100,99499,100,100232,100,99476,100,100247,100,99459,100,100319,100,99259,100
2019-06-28 09:50:27.940406173,99975,215,99940,192,100094,211,99843,292,100099,100,99818,100,100135,100,99586,100,100170,100,99528,100,100175,100,99507,100,100224,100,99499,100,100232,100,99476,100,100247,100,99459,100,100319,100,99259,100
2019-06-28 09:50:28.823398248,99975,215,99940,92,100094,211,99843,292,100099,100,99818,100,100135,100,99586,100,100170,100,99528,100,100175,100,99507,100,100224,100,99499,100,100232,100,99476,100,100247,100,99459,100,100319,100,99259,100
2019-06-28 09:50:30.000000000,99975,215,99843,292,100094,211,99818,292,100099,100,99586,100,100135,100,99528,100,100170,100,99507,100,100175,100,99499,100,100224,100,99476,100,100232,100,99459,100,100247,100,99259,100,100319,100,,
2019-06-28 09:50:40.000000000,99975,153,99843,230,100094,145,99818,226,100099,226,99586,226,100135,100,99528,100,100170,100,99507,100,100175,100,99499,100,100224,100,99476,100,100232,100,99459,100,100247,100,99259,100,100319,100,,
2019-06-28 09:50:50.000000000,99975,100,99843,177,100094,96,99818,177,100099,177,99586,177,100135,177,99528,177,100170,177,99507,177,100175,100,99499,100,100224,100,99476,100,100232,100,99459,100,100247,100,99259,100,100319,100,,
2019-06-28 09:51:00.000000000,99975,100,99843,177,100094,96,99818,177,100099,177,99586,177,100135,177,99528,177,100170,177,99507,177,100175,100,99499,100,100224,100,99476,100,100232,100,99459,100,100247,100,99259,100,100319,100,,
2019-06-28 09:51:09.414462228,99975,100,99843,77,100094,96,99818,177,100099,177,99586,177,100135,177,99528,177,100170,177,99507,177,100175,100,99499,100,100224,100,99459,100,100232,100,99259,100,100247,100,,,100319,100,,
2019-06-28 09:51:10.000000000,99975,100,99818,177,100094,96,99586,177,100099,177,99528,177,100135,177,99507,177,100170,177,99499,177,100175,100,99459,100,100224,100,99259,100,100232,100,,,100247,100,,,100319,100,,
2019-06-28 09:51:20.000000000,99975,406,99818,483,100094,19,99586,100,100099,100,99528,100,100135,100,99507,100,100170,100,99499,100,100175,100,99459,100,100224,100,99259,100,100232,100,,,100247,100,,,100319,100,,
2019-06-28 09:51:28.171574821,99975,406,99818,383,100094,19,99586,100,100099,100,99528,100,100135,100,99499,100,100170,100,99459,100,100175,100,99259,100,100224,100,,,100232,100,,,100247,100,,,100319,100,,
2019-06-28 09:51:30.000000000,99975,215,99586,292,100094,211,99528,292,100099,100,99499,100,100135,100,99459,100,100170,100,99259,100,100175,100,,,100224,100,,,100232,100,,,100247,100,,,100319,100,,
2019-06-28 09:51:40.000000000,99975,215,99586,292,100094,211,99528,292,100099,100,99499,100,100135,100,99459,100,100170,100,99259,100,100175,100,,,100224,100,,,100232,100,,,100247,100,,,100319,100,,
2019-06-28 09:51:50.000000000,99975,153,99586,230,100094,145,99528,226,100099,226,99499,226,100135,100,99459,100,100170,100,99259,100,100175,100,,,100224,100,,,100232,100,,,100247,100,,,100319,100,,
2019-06-28 09:52:00.000000000,99975,119,99586,196,100094,115,99528,196,100099,196,99499,196,100135,196,99459,196,100170,100,99259,100,100175,100,,,100224,100,,,100232,100,,,100247,100,,,100319,100,,
2019-06-28 09:52:10.000000000,99975,153,99586,230,100094,145,99528,226,100099,226,99499,226,100135,100,99459,100,100170,100,99259,100,100175,100,,,100224,100,,,100232,100,,,100247,100,,,100319,100,,
2019-06-28 09:52:20.000000000,99975,100,99586,177,100094,96,99528,177,100099,177,99499,177,100135,177,99459,177,100170,177,99259,177,100175,100,,,100224,100,,,100232,100,,,100247,100,,,100319,100,,
2019-06-28 09:52:30.000000000,99975,100,99586,177,100094,96,99528,177,100099,177,99499,177,100135,177,99459,177,100170,177,99259,177,100175,100,,,100224,100,,,100232,100,,,100247,100,,,100319,100,,
2019-06-28 09:52:40.000000000,99975,153,99586,230,100094,145,99528,226,100099,226,99499,226,100135,100,99459,100,100170,100,99259,100,100175,100,,,100224,100,,,100232,100,,,100247,100,,,100319,100,,
2019-06-28 09:52:50.000000000,99975,153,99586,230,100094,145,99528,226,100099,226,99499,226,100135,100,99459,100,100170,100,99259,100,100175,100,,,100224,100,,,100232,100,,,100247,100,,,100319,100,,
2019-06-28 09:52:56.090550454,99975,130,99816,100,100094,145,99586,230,100099,226,99528,226,100135,100,99499,226,100170,100,99459,100,100175,100,99259,100,100224,100,,,100232,100,,,100247,100,,,100319,100,,
2019-06-28 09:53:00.000000000,100094,211,99816,292,100099,292,99586,292,100135,100,99528,100,100170,100,99499,100,100175,100,99459,100,100224,100,99259,100,100232,100,,,100247,100,,,100319,100,,,100384,100,,
2019-06-28 09:53:10.000000000,100094,96,99816,177,100099,177,99586,177,100135,177,99528,177,100170,177,99499,177,100175,177,99459,177,100224,100,99259,100,100232,100,,,100247,100,,,100319,100,,,100384,100,,
2019-06-28 09:53:12.049675153,100094,96,99844,100,100099,177,99816,177,100135,177,99586,177,100170,177,99528,177,100175,177,99499,177,100224,100,99459,177,100232,100,99259,100,100247,100,,,100319,100,,,100384,100,,
2019-06-28 09:53:19.066543536,99910,100,99844,100,100094,96,99816,177,100099,177,99586,177,100135,177,99528,177,100170,177,99499,177,100175,177,99459,177,100224,100,99259,100,100232,100,,,100247,100,,,100319,100,,
2019-06-28 09:53:20.000000000,99910,177,99844,177,100094,96,99816,177,100099,177,99586,177,100135,177,99528,177,100170,177,99499,177,100175,100,99459,100,100224,100,99259,100,100232,100,,,100247,100,,,100319,100,,
2019-06-28 09:53:30.000000000,99910,230,99844,230,100094,145,99816,226,100099,226,99586,226,100135,100,99528,100,100170,100,99499,100,100175,100,99459,100,100224,100,99259,100,100232,100,,,100247,100,,,100319,100,,
2019-06-28 09:53:40.000000000,99910,177,99844,177,100094,96,99816,177,100099,177,99586,177,100135,177,99528,177,100170,177,99499,177,100175,100,99459,100,100224,100,99259,100,100232,100,,,100247,100,,,100319,100,,
2019-06-28 09:53:50.000000000,99910,483,99844,483,100094,19,99816,100,100099,100,99586,100,100135,100,99528,100,100170,100,99499,100,100175,100,99459,100,100224,100,99259,100,100232,100,,,100247,100,,,100319,100,,
2019-06-28 09:53:51.794187145,99910,483,99844,483,100094,19,99816,100,100099,100,99586,100,100135,100,99528,100,100170,100,99499,100,100175,100,99459,100,100224,100,99259,100,100232,100,,,100247,100,,,100257,100,,
2019-06-28 09:54:00.000000000,99910,177,99844,177,100094,96,99816,177,100099,177,99586,177,100135,177,99528,177,100170,177,99499,177,100175,100,99459,100,100224,100,99259,100,100232,100,,,100247,100,,,100257,100,,
2019-06-28 09:54:02.592657271,99910,77,99844,177,100094,96,99816,177,100099,177,99586,177,100135,177,99528,177,100170,177,99499,177,100175,100,99459,100,100224,100,99259,100,100232,100,,,100247,100,,,100257,100,,
2019-06-28 09:54:07.442023662,99910,77,99845,100,100094,96,99844,177,100099,177,99816,177,100135,177,99586,177,100170,177,99528,177,100175,100,99499,177,100224,100,99459,100,100232,100,99259,100,100247,100,,,100257,100,,
2019-06-28 09:54:10.000000000,100094,149,99845,230,100099,226,99844,226,100135,226,99816,226,100170,100,99586,100,100175,100,99528,100,100224,100,99499,100,100232,100,99459,100,100247,100,99259,100,100257,100,,,100319,100,,
2019-06-28 09:54:20.000000000,100094,115,99845,196,100099,196,99844,196,100135,196,99816,196,100170,196,99586,196,100175,100,99528,100,100224,100,99499,100,100232,100,99459,100,100247,100,99259,100,100257,100,,,100319,100,,
2019-06-28 09:54:23.946190442,100094,115,99845,296,100099,196,99844,196,100135,196,99816,196,100170,196,99586,196,100175,100,99528,100,100224,100,99499,100,100232,100,99459,100,100247,100,99259,100,100257,100,,,100319,100,,
2019-06-28 09:54:25.099021866,100094,15,99845,296,100099,196,99844,196,100135,196,99816,196,100170,196,99586,196,100175,100,99528,100,100224,100,99499,100,100232,100,99459,100,100247,100,99259,100,100257,100,,,100319,100,,
2019-06-28 09:54:30.000000000,100099,196,99845,296,100135,196,99844,196,100170,196,99816,196,100175,196,99586,196,100224,100,99528,100,100232,100,99499,100,100247,100,99459,100,100257,100,99259,100,100319,100,,,100384,100,,
2019-06-28 09:54:40.000000000,100099,483,99845,583,100135,100,99844,100,100170,100,99816,100,100175,100,99586,100,100224,100,99528,100,100232,100,99499,100,100247,100,99459,100,100257,100,99259,100,100319,100,,,100384,100,,
2019-06-28 09:54:48.036786178,100099,383,99845,583,100135,100,99844,100,100170,100,99816,100,100175,100,99586,100,100224,100,99528,100,100232,100,99499,100,100247,100,99459,100,100257,100,99259,100,100319,100,,,100384,100,,
2019-06-28 09:54:50.000000000,100135,292,99845,392,100170,292,99844,292,100175,100,99816,100,100224,100,99586,100,100232,100,99528,100,100247,100,99499,100,100257,100,99459,100,100319,100,99259,100,100384,100,,,100577,100,,
2019-06-28 09:55:00.000000000,100135,177,99845,277,100170,177,99844,177,100175,177,99816,177,100224,177,99586,177,100232,177,99528,177,100247,100,99499,100,100257,100,99459,100,100319,100,99259,100,100384,100,,,100577,100,,
2019-06-28 09:55:05.224891325,100093,100,99845,277,100135,177,99844,177,100170,177,99816,177,100175,177,99586,177,100224,177,99528,177,100232,177,99499,100,100247,100,99459,100,100257,100,99259,100,100319,100,,,100384,100,,
2019-06-28 09:55:10.000000000,100093,292,99845,392,100135,292,99844,292,100170,100,99816,100,100175,100,99586,100,100224,100,99528,100,100232,100,99499,100,100247,100,99459,100,100257,100,99259,100,100319,100,,,100384,100,,
2019-06-28 09:55:14.342089003,100093,292,99845,392,100135,192,99844,292,100170,100,99816,100,100175,100,99586,100,100224,100,99528,100,100232,100,99499,100,100247,100,99459,100,100257,100,99259,100,100319,100,,,100384,100,,
2019-06-28 09:55:20.000000000,100093,483,99845,583,100170,100,99844,100,100175,100,99816,100,100224,100,99586,100,100232,100,99528,100,100247,100,99499,100,100257,100,99459,100,100319,100,99259,100,100384,100,,,100385,100,,
2019-06-28 09:55:30.000000000,100093,196,99845,296,100170,196,99844,196,100175,196,99816,196,100224,196,99586,196,100232,100,99528,100,100247,100,99499,100,100257,100,99459,100,100319,100,99259,100,100384,100,,,100385,100,,
2019-06-28 09:55:33.644407759,100093,196,99845,296,100170,196,99844,196,100175,196,99816,196,100224,196,99586,196,100232,100,99528,100,100247,100,99499,100,100257,100,99459,100,100319,100,99259,100,100385,100,,,100443,100,,
2019-06-28 09:55:35.631720670,100093,96,99845,296,100170,196,99844,196,100175,196,99816,196,100224,196,99586,196,100247,100,99528,100,100257,100,99499,100,100319,100,99459,100,100385,100,99259,100,100443,100,,,100577,100,,
2019-06-28 09:55:39.530832581,100093,96,99845,296,100170,196,99844,196,100175,196,99816,196,100224,196,99586,196,100247,100,99528,100,100257,100,99499,100,100319,100,99459,100,100385,100,99259,100,100443,100,,,100474,100,,
2019-06-28 09:55:40.000000000,100170,196,99845,296,100175,196,99844,196,100224,196,99816,196,100247,196,99586,196,100257,100,99528,100,100319,100,99499,100,100385,100,99459,100,100443,100,99259,100,100474,100,,,100577,100,,
2019-06-28 09:55:50.000000000,100170,196,99845,296,100175,196,99844,196,100224,196,99816,196,100247,196,99586,196,100257,100,99528,100,100319,100,99499,100,100385,100,99459,100,100443,100,99259,100,100474,100,,,100577,100,,
2019-06-28 09:55:56.197927541,100170,196,99845,296,100175,196,99844,196,100224,196,99816,196,100247,196,99586,196,100257,100,99528,100,100319,100,99499,100,100385,100,99459,100,100443,100,99259,100,100474,100,,,100577,100,,
2019-06-28 09:56:00.000000000,100170,196,99845,296,100175,196,99844,196,100224,196,99816,196,100247,196,99586,196,100257,100,99528,100,100319,100,99499,100,100385,100,99459,100,100443,100,99259,100,100474,100,,,100577,100,,
2019-06-28 09:56:10.000000000,100170,177,99845,277,100175,177,99844,177,100224,177,99816,177,100247,177,99586,177,100257,177,99528,177,100319,100,99499,100,100385,100,99459,100,100443,100,99259,100,100474,100,,,100577,100,,
2019-06-28 09:56:20.000000000,100170,483,99845,583,100175,100,99844,100,100224,100,99816,100,100247,100,99586,100,100257,100,99528,100,100319,100,99499,100,100385,100,99459,100,100443,100,99259,100,100474,100,,,100577,100,,
2019-06-28 09:56:23.561062592,100170,383,99845,583,100175,100,99844,100,100224,100,99816,100,100247,100,99586,100,100257,100,99528,100,100319,100,99499,100,100385,100,99459,100,100443,100,99259,100,100474,100,,,100577,100,,
2019-06-28 09:56:24.357561520,100170,283,99845,583,100175,100,99844,100,100224,100,99816,100,100247,100,99586,100,100257,100,99528,100,100319,100,99499,100,100385,100,99459,100,100443,100,99259,100,100474,100,,,100577,100,,
2019-06-28 09:56:30.000000000,100175,483,99845,583,100224,100,99844,100,100247,100,99816,100,100257,100,99586,100,100319,100,99528,100,100385,100,99499,100,100443,100,99459,100,100474,100,99259,100,100577,100,,,100797,100,,
2019-06-28 09:56:40.000000000,100175,483,99845,583,100224,100,99844,100,100247,100,99816,100,100257,100,99586,100,100319,100,99528,100,100385,100,99499,100,100443,100,99459,100,100474,100,99259,100,100577,100,,,100797,100,,
2019-06-28 09:56:50.000000000,100175,177,99845,277,100224,177,99844,177,100247,177,99816,177,100257,177,99586,177,100319,177,99528,177,100385,100,99499,100,100443,100,99459,100,100474,100,99259,100,100577,100,,,100797,100,,
2019-06-28 09:56:59.030088644,100175,77,99845,277,100224,177,99844,177,100247,177,99816,177,100257,177,99586,177,100319,177,99528,177,100385,100,99499,100,100443,100,99459,100,100474,100,99259,100,100577,100,,,100797,100,,
2019-06-28 09:57:00.000000000,100224,292,99845,392,100247,292,99844,292,100257,100,99816,100,100319,100,99586,100,100385,100,99528,100,100443,100,99499,100,100474,100,99459,100,100577,100,99259,100,100797,100,,,,,,
2019-06-28 09:57:04.977950962,100224,192,99845,392,100247,292,99844,292,100257,100,99816,100,100319,100,99586,100,100385,100,99528,100,100443,100,99499,100,100474,100,99459,100,100577,100,99259,100,100797,100,,,,,,
2019-06-28 09:57:10.000000000,100247,292,99845,392,100257,292,99844,292,100319,100,99816,100,100385,100,99586,100,100443,100,99528,100,100474,100,99499,100,100577,100,99459,100,100797,100,99259,100,,,,,,,,
2019-06-28 09:57:20.000000000,100247,230,99845,330,100257,226,99844,226,100319,226,99816,226,100385,100,99586,100,100443,100,99528,100,100474,100,99499,100,100577,100,99459,100,100797,100,99259,100,,,,,,,,
2019-06-28 09:57:30.000000000,100247,483,99845,583,100257,100,99844,100,100319,100,99816,100,100385,100,99586,100,100443,100,99528,100,100474,100,99499,100,100577,100,99459,100,100797,100,99259,100,,,,,,,,
2019-06-28 09:57:35.193312757,100247,383,99845,583,100257,100,99844,100,100319,100,99816,100,100385,100,99586,100,100443,100,99528,100,100474,100,99499,100,100573,100,99459,100,100577,100,99259,100,100797,100,,,,,,
2019-06-28 09:57:40.000000000,100257,483,99845,583,100319,100,99844,100,100385,100,99816,100,100443,100,99586,100,100474,100,99528,100,100573,100,99499,100,100577,100,99459,100,100797,100,99259,100,,,,,,,,
2019-06-28 09:57:44.287039779,100257,483,100087,100,100319,100,99845,583,100385,100,99844,100,100443,100,99816,100,100474,100,99586,100,100573,100,99528,100,100577,100,99499,100,100797,100,99459,100,,,99259,100,,,,
2019-06-28 09:57:50.000000000,100257,230,100087,230,100319,226,99845,326,100385,226,99844,226,100443,100,99816,100,100474,100,99586,100,100573,100,99528,100,100577,100,99499,100,100797,100,99459,100,,,99259,100,,,,
2019-06-28 09:57:52.302251640,100174,100,100087,230,100257,230,99845,326,100319,226,99844,226,100385,226,99816,100,100443,100,99586,100,100474,100,99528,100,100573,100,99499,100,100577,100,99459,100,100797,100,99259,100,,,,
2019-06-28 09:57:55.406611318,100174,200,100087,230,100257,230,99845,326,100319,226,99844,226,100385,226,99816,100,100443,100,99586,100,100474,100,99528,100,100573,100,99499,100,100577,100,99459,100,100797,100,99259,100,,,,
2019-06-28 09:58:00.000000000,100174,277,100087,177,100257,177,99845,277,100319,177,99844,177,100385,177,99816,177,100443,177,99586,177,100474,100,99528,100,100573,100,99499,100,100577,100,99459,100,100797,100,99259,100,,,,
2019-06-28 09:58:10.000000000,100174,583,100087,483,100257,100,99845,200,100319,100,99844,100,100385,100,99816,100,100443,100,99586,100,100474,100,99528,100,100573,100,99499,100,100577,100,99459,100,100797,100,99259,100,,,,
2019-06-28 09:58:10.312602113,100169,100,100087,483,100174,583,99845,200,100257,100,99844,100,100319,100,99816,100,100385,100,99586,100,100443,100,99528,100,100474,100,99499,100,100573,100,99459,100,100577,100,99259,100,100797,100,,
2019-06-28 09:58:20.000000000,100169,483,100087,483,100174,200,99845,200,100257,100,99844,100,100319,100,99816,100,100385,100,99586,100,100443,100,99528,100,100474,100,99499,100,100573,100,99459,100,100577,100,99259,100,100797,100,,
2019-06-28 09:58:25.140724987,100169,483,100087,283,100174,200,99845,200,100257,100,99844,100,100319,100,99816,100,100385,100,99586,100,100443,100,99528,100,100474,100,99499,100,100573,100,99459,100,100577,100,99259,100,100797,100,,
2019-06-28 09:58:30.000000000,100169,177,99845,277,100174,277,99844,177,100257,177,99816,177,100319,177,99586,177,100385,177,99528,177,100443,100,99499,100,100474,100,99459,100,100573,100,99259,100,100577,100,,,100797,100,,
2019-06-28 09:58:36.534621874,100168,100,99845,277,100169,177,99844,177,100174,277,99816,177,100257,177,99586,177,100319,177,99528,177,100385,177,99499,100,100443,100,99459,100,100474,100,99259,100,100573,100,,,100577,100,,
2019-06-28 09:58:38.264532927,100168,100,99883,100,100169,177,99845,277,100174,277,99844,177,100257,177,99816,177,100319,177,99586,177,100385,177,99528,177,100443,100,99499,100,100474,100,99459,100,100573,100,99259,100,100577,100,,
2019-06-28 09:58:39.452723575,100168,100,100027,100,100169,177,99883,100,100174,277,99845,277,100257,177,99844,177,100319,177,99816,177,100385,177,99586,177,100443,100,99528,177,100474,100,99499,100,100573,100,99459,100,100577,100,99259,100
2019-06-28 09:58:40.000000000,100168,230,100027,230,100169,226,99883,226,100174,326,99845,326,100257,100,99844,100,100319,100,99816,100,100385,100,99586,100,100443,100,99528,100,100474,100,99499,100,100573,100,99459,100,100577,100,99259,100
2019-06-28 09:58:47.312817159,100168,230,100027,230,100169,226,100013,100,100174,326,99883,226,100257,100,99845,326,100319,100,99844,100,100385,100,99816,100,100443,100,99586,100,100474,100,99528,100,100573,100,99499,100,100577,100,99459,100
2019-06-28 09:58:50.000000000,100168,230,100027,230,100169,226,100013,226,100174,326,99883,226,100257,100,99845,200,100319,100,99844,100,100385,100,99816,100,100443,100,99586,100,100474,100,99528,100,100573,100,99499,100,100577,100,99459,100
2019-06-28 09:58:50.115105256,100164,100,100027,230,100168,230,100013,226,100169,226,99883,226,100174,326,99845,200,100257,100,99844,100,100319,100,99816,100,100385,100,99586,100,100443,100,99528,100,100474,100,99499,100,100573,100,99459,100
2019-06-28 09:59:00.000000000,100164,177,100027,177,100168,177,100013,177,100169,177,99883,177,100174,277,99845,277,100257,177,99844,177,100319,100,99816,100,100385,100,99586,100,100443,100,99528,100,100474,100,99499,100,100573,100,99459,100
2019-06-28 09:59:10.000000000,100164,177,100027,177,100168,177,100013,177,100169,177,99883,177,100174,277,99845,277,100257,177,99844,177,100319,100,99816,100,100385,100,99586,100,100443,100,99528,100,100474,100,99499,100,100573,100,99459,100
2019-06-28 09:59:20.000000000,100164,196,100027,196,100168,196,100013,196,100169,196,99883,196,100174,296,99845,296,100257,100,99844,100,100319,100,99816,100,100385,100,99586,100,100443,100,99528,100,100474,100,99499,100,100573,100,99459,100
2019-06-28 09:59:24.204085514,100164,196,100027,96,100168,196,100013,196,100169,196,99883,196,100174,296,99845,296,100257,100,99844,100,100319,100,99816,100,100385,100,99586,100,100443,100,99499,100,100474,100,99459,100,100573,100,99259,100
2019-06-28 09:59:28.184458306,100027,4,100013,196,100164,196,99883,196,100168,196,99845,296,100169,196,99844,100,100174,296,99816,100,100257,100,99586,100,100319,100,99499,100,100385,100,99459,100,100443,100,99259,100,100474,100,,
2019-06-28 09:59:30.000000000,100027,196,100013,292,100164,292,99883,292,100168,100,99845,200,100169,100,99844,100,100174,200,99816,100,100257,100,99586,100,100319,100,99499,100,100385,100,99459,100,100443,100,99259,100,100474,100,,
2019-06-28 09:59:30.859348114,100027,196,100013,292,100164,292,99922,100,100168,100,99883,292,100169,100,99845,200,100174,200,99844,100,100319,100,99816,100,100385,100,99586,100,100443,100,99499,100,100474,100,99459,100,100573,100,99259,100
2019-06-28 09:59:32.063604124,100027,196,100013,292,100164,292,99922,100,100168,100,99906,100,100169,100,99883,292,100174,200,99845,200,100319,100,99844,100,100385,100,99816,100,100443,100,99586,100,100474,100,99499,100,100573,100,99459,100
2019-06-28 09:59:38.035595900,100027,196,100013,192,100164,292,99922,100,100168,100,99906,100,100169,100,99883,292,100174,200,99845,200,100319,100,99844,100,100385,100,99816,100,100443,100,99586,100,100474,100,99499,100,100573,100,99459,100
2019-06-28 09:59:40.000000000,100027,81,99922,177,100164,177,99906,177,100168,177,99883,177,100169,177,99845,277,100174,277,99844,177,100319,100,99816,100,100385,100,99586,100,100443,100,99499,100,100474,100,99459,100,100573,100,99259,100
2019-06-28 09:59:50.000000000,100027,196,99922,292,100164,292,99906,292,100168,100,99883,100,100169,100,99845,200,100174,200,99844,100,100319,100,99816,100,100385,100,99586,100,100443,100,99499,100,100474,100,99459,100,100573,100,99259,100
2019-06-28 10:00:00.000000000,100027,100,99922,196,100164,196,99906,196,100168,196,99883,196,100169,196,99845,296,100174,200,99844,100,100319,100,99816,100,100385,100,99586,100,100443,100,99499,100,100474,100,99459,100,100573,100,99259,100
2019-06-28 10:00:01.166118883,100026,100,99922,196,100027,100,99906,196,100164,196,99883,196,100168,196,99845,296,100169,196,99844,100,100174,200,99816,100,100319,100,99586,100,100385,100,99499,100,100443,100,99459,100,100474,100,99259,100
2019-06-28 10:00:02.685257977,99997,100,99922,196,100026,100,99906,196,100027,100,99883,196,100164,196,99845,296,100168,196,99844,100,100169,196,99816,100,100174,200,99586,100,100385,100,99499,100,100443,100,99459,100,100474,100,99259,100
2019-06-28 10:00:10.000000000,99997,292,99922,292,100026,292,99906,292,100027,4,99883,100,100164,100,99845,200,100168,100,99844,100,100169,100,99816,100,100174,200,99586,100,100385,100,99499,100,100443,100,99459,100,100474,100,99259,100
2019-06-28 10:00:16.274146475,99997,292,99922,292,100026,292,99906,292,100027,4,99883,100,100164,100,99845,200,100168,100,99844,100,100169,100,99816,100,100174,200,99785,100,100385,100,99586,100,100443,100,99499,100,100474,100,99459,100
2019-06-28 10:00:20.000000000,99997,483,99922,483,100026,100,99906,100,100027,4,99883,100,100164,100,99845,200,100168,100,99844,100,100169,100,99816,100,100174,200,99785,100,100385,100,99586,100,100443,100,99499,100,100474,100,99459,100
2019-06-28 10:00:30.000000000,99997,230,99922,230,100026,226,99906,226,100027,130,99883,226,100164,100,99845,200,100168,100,99844,100,100169,100,99816,100,100174,200,99785,100,100385,100,99586,100,100443,100,99499,100,100474,100,99459,100
2019-06-28 10:00:40.000000000,99997,196,99922,196,100026,196,99906,196,100027,100,99883,196,100164,196,99845,296,100168,100,99844,100,100169,100,99816,100,100174,200,99785,100,100385,100,99586,100,100443,100,99499,100,100474,100,99459,100
2019-06-28 10:00:49.613400360,99997,196,99922,196,100026,196,99906,196,100027,100,99883,196,100136,100,99845,296,100164,196,99844,100,100168,100,99816,100,100169,100,99785,100,100174,200,99586,100,100385,100,99499,100,100443,100,99459,100
2019-06-28 10:00:50.000000000,99997,292,99922,292,100026,292,99906,292,100027,4,99883,100,100136,100,99845,200,100164,100,99844,100,100168,100,99816,100,100169,100,99785,100,100174,200,99586,100,100385,100,99499,100,100443,100,99459,100
2019-06-28 10:00:56.024161531,99997,292,99922,292,100026,292,99906,292,100027,4,99883,100,100136,100,99845,200,100164,100,99816,100,100168,100,99785,100,100169,100,99586,100,100174,200,99499,100,100385,100,99459,100,100443,100,99259,100
2019-06-28 10:01:00.000000000,99997,196,99922,196,100026,196,99906,196,100027,100,99883,196,100136,196,99845,296,100164,100,99816,100,100168,100,99785,100,100169,100,99586,100,100174,200,99499,100,100385,100,99459,100,100443,100,99259,100
2019-06-28 10:01:08.764383941,99997,196,99922,196,100026,196,99906,196,100027,100,99883,196,100136,196,99845,296,100164,100,99816,100,100169,100,99785,100,100174,200,99586,100,100385,100,99499,100,100443,100,99459,100,100474,100,99259,100
2019-06-28 10:01:10.000000000,99997,196,99922,196,100026,196,99906,196,100027,100,99883,196,100136,196,99845,296,100164,100,99816,100,100169,100,99785,100,100174,200,99586,100,100385,100,99499,100,100443,100,99459,100,100474,100,99259,100
2019-06-28 10:01:20.000000000,99997,177,99922,177,100026,177,99906,177,100027,81,99883,177,100136,177,99845,277,100164,177,99816,177,100169,100,99785,100,100174,200,99586,100,100385,100,99499,100,100443,100,99459,100,100474,100,99259,100
2019-06-28 10:01:24.630747104,99997,77,99922,177,100026,177,99906,177,100027,81,99883,177,100136,177,99845,277,100164,177,99816,177,100169,100,99586,100,100174,200,99499,100,100385,100,99459,100,100443,100,99259,100,100474,100,,
2019-06-28 10:01:30.000000000,100026,177,99922,177,100027,81,99906,177,100136,177,99883,177,100164,177,99845,277,100169,177,99816,177,100174,200,99586,100,100385,100,99499,100,100443,100,99459,100,100474,100,99259,100,100573,100,,
2019-06-28 10:01:40.000000000,100026,230,99922,230,100027,130,99906,226,100136,226,99883,226,100164,100,99845,200,100169,100,99816,100,100174,200,99586,100,100385,100,99499,100,100443,100,99459,100,100474,100,99259,100,100573,100,,
2019-06-28 10:01:50.000000000,100026,292,99922,292,100027,196,99906,292,100136,100,99883,100,100164,100,99845,200,100169,100,99816,100,100174,200,99586,100,100385,100,99499,100,100443,100,99459,100,100474,100,99259,100,100573,100,,
2019-06-28 10:01:51.384181254,100026,292,100014,100,100027,196,99922,292,100136,100,99906,292,100164,100,99883,100,100169,100,99845,200,100174,200,99816,100,100385,100,99586,100,100443,100,99499,100,100474,100,99459,100,100573,100,99259,100
2019-06-28 10:02:00.000000000,100026,483,100014,483,100027,4,99922,100,100136,100,99906,100,100164,100,99883,100,100169,100,99845,200,100174,200,99816,100,100385,100,99586,100,100443,100,99499,100,100474,100,99459,100,100573,100,99259,100
2019-06-28 10:02:03.859515611,100026,483,100014,483,100027,4,99922,100,100136,100,99906,100,100164,100,99883,100,100169,100,99845,200,100174,200,99816,100,100385,100,99586,100,100443,100,99499,100,100454,100,99259,100,100474,100,,
2019-06-28 10:02:07.929621071,100026,383,100014,483,100027,4,99922,100,100136,100,99906,100,100164,100,99883,100,100169,100,99845,200,100174,200,99816,100,100385,100,99586,100,100443,100,99499,100,100454,100,99259,100,100474,100,,
2019-06-28 10:02:09.035451897,100026,283,100014,483,100027,4,99922,100,100136,100,99906,100,100169,100,99883,100,100174,200,99845,200,100385,100,99816,100,100443,100,99586,100,100454,100,99499,100,100474,100,99259,100,100573,100,,
2019-06-28 10:02:10.000000000,100027,81,100014,177,100136,177,99922,177,100169,177,99906,177,100174,277,99883,177,100385,177,99845,277,100443,100,99816,100,100454,100,99586,100,100474,100,99499,100,100573,100,99259,100,100797,100,,
2019-06-28 10:02:20.000000000,100027,81,100014,177,100136,177,99922,177,100169,177,99906,177,100174,277,99883,177,100385,177,99845,277,100443,100,99816,100,100454,100,99586,100,100474,100,99499,100,100573,100,99259,100,100797,100,,
2019-06-28 10:02:30.000000000,100027,134,100014,230,100136,226,99922,226,100169,226,99906,226,100174,200,99883,100,100385,100,99845,200,100443,100,99816,100,100454,100,99586,100,100474,100,99499,100,100573,100,99259,100,100797,100,,
2019-06-28 10:02:40.000000000,100027,134,100014,230,100136,226,99922,226,100169,226,99906,226,100174,200,99883,100,100385,100,99845,200,100443,100,99816,100,100454,100,99586,100,100474,100,99499,100,100573,100,99259,100,100797,100,,
2019-06-28 10:02:47.227103748,100027,134,100026,100,100136,226,100014,230,100169,226,99922,226,100174,200,99906,226,100385,100,99883,100,100443,100,99845,200,100454,100,99816,100,100474,100,99586,100,100573,100,99499,100,100797,100,99259,100
2019-06-28 10:02:49.234654254,100027,34,100026,100,100136,226,100014,230,100169,226,99922,226,100174,200,99906,226,100385,100,99883,100,100454,100,99845,200,100474,100,99816,100,100573,100,99586,100,100797,100,99499,100,,,99259,100
2019-06-28 10:02:50.000000000,100136,177,100026,177,100169,177,100014,177,100174,277,99922,177,100385,177,99906,177,100454,177,99883,177,100474,100,99845,200,100573,100,99816,100,100797,100,99586,100,,,99499,100,,,99259,100
2019-06-28 10:02:55.101400349,100136,177,100026,177,100169,177,100014,177,100174,277,99922,177,100385,177,99906,177,100454,177,99883,177,100474,100,99845,200,100573,100,99816,100,100797,100,99586,100,101138,100,99499,100,,,99259,100
2019-06-28 10:03:00.000000000,100136,292,100026,292,100169,292,100014,292,100174,200,99922,100,100385,100,99906,100,100454,100,99883,100,100474,100,99845,200,100573,100,99816,100,100797,100,99586,100,101138,100,99499,100,,,99259,100
2019-06-28 10:03:10.000000000,100136,483,100026,483,100169,100,100014,100,100174,200,99922,100,100385,100,99906,100,100454,100,99883,100,100474,100,99845,200,100573,100,99816,100,100797,100,99586,100,101138,100,99499,100,,,99259,100
2019-06-28 10:03:20.000000000,100136,177,100026,177,100169,177,100014,177,100174,277,99922,177,100385,177,99906,177,100454,177,99883,177,100474,100,99845,200,100573,100,99816,100,100797,100,99586,100,101138,100,99499,100,,,99259,100
2019-06-28 10:03:21.828083694,100136,177,100026,177,100169,177,100014,177,100174,277,99922,177,100385,177,99906,177,100454,177,99883,177,100474,100,99845,200,100573,100,99816,100,100797,100,99586,100,100957,100,99499,100,101138,100,99259,100
2019-06-28 10:03:30.000000000,100136,196,100026,196,100169,196,100014,196,100174,296,99922,196,100385,196,99906,196,100454,100,99883,100,100474,100,99845,200,100573,100,99816,100,100797,100,99586,100,100957,100,99499,100,101138,100,99259,100
2019-06-28 10:03:40.000000000,100136,196,100026,196,100169,196,100014,196,100174,296,99922,196,100385,196,99906,196,100454,100,99883,100,100474,100,99845,200,100573,100,99816,100,100797,100,99586,100,100957,100,99499,100,101138,100,99259,100
2019-06-28 10:03:49.167346433,100136,196,100026,196,100169,196,100014,196,100174,296,99922,196,100385,196,99906,196,100454,100,99883,100,100474,100,99845,200,100573,100,99586,100,100797,100,99499,100,100944,100,99259,100,100957,100,,
2019-06-28 10:03:50.000000000,100136,177,100026,177,100169,177,100014,177,100174,277,99922,177,100385,177,99906,177,100454,177,99883,177,100474,100,99845,200,100573,100,99586,100,100797,100,99499,100,100944,100,99259,100,100957,100,,
2019-06-28 10:04:00.000000000,100136,230,100026,230,100169,226,100014,226,100174,326,99922,226,100385,100,99906,100,100454,100,99883,100,100474,100,99845,200,100573,100,99586,100,100797,100,99499,100,100944,100,99259,100,100957,100,,
2019-06-28 10:04:10.000000000,100136,196,100026,196,100169,196,100014,196,100174,296,99922,196,100385,196,99906,196,100454,100,99883,100,100474,100,99845,200,100573,100,99586,100,100797,100,99499,100,100944,100,99259,100,100957,100,,
2019-06-28 10:04:16.414819902,100136,196,100027,100,100169,196,100026,196,100174,296,100014,196,100385,196,99922,196,100454,100,99906,196,100474,100,99883,100,100573,100,99845,200,100797,100,99586,100,100944,100,99499,100,100957,100,99259,100
2019-06-28 10:04:20.000000000,100136,292,100027,292,100169,292,100026,292,100174,200,100014,100,100385,100,99922,100,100454,100,99906,100,100474,100,99883,100,100573,100,99845,200,100797,100,99586,100,100944,100,99499,100,100957,100,99259,100
2019-06-28 10:04:26.872119009,100136,192,100027,292,100169,292,100026,292,100174,200,100014,100,100385,100,99922,100,100454,100,99906,100,100474,100,99883,100,100573,100,99845,200,100797,100,99586,100,100944,100,99499,100,100957,100,99259,100
2019-06-28 10:04:30.000000000,100169,230,100027,230,100174,326,100026,226,100385,226,100014,226,100454,100,99922,100,100474,100,99906,100,100573,100,99883,100,100797,100,99845,200,100944,100,99586,100,100957,100,99499,100,101138,100,99259,100
2019-06-28 10:04:40.000000000,100169,483,100027,483,100174,200,100026,100,100385,100,100014,100,100454,100,99922,100,100474,100,99906,100,100573,100,99883,100,100797,100,99845,200,100944,100,99586,100,100957,100,99499,100,101138,100,99259,100
2019-06-28 10:04:49.497008785,100169,483,100027,483,100174,200,100026,100,100385,100,100014,100,100454,100,99922,100,100474,100,99906,100,100573,100,99883,100,100797,100,99845,200,100944,100,99586,100,100957,100,99499,100,101138,100,99259,100
2019-06-28 10:04:50.000000000,100169,196,100027,196,100174,296,100026,196,100385,196,100014,196,100454,196,99922,196,100474,100,99906,100,100573,100,99883,100,100797,100,99845,200,100944,100,99586,100,100957,100,99499,100,101138,100,99259,100
2019-06-28 10:04:54.095672921,100169,196,100027,196,100174,296,100026,96,100385,196,100014,196,100454,196,99922,196,100474,100,99906,100,100573,100,99883,100,100797,100,99845,200,100944,100,99586,100,100957,100,99499,100,101138,100,99259,100
2019-06-28 10:05:00.000000000,100169,230,100027,230,100174,326,100014,226,100385,226,99922,226,100454,100,99906,100,100474,100,99883,100,100573,100,99845,200,100797,100,99586,100,100944,100,99499,100,100957,100,99259,100,101138,100,,
2019-06-28 10:05:10.000000000,100169,483,100027,483,100174,200,100014,100,100385,100,99922,100,100454,100,99906,100,100474,100,99883,100,100573,100,99845,200,100797,100,99586,100,100944,100,99499,100,100957,100,99259,100,101138,100,,
2019-06-28 10:05:20.000000000,100169,177,100027,177,100174,277,100014,177,100385,177,99922,177,100454,177,99906,177,100474,177,99883,177,100573,100,99845,200,100797,100,99586,100,100944,100,99499,100,100957,100,99259,100,101138,100,,
2019-06-28 10:05:25.028971490,100169,177,100027,177,100174,277,100014,177,100385,177,99922,177,100454,177,99906,177,100474,177,99883,177,100573,100,99845,200,100797,100,99586,100,100944,100,99499,100,101138,100,99259,100,101232,100,,
2019-06-28 10:05:30.000000000,100169,483,100027,483,100174,200,100014,100,100385,100,99922,100,100454,100,99906,100,100474,100,99883,100,100573,100,99845,200,100797,100,99586,100,100944,100,99499,100,101138,100,99259,100,101232,100,,
2019-06-28 10:05:36.597792949,100169,383,100027,483,100174,200,100014,100,100385,100,99922,100,100454,100,99906,100,100474,100,99883,100,100573,100,99845,200,100797,100,99586,100,100944,100,99499,100,101138,100,99259,100,101232,100,,
2019-06-28 10:05:40.000000000,100174,296,100027,196,100385,196,100014,196,100454,196,99922,196,100474,196,99906,196,100573,100,99883,100,100797,100,99845,200,100944,100,99586,100,101138,100,99499,100,101232,100,99259,100,101540,100,,
2019-06-28 10:05:43.623096870,100174,196,100027,196,100385,196,100014,196,100454,196,99922,196,100474,196,99906,196,100573,100,99883,100,100797,100,99845,200,100944,100,99586,100,101138,100,99499,100,101232,100,99259,100,101540,100,,
2019-06-28 10:05:50.000000000,100174,177,100027,177,100385,177,100014,177,100454,177,99922,177,100474,177,99906,177,100573,177,99883,177,100797,100,99845,200,100944,100,99586,100,101138,100,99499,100,101232,100,99259,100,101540,100,,
2019-06-28 10:06:00.000000000,100174,483,100027,483,100385,100,100014,100,100454,100,99922,100,100474,100,99906,100,100573,100,99883,100,100797,100,99845,200,100944,100,99586,100,101138,100,99499,100,101232,100,99259,100,101540,100,,
2019-06-28 10:06:10.000000000,100174,196,100027,196,100385,196,100014,196,100454,196,99922,196,100474,196,99906,196,100573,100,99883,100,100797,100,99845,200,100944,100,99586,100,101138,100,99499,100,101232,100,99259,100,101540,100,,
2019-06-28 10:06:20.000000000,100174,483,100027,483,100385,100,100014,100,100454,100,99922,100,100474,100,99906,100,100573,100,99883,100,100797,100,99845,200,100944,100,99586,100,101138,100,99499,100,101232,100,99259,100,101540,100,,
2019-06-28 10:06:30.000000000,100174,483,100027,483,100385,100,100014,100,100454,100,99922,100,100474,100,99906,100,100573,100,99883,100,100797,100,99845,200,100944,100,99586,100,101138,100,99499,100,101232,100,99259,100,101540,100,,
2019-06-28 10:06:35.150107737,100174,383,100027,483,100385,100,100014,100,100454,100,99922,100,100474,100,99906,100,100573,100,99883,100,100797,100,99845,200,100944,100,99586,100,101138,100,99499,100,101232,100,99259,100,101540,100,,
2019-06-28 10:06:36.099368129,100174,283,100027,483,100385,100,100014,100,100454,100,99922,100,100474,100,99906,100,100573,100,99883,100,100797,100,99845,200,100944,100,99586,100,101138,100,99499,100,101232,100,99259,100,101540,100,,
2019-06-28 10:06:40.000000000,100385,230,100027,230,100454,226,100014,226,100474,226,99922,226,100573,100,99906,100,100797,100,99883,100,100944,100,99845,200,101138,100,99586,100,101232,100,99499,100,101540,100,99259,100,,,,
2019-06-28 10:06:48.409016016,100385,130,100027,230,100454,226,100014,226,100474,226,99922,226,100573,100,99906,100,100797,100,99883,100,100944,100,99845,200,101138,100,99586,100,101232,100,99499,100,101540,100,99259,100,,,,
2019-06-28 10:06:50.000000000,100454,196,100027,196,100474,196,100014,196,100573,196,99922,196,100797,196,99906,196,100944,100,99883,100,101138,100,99845,200,101232,100,99586,100,101540,100,99499,100,,,99259,100,,,,
2019-06-28 10:06:50.491316471,100454,96,100027,196,100474,196,100014,196,100573,196,99922,196,100797,196,99906,196,100944,100,99883,100,101138,100,99845,200,101232,100,99586,100,101540,100,99499,100,,,99259,100,,,,
2019-06-28 10:06:54.887763917,100474,196,100454,4,100573,196,100027,196,100797,196,100014,196,100944,100,99922,196,101138,100,99906,196,101232,100,99883,100,101540,100,99845,200,,,99586,100,,,99499,100,,,99259,100
2019-06-28 10:06:58.115455767,100474,196,100454,4,100573,196,100027,196,100797,196,100014,196,100944,100,99922,196,101138,100,99906,196,101232,100,99883,100,101455,100,99845,200,101540,100,99586,100,,,99499,100,,,99259,100
2019-06-28 10:06:59.652169242,100474,196,100454,4,100573,196,100027,196,100797,196,100014,196,100944,100,99922,196,101127,100,99906,196,101138,100,99883,100,101232,100,99845,200,101455,100,99586,100,101540,100,99499,100,,,99259,100
2019-06-28 10:07:00.000000000,100474,177,100454,81,100573,177,100027,177,100797,177,100014,177,100944,177,99922,177,101127,177,99906,177,101138,100,99883,100,101232,100,99845,200,101455,100,99586,100,101540,100,99499,100,,,99259,100
2019-06-28 10:07:04.013663209,100474,77,100454,81,100573,177,100027,177,100797,177,100014,177,100944,177,99922,177,101127,177,99906,177,101138,100,99883,100,101232,100,99845,200,101455,100,99586,100,101540,100,99499,100,,,99259,100
2019-06-28 10:07:10.000000000,100573,230,100454,134,100797,226,100027,226,100944,226,100014,226,101127,100,99922,100,101138,100,99906,100,101232,100,99883,100,101455,100,99845,200,101540,100,99586,100,,,99499,100,,,99259,100
2019-06-28 10:07:12.236330219,100573,230,100455,100,100797,226,100454,134,100944,226,100027,226,101127,100,100014,226,101138,100,99922,100,101232,100,99906,100,101455,100,99883,100,101540,100,99845,200,,,99586,100,,,99499,100
2019-06-28 10:07:20.000000000,100573,230,100455,230,100797,226,100454,130,100944,226,100027,226,101127,100,100014,100,101138,100,99922,100,101232,100,99906,100,101455,100,99883,100,101540,100,99845,200,,,99586,100,,,99499,100
2019-06-28 10:07:20.907244020,100573,230,100455,330,100797,226,100454,130,100944,226,100027,226,101127,100,100014,100,101138,100,99922,100,101232,100,99906,100,101455,100,99883,100,101540,100,99845,200,,,99586,100,,,99499,100
2019-06-28 10:07:26.006790764,100573,230,100455,330,100797,226,100454,130,100944,226,100027,226,101127,100,100014,100,101138,100,99922,100,101232,100,99906,100,101393,100,99883,100,101455,100,99845,200,101540,100,99586,100,,,99499,100
2019-06-28 10:07:30.000000000,100573,177,100455,277,100797,177,100454,81,100944,177,100027,177,101127,177,100014,177,101138,177,99922,177,101232,100,99906,100,101393,100,99883,100,101455,100,99845,200,101540,100,99586,100,,,99499,100
2019-06-28 10:07:40.000000000,100573,230,100455,330,100797,226,100454,130,100944,226,100027,226,101127,100,100014,100,101138,100,99922,100,101232,100,99906,100,101393,100,99883,100,101455,100,99845,200,101540,100,99586,100,,,99499,100
2019-06-28 10:07:50.000000000,100573,177,100455,277,100797,177,100454,81,100944,177,100027,177,101127,177,100014,177,101138,177,99922,177,101232,100,99906,100,101393,100,99883,100,101455,100,99845,200,101540,100,99586,100,,,99499,100
2019-06-28 10:07:54.633651313,100573,77,100455,277,100797,177,100454,77,100944,177,100027,177,101127,177,100014,177,101138,177,99922,177,101232,100,99906,100,101393,100,99883,100,101455,100,99845,200,101540,100,99586,100,,,99499,100
2019-06-28 10:08:00.000000000,100797,177,100455,277,100944,177,100027,177,101127,177,100014,177,101138,177,99922,177,101232,177,99906,177,101393,100,99883,100,101455,100,99845,200,101540,100,99586,100,,,99499,100,,,99259,100
2019-06-28 10:08:04.681967978,100797,177,100455,277,100944,177,100027,177,101127,177,100014,177,101138,177,99922,177,101232,177,99906,177,101393,100,99883,100,101455,100,99845,200,101530,100,99586,100,101540,100,99499,100,,,99259,100
2019-06-28 10:08:10.000000000,100797,196,100455,296,100944,196,100027,196,101127,196,100014,196,101138,196,99922,196,101232,100,99906,100,101393,100,99883,100,101455,100,99845,200,101530,100,99586,100,101540,100,99499,100,,,99259,100
2019-06-28 10:08:20.000000000,100797,196,100455,296,100944,196,100027,196,101127,196,100014,196,101138,196,99922,196,101232,100,99906,100,101393,100,99883,100,101455,100,99845,200,101530,100,99586,100,101540,100,99499,100,,,99259,100
2019-06-28 10:08:28.627896735,100797,196,100474,100,100944,196,100455,296,101127,196,100027,196,101138,196,100014,196,101232,100,99922,196,101393,100,99906,100,101455,100,99883,100,101530,100,99845,200,101540,100,99586,100,,,99499,100
2019-06-28 10:08:30.000000000,100797,483,100474,483,100944,100,100455,200,101127,100,100027,100,101138,100,100014,100,101232,100,99922,100,101393,100,99906,100,101455,100,99883,100,101530,100,99845,200,101540,100,99586,100,,,99499,100
2019-06-28 10:08:40.000000000,100797,292,100474,292,100944,292,100455,392,101127,100,100027,100,101138,100,100014,100,101232,100,99922,100,101393,100,99906,100,101455,100,99883,100,101530,100,99845,200,101540,100,99586,100,,,99499,100
2019-06-28 10:08:50.000000000,100797,483,100474,483,100944,100,100455,200,101127,100,100027,100,101138,100,100014,100,101232,100,99922,100,101393,100,99906,100,101455,100,99883,100,101530,100,99845,200,101540,100,99586,100,,,99499,100
2019-06-28 10:09:00.000000000,100797,483,100474,483,100944,100,100455,200,101127,100,100027,100,101138,100,100014,100,101232,100,99922,100,101393,100,99906,100,101455,100,99883,100,101530,100,99845,200,101540,100,99586,100,,,99499,100
2019-06-28 10:09:04.141632573,100797,283,100474,483,100944,100,100455,200,101127,100,100027,100,101138,100,100014,100,101232,100,99922,100,101393,100,99906,100,101455,100,99883,100,101530,100,99845,200,101540,100,99586,100,,,99499,100
2019-06-28 10:09:10.000000000,100944,230,100474,230,101127,226,100455,326,101138,226,100027,226,101232,100,100014,100,101393,100,99922,100,101455,100,99906,100,101530,100,99883,100,101540,100,99845,200,,,99586,100,,,99499,100
2019-06-28 10:09:20.000000000,100944,196,100474,196,101127,196,100455,296,101138,196,100027,196,101232,196,100014,196,101393,100,99922,100,101455,100,99906,100,101530,100,99883,100,101540,100,99845,200,,,99586,100,,,99499,100
2019-06-28 10:09:25.258586621,100944,196,100474,196,101127,196,100455,296,101131,100,100027,196,101138,196,100014,196,101232,196,99922,100,101393,100,99906,100,101455,100,99883,100,101530,100,99845,200,101540,100,99499,100,,,99259,100
2019-06-28 10:09:29.122859023,100944,196,100914,100,101127,196,100474,196,101131,100,100455,296,101138,196,100027,196,101232,196,100014,196,101393,100,99922,100,101530,100,99906,100,101540,100,99883,100,,,99845,200,,,99499,100
2019-06-28 10:09:30.000000000,100944,196,100914,196,101127,196,100474,196,101131,196,100455,296,101138,196,100027,196,101232,100,100014,100,101393,100,99922,100,101530,100,99906,100,101540,100,99883,100,,,99845,200,,,99499,100
2019-06-28 10:09:34.949224629,100944,196,100914,196,100970,100,100474,196,101127,196,100455,296,101131,196,100027,196,101138,196,100014,100,101232,100,99922,100,101530,100,99906,100,101540,100,99883,100,,,99845,200,,,99499,100
2019-06-28 10:09:40.000000000,100944,196,100914,196,100970,196,100474,196,101127,196,100455,296,101131,196,100027,196,101138,100,100014,100,101232,100,99922,100,101530,100,99906,100,101540,100,99883,100,,,99845,200,,,99499,100
2019-06-28 10:09:50.000000000,100944,196,100914,196,100970,196,100474,196,101127,196,100455,296,101131,196,100027,196,101138,100,100014,100,101232,100,99922,100,101530,100,99906,100,101540,100,99883,100,,,99845,200,,,99499,100
