,ask_price_1,ask_size_1,bid_price_1,bid_size_1,ask_price_2,ask_size_2,bid_price_2,bid_size_2,ask_price_3,ask_size_3,bid_price_3,bid_size_3,ask_price_4,ask_size_4,bid_price_4,bid_size_4,ask_price_5,ask_size_5,bid_price_5,bid_size_5,ask_price_6,ask_size_6,bid_price_6,bid_size_6,ask_price_7,ask_size_7,bid_price_7,bid_size_7,ask_price_8,ask_size_8,bid_price_8,bid_size_8,ask_price_9,ask_size_9,bid_price_9,bid_size_9,ask_price_10,ask_size_10,bid_price_10,bid_size_10
2019-06-28 09:30:00.000000001,,,99942,100,,,,,,,,,,,,,,,,,,,,,,,,,,,,,,,,,,,,
2019-06-28 09:30:00.000000002,99979,100,99942,100,,,,,,,,,,,,,,,,,,,,,,,,,,,,,,,,,,,,
2019-06-28 09:30:00.000000003,99979,100,99966,100,,,99942,100,,,99925,100,,,,,,,,,,,,,,,,,,,,,,,,,,,,
2019-06-28 09:30:00.000000005,99979,100,99966,100,100091,100,99942,100,,,99925,100,,,,,,,,,,,,,,,,,,,,,,,,,,,,
2019-06-28 09:30:00.000000006,100091,100,99966,100,,,99942,100,,,99925,100,,,,,,,,,,,,,,,,,,,,,,,,,,,,
2019-06-28 09:30:00.000000008,100091,100,99966,100,,,99942,100,,,99929,100,,,99925,100,,,,,,,,,,,,,,,,,,,,,,,,
2019-06-28 09:30:00.000000012,100015,100,99966,100,100091,100,99942,100,100150,100,99929,100,,,99925,100,,,99852,100,,,,,,,,,,,,,,,,,,,,
2019-06-28 09:30:00.000000015,100015,100,99966,100,100091,100,99942,100,100150,100,99929,100,,,99925,100,,,99901,100,,,99852,100,,,,,,,,,,,,,,,,
2019-06-28 09:30:00.000000022,100015,100,99942,100,100091,100,99929,100,100150,100,99925,100,,,99901,100,,,99852,100,,,,,,,,,,,,,,,,,,,,
2019-06-28 09:30:00.000000023,99997,100,99942,100,100015,100,99929,100,100091,100,99925,100,100150,100,99901,100,,,99852,100,,,,,,,,,,,,,,,,,,,,
2019-06-28 09:30:00.000000024,99997,100,99942,100,100015,100,99929,100,100029,100,99925,100,100091,100,99901,100,100103,100,99852,100,100150,100,,,,,,,,,,,,,,,,,,
2019-06-28 09:30:00.000000025,99997,100,99966,100,100015,100,99942,100,100029,100,99929,100,100091,100,99925,100,100103,100,99901,100,100140,100,99852,100,100150,100,,,,,,,,,,,,,,
2019-06-28 09:30:00.000000029,99997,100,99966,300,100015,100,99942,100,100029,100,99929,100,100091,100,99925,100,100103,100,99901,100,100140,100,99852,100,100150,100,,,,,,,,,,,,,,
2019-06-28 09:30:00.000000031,99997,100,99966,300,100015,100,99942,100,100029,100,99929,100,100091,100,99925,100,100103,100,99901,100,100104,100,99852,100,100140,100,,,100150,100,,,,,,,,,,
2019-06-28 09:30:00.000000032,99977,100,99966,400,99997,100,99942,100,100015,100,99929,100,100029,100,99925,100,100091,100,99901,100,100103,100,99888,100,100104,100,99852,100,100140,100,,,100150,100,,,,,,
2019-06-28 09:30:00.000000033,100015,100,99990,100,100029,100,99966,400,100091,100,99942,100,100103,100,99929,100,100104,100,99925,100,100140,100,99901,100,100150,100,99888,100,,,99852,100,,,,,,,,
2019-06-28 09:30:00.000000035,100029,100,99990,100,100091,100,99966,400,100103,100,99942,100,100104,100,99929,100,100140,100,99925,100,100150,100,99901,100,,,99888,100,,,99874,100,,,99852,100,,,99850,100
2019-06-28 09:30:00.000000039,100029,100,99990,100,100067,100,99966,400,100091,100,99942,100,100103,100,99929,100,100104,100,99925,100,100140,100,99901,100,100150,100,99888,100,,,99874,100,,,99852,100,,,99850,100
2019-06-28 09:30:00.000000040,100029,100,99990,100,100067,100,99966,400,100091,100,99942,100,100103,100,99929,100,100104,100,99925,100,100140,100,99901,100,100150,100,99888,100,,,99883,100,,,99874,100,,,99852,100
2019-06-28 09:30:00.000000046,100029,100,99990,100,100067,100,99966,400,100091,100,99942,100,100103,100,99929,100,100104,200,99925,100,100140,100,99901,100,100147,100,99888,100,100150,100,99883,100,,,99874,100,,,99852,100
2019-06-28 09:30:00.000000049,100029,100,99990,100,100067,100,99966,400,100083,100,99948,100,100091,100,99942,100,100103,100,99929,100,100104,200,99925,100,100140,100,99901,100,100147,100,99888,100,100150,100,99883,100,,,99874,100
2019-06-28 09:30:00.000000050,100029,100,99990,100,100067,100,99966,400,100083,100,99948,100,100091,100,99942,100,100103,100,99929,100,100104,200,99925,100,100117,100,99901,100,100140,100,99888,100,100147,100,99883,100,100150,100,99874,100
2019-06-28 09:30:00.000000051,100029,100,99990,100,100067,100,99972,100,100083,100,99966,400,100091,100,99948,100,100103,100,99942,100,100104,200,99929,100,100117,100,99925,100,100140,100,99901,100,100147,100,99888,100,100150,100,99883,100
2019-06-28 09:30:00.000000057,100029,100,99990,100,100067,100,99981,100,100083,100,99972,100,100091,100,99966,400,100103,100,99948,100,100104,200,99942,100,100117,100,99929,100,100140,100,99925,100,100147,100,99901,100,100150,100,99888,100
2019-06-28 09:30:00.000000059,100029,100,100027,100,100067,100,99990,100,100083,100,99981,100,100091,100,99972,100,100103,100,99966,400,100104,200,99948,100,100117,100,99942,100,100140,100,99929,100,100147,100,99925,100,100150,100,99901,100
2019-06-28 09:30:00.000000061,100029,100,100027,100,100067,100,99990,100,100083,100,99981,100,100091,100,99972,100,100103,100,99966,400,100104,200,99948,100,100117,100,99942,100,100140,100,99929,100,100147,100,99925,100,100150,100,99901,100
2019-06-28 09:30:00.000000064,100029,100,100027,100,100067,100,99990,100,100083,100,99981,100,100091,100,99972,100,100103,100,99966,400,100104,200,99948,100,100117,100,99942,100,100140,100,99929,100,100147,100,99925,100,100150,100,99901,100
2019-06-28 09:30:00.000000066,100029,100,100027,100,100067,100,99990,100,100083,100,99981,100,100091,100,99972,100,100103,100,99966,400,100104,200,99948,100,100117,100,99942,100,100140,100,99929,100,100147,100,99925,100,100150,100,99901,100
2019-06-28 09:30:00.000000067,100029,100,100027,100,100067,100,99990,100,100083,100,99981,100,100091,100,99972,100,100103,100,99966,400,100104,200,99948,100,100117,100,99942,100,100140,100,99929,100,100147,100,99925,100,100150,100,99901,100
2019-06-28 09:30:00.000000069,100029,100,100027,100,100067,100,99990,100,100083,100,99981,100,100091,100,99972,100,100103,100,99966,400,100104,200,99948,100,100117,100,99945,100,100140,100,99942,100,100147,100,99929,100,100150,100,99925,100
2019-06-28 09:30:00.000000070,100029,100,100020,100,100067,100,99990,100,100083,100,99981,100,100091,100,99972,100,100103,100,99966,400,100104,200,99948,100,100117,100,99945,100,100140,100,99942,100,100147,100,99929,100,100150,100,99925,100
2019-06-28 09:30:00.000000076,100029,100,99990,100,100067,100,99981,100,100083,100,99972,100,100091,100,99966,400,100103,100,99948,100,100104,200,99945,100,100117,100,99942,100,100140,100,99929,100,100147,100,99925,100,100150,100,99901,100
2019-06-28 09:30:00.000000077,100029,100,99990,100,100067,100,99981,100,100083,100,99972,100,100091,100,99966,400,100103,100,99948,100,100104,200,99945,100,100117,100,99942,100,100140,100,99929,100,100147,100,99925,100,100150,100,99901,100
2019-06-28 09:30:00.000000078,100019,100,99990,100,100029,100,99981,100,100067,100,99972,100,100083,100,99966,400,100091,100,99948,100,100103,100,99945,100,100104,200,99942,100,100117,100,99929,100,100140,100,99925,100,100147,100,99901,100
2019-06-28 09:30:00.000000079,100019,100,99990,100,100029,100,99981,100,100067,100,99972,100,100083,100,99966,400,100091,100,99948,100,100103,100,99945,100,100104,200,99942,100,100117,100,99929,100,100140,100,99925,100,100147,100,99901,100
2019-06-28 09:30:00.000000080,100019,100,99990,100,100027,100,99981,100,100029,100,99972,100,100067,100,99966,400,100083,100,99948,100,100091,100,99945,100,100103,100,99942,100,100104,200,99929,100,100117,100,99925,100,100140,100,99901,100
2019-06-28 09:30:00.000000083,100019,100,99990,100,100027,100,99981,100,100029,100,99972,100,100067,100,99966,400,100083,100,99948,100,100091,100,99945,100,100103,100,99942,100,100104,200,99929,100,100117,100,99925,100,100140,100,99901,100
2019-06-28 09:30:00.000000088,100019,100,99990,100,100027,100,99981,100,100029,100,99972,100,100067,100,99966,400,100083,100,99965,100,100091,100,99948,100,100103,100,99945,100,100104,200,99942,100,100117,100,99929,100,100140,100,99925,100
2019-06-28 09:30:00.000000089,100004,100,99990,100,100020,100,99981,100,100027,100,99972,100,100029,100,99966,400,100067,100,99965,100,100083,100,99948,100,100091,100,99945,100,100103,100,99942,100,100104,200,99929,100,100117,100,99925,100
2019-06-28 09:30:00.000000090,100004,100,99990,100,100020,100,99981,100,100027,100,99972,100,100029,100,99966,400,100054,100,99965,100,100067,100,99948,100,100083,100,99945,100,100091,100,99942,100,100103,100,99929,100,100104,200,99925,100
2019-06-28 09:30:00.000000096,100020,100,99990,100,100027,100,99981,100,100029,100,99972,100,100045,100,99966,400,100054,100,99965,100,100067,100,99948,100,100083,100,99945,100,100091,100,99942,100,100103,100,99929,100,100104,200,99925,100
2019-06-28 09:30:00.000000097,99991,100,99990,100,100020,100,99981,100,100027,100,99972,100,100029,100,99966,400,100045,100,99965,100,100054,100,99948,100,100067,100,99945,100,100083,100,99942,100,100091,100,99929,100,100103,100,99925,100
2019-06-28 09:30:10.000000000,99991,359,99990,359,100020,100,99981,100,100027,100,99972,100,100029,100,99966,400,100045,100,99965,100,100054,100,99948,100,100067,100,99945,100,100083,100,99942,100,100091,100,99929,100,100103,100,99925,100
2019-06-28 09:30:20.000000000,99991,230,99990,230,100020,230,99981,230,100027,100,99972,100,100029,100,99966,400,100045,100,99965,100,100054,100,99948,100,100067,100,99945,100,100083,100,99942,100,100091,100,99929,100,100103,100,99925,100
2019-06-28 09:30:30.000000000,99991,152,99990,152,100020,152,99981,152,100027,152,99972,152,100029,152,99966,452,100045,152,99965,152,100054,100,99948,100,100067,100,99945,100,100083,100,99942,100,100091,100,99929,100,100103,100,99925,100
2019-06-28 09:30:34.733969308,99991,52,99990,152,100020,152,99981,152,100027,152,99972,152,100029,152,99966,352,100045,152,99965,152,100054,100,99948,100,100067,100,99945,100,100083,100,99942,100,100091,100,99929,100,100103,100,99925,100
2019-06-28 09:30:37.980677139,100020,152,99991,48,100027,152,99990,152,100029,52,99981,152,100045,152,99972,152,100054,100,99966,352,100067,100,99965,152,100083,100,99948,100,100091,100,99945,100,100103,100,99942,100,100104,200,99929,100
2019-06-28 09:30:40.000000000,100020,359,99991,307,100027,100,99990,100,100045,100,99981,100,100054,100,99972,100,100067,100,99966,300,100083,100,99965,100,100091,100,99948,100,100103,100,99945,100,100104,200,99942,100,100117,100,99929,100
2019-06-28 09:30:40.244294087,100020,359,99991,307,100027,100,99990,100,100045,100,99981,100,100054,100,99972,100,100067,100,99966,300,100083,100,99965,100,100091,100,99948,100,100103,100,99945,100,100104,200,99942,100,100117,100,99929,100
2019-06-28 09:30:50.000000000,100020,188,99991,136,100027,185,99990,185,100045,185,99981,185,100054,100,99972,100,100067,100,99966,300,100083,100,99965,100,100091,100,99948,100,100103,100,99945,100,100104,200,99942,100,100117,100,99929,100
2019-06-28 09:30:51.213200209,100020,188,99991,136,100027,185,99990,185,100045,185,99981,185,100054,100,99972,100,100067,100,99966,300,100083,100,99965,100,100091,100,99948,100,100103,100,99945,100,100104,200,99942,100,100117,100,99929,100
2019-06-28 09:31:00.000000000,100020,188,99991,136,100027,185,99990,185,100045,185,99981,185,100054,100,99972,100,100067,100,99966,300,100083,100,99965,100,100091,100,99948,100,100103,100,99945,100,100104,200,99942,100,100117,100,99929,100
2019-06-28 09:31:00.719599631,100020,188,99991,136,100027,185,99990,185,100045,185,99981,185,100054,100,99972,100,100067,100,99966,300,100083,100,99965,100,100091,100,99948,100,100103,100,99945,100,100104,200,99942,100,100117,100,99929,100
2019-06-28 09:31:06.833285459,100020,188,99991,136,100027,185,99990,185,100045,185,99981,185,100054,100,99972,100,100067,100,99966,300,100083,100,99965,100,100091,100,99948,100,100103,100,99945,100,100104,200,99942,100,100117,100,99929,100
2019-06-28 09:31:10.000000000,100020,165,99991,113,100027,165,99990,165,100045,165,99981,165,100054,165,99972,165,100067,100,99966,300,100083,100,99965,100,100091,100,99948,100,100103,100,99945,100,100104,200,99942,100,100117,100,99929,100
2019-06-28 09:31:16.072299987,100020,165,99991,113,100027,165,99990,165,100045,165,99981,165,100054,165,99972,165,100067,100,99966,300,100083,100,99965,100,100091,100,99948,100,100103,100,99945,100,100104,200,99942,100,100117,100,99929,100
2019-06-28 09:31:20.000000000,100020,188,99991,136,100027,185,99990,185,100045,185,99981,185,100054,100,99972,100,100067,100,99966,300,100083,100,99965,100,100091,100,99948,100,100103,100,99945,100,100104,200,99942,100,100117,100,99929,100
2019-06-28 09:31:21.407606508,100020,188,99991,236,100027,185,99990,185,100045,185,99981,185,100054,100,99972,100,100067,100,99966,300,100083,100,99965,100,100091,100,99948,100,100103,100,99945,100,100104,200,99942,100,100117,100,99929,100
2019-06-28 09:31:23.034693218,100020,188,99991,236,100027,185,99990,185,100045,185,99981,185,100054,100,99972,100,100067,100,99966,300,100083,100,99965,100,100091,100,99948,100,100103,100,99942,100,100104,200,99929,100,100117,100,99911,100
2019-06-28 09:31:30.000000000,100020,230,99991,278,100027,230,99990,230,100045,100,99981,100,100054,100,99972,100,100067,100,99966,300,100083,100,99965,100,100091,100,99948,100,100103,100,99942,100,100104,200,99929,100,100117,100,99911,100
2019-06-28 09:31:40.000000000,100020,359,99991,407,100027,100,99990,100,100045,100,99981,100,100054,100,99972,100,100067,100,99966,300,100083,100,99965,100,100091,100,99948,100,100103,100,99942,100,100104,200,99929,100,100117,100,99911,100
2019-06-28 09:31:40.923728024,100012,100,99991,407,100020,359,99990,100,100027,100,99981,100,100045,100,99972,100,100054,100,99966,300,100067,100,99965,100,100083,100,99948,100,100091,100,99942,100,100103,100,99929,100,100104,100,99911,100
2019-06-28 09:31:43.063411427,100012,100,99991,407,100020,359,99990,100,100027,100,99981,100,100045,100,99972,100,100054,100,99966,300,100067,100,99965,100,100083,100,99948,100,100091,100,99942,100,100103,100,99929,100,100104,100,99911,100
2019-06-28 09:31:44.950865300,100020,359,99991,407,100027,100,99990,100,100045,100,99981,100,100054,100,99972,100,100067,100,99966,300,100083,100,99965,100,100091,100,99948,100,100103,100,99942,100,100104,100,99929,100,100117,100,99911,100
2019-06-28 09:31:50.000000000,100020,165,99991,213,100027,165,99990,165,100045,165,99981,165,100054,165,99972,165,100067,100,99966,300,100083,100,99965,100,100091,100,99948,100,100103,100,99942,100,100104,100,99929,100,100117,100,99911,100
2019-06-28 09:32:00.000000000,100020,165,99991,213,100027,165,99990,165,100045,165,99981,165,100054,165,99972,165,100067,100,99966,300,100083,100,99965,100,100091,100,99948,100,100103,100,99942,100,100104,100,99929,100,100117,100,99911,100
2019-06-28 09:32:01.884744163,100012,100,99991,213,100020,165,99990,165,100027,165,99981,165,100045,165,99972,165,100054,165,99966,300,100067,100,99965,100,100083,100,99948,100,100091,100,99942,100,100103,100,99929,100,100104,100,99911,100
2019-06-28 09:32:10.000000000,100012,359,99991,407,100020,100,99990,100,100027,100,99981,100,100045,100,99972,100,100054,100,99966,300,100067,100,99965,100,100083,100,99948,100,100091,100,99942,100,100103,100,99929,100,100104,100,99911,100
2019-06-28 09:32:17.403379534,100012,359,99991,407,100020,100,99990,100,100027,100,99981,100,100045,100,99972,100,100054,100,99966,300,100067,100,99965,100,100083,100,99948,100,100091,100,99942,100,100103,100,99929,100,100104,100,99911,100
2019-06-28 09:32:20.000000000,100012,359,99991,407,100020,100,99990,100,100027,100,99981,100,100045,100,99972,100,100054,100,99966,300,100067,100,99965,100,100083,100,99948,100,100091,100,99942,100,100103,100,99929,100,100104,100,99911,100
2019-06-28 09:32:30.000000000,100012,230,99991,278,100020,230,99990,230,100027,100,99981,100,100045,100,99972,100,100054,100,99966,300,100067,100,99965,100,100083,100,99948,100,100091,100,99942,100,100103,100,99929,100,100104,100,99911,100
2019-06-28 09:32:30.129392097,100012,130,99991,278,100020,230,99990,230,100027,100,99981,100,100054,100,99972,100,100067,100,99966,300,100083,100,99965,100,100091,100,99948,100,100103,100,99942,100,100104,100,99929,100,100117,100,99911,100
2019-06-28 09:32:40.000000000,100020,152,99991,200,100027,152,99990,152,100054,152,99981,152,100067,152,99972,152,100083,152,99966,352,100091,100,99965,100,100103,100,99948,100,100104,100,99942,100,100117,100,99929,100,100147,100,99911,100
2019-06-28 09:32:40.515176335,100020,152,99991,200,100027,152,99990,152,100054,152,99981,52,100067,152,99972,152,100081,100,99966,352,100083,152,99965,100,100091,100,99948,100,100103,100,99942,100,100104,100,99929,100,100117,100,99911,100
2019-06-28 09:32:48.874394613,100020,152,99991,200,100027,152,99990,152,100054,152,99981,52,100067,152,99972,152,100081,100,99966,352,100083,152,99965,100,100091,200,99948,100,100103,100,99942,100,100104,100,99929,100,100117,100,99911,100
2019-06-28 09:32:50.000000000,100020,152,99991,200,100027,152,99990,152,100054,152,99972,152,100067,152,99966,352,100081,152,99965,152,100083,100,99948,100,100091,200,99942,100,100103,100,99929,100,100104,100,99911,100,100117,100,99901,100
2019-06-28 09:32:56.550836935,100020,152,99991,200,100027,152,99990,152,100054,152,99972,152,100067,152,99966,352,100081,152,99965,152,100083,100,99948,100,100091,200,99942,100,100103,100,99929,100,100104,100,99911,100,100117,100,99901,100
2019-06-28 09:33:00.000000000,100020,188,99991,236,100027,185,99990,185,100054,185,99972,185,100067,100,99966,300,100081,100,99965,100,100083,100,99948,100,100091,200,99942,100,100103,100,99929,100,100104,100,99911,100,100117,100,99901,100
2019-06-28 09:33:01.172416379,100020,188,99991,236,100027,185,99990,185,100054,185,99972,185,100067,100,99966,200,100081,100,99965,100,100083,100,99948,100,100091,200,99942,100,100103,100,99929,100,100104,100,99911,100,100117,100,99901,100
2019-06-28 09:33:03.745448204,100020,188,100012,100,100027,185,99991,236,100054,185,99990,185,100067,100,99972,185,100081,100,99966,200,100083,100,99965,100,100091,200,99948,100,100103,100,99942,100,100104,100,99929,100,100117,100,99911,100
2019-06-28 09:33:05.319725349,100020,188,100012,100,100027,185,99991,236,100054,185,99990,185,100067,100,99972,185,100081,100,99966,200,100083,100,99965,100,100091,100,99948,100,100103,100,99942,100,100104,100,99929,100,100117,100,99911,100
2019-06-28 09:33:10.000000000,100020,359,100012,359,100027,100,99991,148,100054,100,99990,100,100067,100,99972,100,100081,100,99966,200,100083,100,99965,100,100091,100,99948,100,100103,100,99942,100,100104,100,99929,100,100117,100,99911,100
2019-06-28 09:33:20.000000000,100020,188,100012,188,100027,185,99991,233,100054,185,99990,185,100067,100,99972,100,100081,100,99966,200,100083,100,99965,100,100091,100,99948,100,100103,100,99942,100,100104,100,99929,100,100117,100,99911,100
2019-06-28 09:33:25.515207370,100020,188,100012,188,100027,185,99991,233,100054,185,99990,185,100067,100,99972,100,100081,100,99966,200,100083,100,99965,100,100091,100,99948,100,100103,100,99942,100,100104,100,99929,100,100117,100,99911,100
2019-06-28 09:33:25.717765291,100020,188,100012,88,100027,185,99991,233,100054,185,99990,185,100067,100,99972,100,100081,100,99966,200,100083,100,99965,100,100091,100,99948,100,100103,100,99942,100,100104,100,99929,100,100117,100,99911,100
2019-06-28 09:33:30.000000000,100020,359,99991,407,100027,100,99990,100,100054,100,99972,100,100067,100,99966,200,100081,100,99965,100,100083,100,99948,100,100091,100,99942,100,100103,100,99929,100,100104,100,99911,100,100117,100,99901,100
2019-06-28 09:33:40.000000000,100020,165,99991,213,100027,165,99990,165,100054,165,99972,165,100067,165,99966,265,100081,100,99965,100,100083,100,99948,100,100091,100,99942,100,100103,100,99929,100,100104,100,99911,100,100117,100,99901,100
2019-06-28 09:33:46.964991065,100020,165,99991,113,100027,165,99990,165,100054,165,99972,165,100067,165,99966,265,100081,100,99965,100,100083,100,99948,100,100091,100,99942,100,100103,100,99929,100,100104,100,99911,100,100117,100,99901,100
2019-06-28 09:33:50.000000000,100020,152,99991,100,100027,152,99990,152,100054,152,99972,152,100067,152,99966,252,100081,152,99965,152,100083,100,99948,100,100091,100,99942,100,100103,100,99929,100,100104,100,99911,100,100117,100,99901,100
2019-06-28 09:33:55.527919069,100020,152,99991,100,100027,152,99990,152,100054,152,99972,152,100067,152,99966,252,100081,152,99965,152,100083,100,99948,100,100091,100,99942,100,100103,100,99929,100,100104,100,99911,100,100117,100,99901,100
2019-06-28 09:33:55.720604745,100020,152,99991,100,100027,152,99990,152,100054,152,99972,152,100067,152,99966,252,100081,152,99965,152,100083,100,99948,100,100091,100,99929,100,100103,100,99911,100,100104,100,99901,100,100117,100,99893,100
2019-06-28 09:33:58.194262620,100012,100,99991,100,100020,152,99990,152,100027,152,99972,152,100054,152,99966,252,100067,152,99965,152,100081,152,99948,100,100083,100,99929,100,100091,100,99911,100,100103,100,99901,100,100104,100,99893,100
2019-06-28 09:34:00.000000000,100012,165,99991,113,100020,165,99990,165,100027,165,99972,165,100054,165,99966,265,100067,100,99965,100,100081,100,99948,100,100083,100,99929,100,100091,100,99911,100,100103,100,99901,100,100104,100,99893,100
2019-06-28 09:34:00.343973971,100012,165,99991,13,100020,165,99990,165,100027,165,99972,165,100054,165,99966,265,100067,100,99965,100,100081,100,99948,100,100083,100,99929,100,100103,100,99911,100,100104,100,99901,100,100117,100,99893,100
2019-06-28 09:34:10.000000000,100012,359,99990,359,100020,100,99972,100,100027,100,99966,200,100054,100,99965,100,100067,100,99948,100,100081,100,99929,100,100083,100,99911,100,100103,100,99901,100,100104,100,99893,100,100117,100,99889,100
2019-06-28 09:34:13.127238376,100012,359,99990,259,100020,100,99972,100,100027,100,99966,200,100054,100,99965,100,100067,100,99948,100,100083,100,99929,100,100103,100,99911,100,100104,100,99901,100,100117,100,99893,100,100147,100,99889,100
2019-06-28 09:34:20.000000000,100012,188,99972,188,100020,185,99966,285,100027,185,99965,185,100054,100,99948,100,100067,100,99929,100,100083,100,99911,100,100103,100,99901,100,100104,100,99893,100,100117,100,99889,100,100147,100,99888,100
2019-06-28 09:34:30.000000000,100012,165,99972,165,100020,165,99966,265,100027,165,99965,165,100054,165,99948,165,100067,100,99929,100,100083,100,99911,100,100103,100,99901,100,100104,100,99893,100,100117,100,99889,100,100147,100,99888,100
2019-06-28 09:34:32.583300075,100012,165,99972,65,100020,165,99966,265,100027,165,99965,165,100054,165,99948,65,100067,100,99929,100,100083,100,99911,100,100103,100,99901,100,100104,100,99893,100,100117,100,99889,100,100147,100,99888,100
2019-06-28 09:34:35.319184210,100012,165,99972,65,100020,165,99966,265,100027,165,99965,165,100054,165,99948,65,100067,100,99929,100,100083,100,99911,100,100103,100,99901,100,100104,100,99889,100,100117,100,99888,100,100147,100,99883,100
2019-06-28 09:34:40.000000000,100012,230,99966,330,100020,230,99965,230,100027,100,99929,100,100054,100,99911,100,100067,100,99901,100,100083,100,99889,100,100103,100,99888,100,100104,100,99883,100,100117,100,99880,100,100147,100,99867,100
2019-06-28 09:34:50.000000000,100012,165,99966,265,100020,165,99965,165,100027,165,99929,165,100054,165,99911,165,100067,100,99901,100,100083,100,99889,100,100103,100,99888,100,100104,100,99883,100,100117,100,99880,100,100147,100,99867,100
2019-06-28 09:34:58.284933069,99990,100,99966,265,100012,165,99965,165,100020,165,99929,165,100027,165,99911,165,100054,165,99901,100,100067,100,99889,100,100083,100,99888,100,100103,100,99883,100,100104,100,99880,100,100117,100,99867,100
2019-06-28 09:35:00.000000000,99990,152,99966,252,100012,152,99965,152,100020,152,99929,152,100027,152,99911,152,100054,152,99901,152,100067,100,99889,100,100083,100,99888,100,100103,100,99883,100,100104,100,99880,100,100117,100,99867,100
2019-06-28 09:35:01.046319050,99990,152,99966,252,100012,152,99965,152,100020,152,99929,152,100027,152,99911,152,100054,152,99901,152,100067,100,99889,100,100083,100,99888,100,100103,100,99883,100,100104,100,99880,100,100117,100,99867,100
2019-06-28 09:35:04.609865876,99990,152,99966,252,100012,152,99965,152,100020,152,99929,152,100027,152,99911,152,100054,152,99901,152,100067,100,99889,100,100083,100,99888,100,100103,100,99883,100,100104,100,99880,100,100117,100,99867,100
2019-06-28 09:35:10.000000000,99990,188,99966,288,100012,185,99965,185,100020,185,99929,185,100027,100,99911,100,100054,100,99901,100,100067,100,99889,100,100083,100,99888,100,100103,100,99883,100,100104,100,99880,100,100117,100,99867,100
2019-06-28 09:35:20.000000000,99990,152,99966,252,100012,152,99965,152,100020,152,99929,152,100027,152,99911,152,100054,152,99901,152,100067,100,99889,100,100083,100,99888,100,100103,100,99883,100,100104,100,99880,100,100117,100,99867,100
2019-06-28 09:35:27.766556920,99990,252,99966,252,100012,152,99965,152,100020,152,99929,152,100027,152,99911,152,100054,152,99901,152,100067,100,99889,100,100083,100,99888,100,100103,100,99883,100,100104,100,99880,100,100117,100,99867,100
2019-06-28 09:35:30.000000000,99990,265,99966,265,100012,165,99965,165,100020,165,99929,165,100027,165,99911,165,100054,100,99901,100,100067,100,99889,100,100083,100,99888,100,100103,100,99883,100,100104,100,99880,100,100117,100,99867,100
2019-06-28 09:35:39.174027437,99990,265,99966,265,100012,165,99965,165,100020,165,99929,165,100027,165,99911,65,100054,100,99901,100,100067,100,99889,100,100083,100,99888,100,100103,100,99883,100,100104,100,99880,100,100117,100,99867,100
2019-06-28 09:35:40.000000000,99990,288,99966,288,100012,185,99965,185,100020,185,99929,185,100027,100,99901,100,100054,100,99889,100,100067,100,99888,100,100083,100,99883,100,100103,100,99880,100,100104,100,99867,100,100117,100,99864,100
2019-06-28 09:35:50.000000000,99990,265,99966,265,100012,165,99965,165,100020,165,99929,165,100027,165,99901,165,100054,100,99889,100,100067,100,99888,100,100083,100,99883,100,100103,100,99880,100,100104,100,99867,100,100117,100,99864,100
2019-06-28 09:35:51.297529401,99990,265,99966,265,100012,165,99965,165,100020,165,99929,165,100027,165,99901,165,100054,100,99889,100,100067,100,99888,100,100083,100,99883,100,100103,100,99880,100,100104,100,99867,100,100117,100,99864,100
2019-06-28 09:36:00.000000000,99990,330,99966,330,100012,230,99965,230,100020,100,99929,100,100027,100,99901,100,100054,100,99889,100,100067,100,99888,100,100083,100,99883,100,100103,100,99880,100,100104,100,99867,100,100117,100,99864,100
2019-06-28 09:36:00.368625849,99990,430,99966,330,100012,230,99965,230,100020,100,99929,100,100027,100,99901,100,100054,100,99889,100,100067,100,99888,100,100083,100,99883,100,100103,100,99880,100,100104,100,99867,100,100117,100,99864,100
2019-06-28 09:36:09.319839784,99990,430,99966,230,100012,230,99965,230,100020,100,99929,100,100027,100,99901,100,100054,100,99889,100,100067,100,99888,100,100083,100,99883,100,100103,100,99880,100,100104,100,99867,100,100117,100,99864,100
2019-06-28 09:36:10.000000000,99990,365,99966,165,100012,165,99965,165,100020,165,99929,165,100027,165,99901,165,100054,100,99889,100,100067,100,99888,100,100083,100,99883,100,100103,100,99880,100,100104,100,99867,100,100117,100,99864,100
2019-06-28 09:36:18.901461395,99972,100,99966,165,99990,365,99965,165,100012,165,99929,165,100020,165,99901,165,100027,165,99889,100,100054,100,99888,100,100067,100,99883,100,100083,100,99880,100,100103,100,99867,100,100104,100,99864,100
2019-06-28 09:36:20.000000000,99972,188,99966,188,99990,385,99965,185,100012,185,99929,185,100020,100,99901,100,100027,100,99889,100,100054,100,99888,100,100067,100,99883,100,100083,100,99880,100,100103,100,99867,100,100104,100,99864,100
2019-06-28 09:36:26.809967356,99972,188,99966,88,99990,385,99965,185,100012,185,99929,185,100020,100,99901,100,100027,100,99889,100,100054,100,99888,100,100067,100,99883,100,100083,100,99880,100,100103,100,99864,100,100104,100,99844,100
2019-06-28 09:36:28.474943399,99966,12,99965,185,99972,188,99929,185,99990,385,99901,100,100012,185,99889,100,100020,100,99888,100,100027,100,99883,100,100054,100,99880,100,100067,100,99864,100,100083,100,99844,100,100103,100,99834,100
2019-06-28 09:36:30.000000000,99966,271,99965,359,99972,100,99929,100,99990,300,99901,100,100012,100,99889,100,100020,100,99888,100,100027,100,99883,100,100054,100,99880,100,100067,100,99864,100,100083,100,99844,100,100103,100,99834,100
2019-06-28 09:36:40.000000000,99966,271,99965,359,99972,100,99929,100,99990,300,99901,100,100012,100,99889,100,100020,100,99888,100,100027,100,99883,100,100054,100,99880,100,100067,100,99864,100,100083,100,99844,100,100103,100,99834,100
2019-06-28 09:36:41.069772530,99966,259,99965,259,99972,100,99929,100,99990,300,99901,100,100012,100,99889,100,100020,100,99888,100,100027,100,99883,100,100054,100,99880,100,100067,100,99864,100,100083,100,99844,100,100103,100,99834,100
2019-06-28 09:36:42.638229344,99966,259,99965,159,99972,100,99929,100,99990,300,99901,100,100012,100,99889,100,100020,100,99888,100,100027,100,99883,100,100054,100,99880,100,100067,100,99864,100,100083,100,99844,100,100103,100,99834,100
2019-06-28 09:36:50.000000000,99972,165,99929,165,99990,365,99901,165,100012,165,99889,165,100020,165,99888,165,100027,100,99883,100,100054,100,99880,100,100067,100,99864,100,100083,100,99844,100,100103,100,99834,100,100104,100,99816,100
2019-06-28 09:37:00.000000000,99972,230,99929,230,99990,430,99901,230,100012,100,99889,100,100020,100,99888,100,100027,100,99883,100,100054,100,99880,100,100067,100,99864,100,100083,100,99844,100,100103,100,99834,100,100104,100,99816,100
2019-06-28 09:37:00.523205051,99972,230,99929,230,99990,430,99901,230,100012,100,99889,100,100020,100,99888,100,100027,100,99883,100,100054,100,99880,100,100067,100,99864,100,100083,100,99844,100,100103,100,99834,100,100104,100,99816,100
2019-06-28 09:37:10.000000000,99972,359,99929,359,99990,300,99901,100,100012,100,99889,100,100020,100,99888,100,100027,100,99883,100,100054,100,99880,100,100067,100,99864,100,100083,100,99844,100,100103,100,99834,100,100104,100,99816,100
2019-06-28 09:37:16.821011213,99972,359,99929,359,99990,300,99901,100,100012,100,99889,100,100020,100,99888,100,100027,100,99883,100,100054,100,99880,100,100067,100,99864,100,100083,100,99844,100,100103,100,99834,100,100104,100,99816,100
2019-06-28 09:37:19.678060777,99972,359,99929,359,99990,300,99901,100,100012,100,99889,100,100020,100,99888,100,100027,100,99883,100,100054,100,99880,100,100067,100,99864,100,100083,100,99844,100,100103,100,99834,100,100104,100,99816,100
2019-06-28 09:37:20.000000000,99972,152,99929,152,99990,352,99901,152,100012,152,99889,152,100020,152,99888,152,100027,152,99883,152,100054,100,99880,100,100067,100,99864,100,100083,100,99844,100,100103,100,99834,100,100104,100,99816,100
2019-06-28 09:37:30.000000000,99972,230,99929,230,99990,430,99901,230,100012,100,99889,100,100020,100,99888,100,100027,100,99883,100,100054,100,99880,100,100067,100,99864,100,100083,100,99844,100,100103,100,99834,100,100104,100,99816,100
2019-06-28 09:37:32.507759070,99965,100,99929,230,99972,230,99901,230,99990,430,99889,100,100012,100,99888,100,100020,100,99883,100,100027,100,99880,100,100054,100,99864,100,100067,100,99844,100,100083,100,99834,100,100103,100,99816,100
2019-06-28 09:37:40.000000000,99965,188,99929,188,99972,185,99901,185,99990,385,99889,185,100012,100,99888,100,100020,100,99883,100,100027,100,99880,100,100054,100,99864,100,100067,100,99844,100,100083,100,99834,100,100103,100,99816,100
2019-06-28 09:37:44.975459304,99965,188,99929,188,99972,185,99901,185,99990,385,99889,185,100012,100,99888,100,100020,100,99883,100,100027,100,99880,100,100054,100,99864,100,100067,100,99844,100,100083,100,99834,100,100103,100,99816,100
2019-06-28 09:37:50.000000000,99965,188,99929,188,99972,185,99901,185,99990,385,99889,185,100012,100,99888,100,100020,100,99883,100,100027,100,99880,100,100054,100,99864,100,100067,100,99844,100,100083,100,99834,100,100103,100,99816,100
2019-06-28 09:38:00.000000000,99965,359,99929,359,99972,100,99901,100,99990,300,99889,100,100012,100,99888,100,100020,100,99883,100,100027,100,99880,100,100054,100,99864,100,100067,100,99844,100,100083,100,99834,100,100103,100,99816,100
2019-06-28 09:38:10.000000000,99965,188,99929,188,99972,185,99901,185,99990,385,99889,185,100012,100,99888,100,100020,100,99883,100,100027,100,99880,100,100054,100,99864,100,100067,100,99844,100,100083,100,99834,100,100103,100,99816,100
2019-06-28 09:38:17.183323841,99965,188,99929,88,99972,185,99901,185,99990,385,99889,185,100012,100,99888,100,100020,100,99883,100,100027,100,99880,100,100054,100,99864,100,100067,100,99834,100,100083,100,99816,100,100103,100,99725,100
2019-06-28 09:38:20.000000000,99965,359,99901,359,99972,100,99889,100,99990,300,99888,100,100012,100,99883,100,100020,100,99880,100,100027,100,99864,100,100054,100,99834,100,100067,100,99816,100,100083,100,99725,100,100103,100,99680,100
2019-06-28 09:38:30.000000000,99965,359,99901,359,99972,100,99889,100,99990,300,99888,100,100012,100,99883,100,100020,100,99880,100,100027,100,99864,100,100054,100,99834,100,100067,100,99816,100,100083,100,99725,100,100103,100,99680,100
2019-06-28 09:38:30.396187536,99965,359,99901,259,99972,100,99889,100,99990,300,99888,100,100012,100,99883,100,100020,100,99880,100,100027,100,99864,100,100054,100,99834,100,100067,100,99816,100,100083,100,99725,100,100103,100,99680,100
2019-06-28 09:38:40.000000000,99965,152,99889,152,99972,152,99888,152,99990,352,99883,152,100012,152,99880,152,100020,152,99864,152,100027,100,99834,100,100054,100,99816,100,100067,100,99725,100,100083,100,99680,100,100103,100,99622,100
2019-06-28 09:38:50.000000000,99965,188,99889,188,99972,185,99888,185,99990,385,99883,185,100012,100,99880,100,100020,100,99864,100,100027,100,99834,100,100054,100,99816,100,100067,100,99725,100,100083,100,99680,100,100103,100,99622,100
2019-06-28 09:39:00.000000000,99965,230,99889,230,99972,230,99888,230,99990,300,99883,100,100012,100,99880,100,100020,100,99864,100,100027,100,99834,100,100054,100,99816,100,100067,100,99725,100,100083,100,99680,100,100103,100,99622,100
2019-06-28 09:39:08.118262336,99965,230,99889,130,99972,230,99888,230,99990,300,99883,100,100012,100,99880,100,100020,100,99864,100,100027,100,99834,100,100054,100,99816,100,100067,100,99725,100,100083,100,99680,100,100103,100,99622,100
2019-06-28 09:39:10.000000000,99965,188,99888,188,99972,185,99883,185,99990,385,99880,185,100012,100,99864,100,100020,100,99834,100,100027,100,99816,100,100054,100,99725,100,100067,100,99680,100,100083,100,99622,100,100103,100,99617,100
2019-06-28 09:39:20.000000000,99965,165,99888,165,99972,165,99883,165,99990,365,99880,165,100012,165,99864,165,100020,100,99834,100,100027,100,99816,100,100054,100,99725,100,100067,100,99680,100,100083,100,99622,100,100103,100,99617,100
2019-06-28 09:39:24.989751654,99965,165,99888,165,99972,165,99883,165,99990,365,99880,165,100012,165,99864,165,100027,100,99834,100,100054,100,99816,100,100067,100,99725,100,100083,100,99680,100,100103,100,99622,100,100104,100,99617,100
2019-06-28 09:39:30.000000000,99965,188,99888,188,99972,185,99883,185,99990,385,99880,185,100012,100,99864,100,100027,100,99834,100,100054,100,99816,100,100067,100,99725,100,100083,100,99680,100,100103,100,99622,100,100104,100,99617,100
2019-06-28 09:39:40.000000000,99965,165,99888,165,99972,165,99883,165,99990,365,99880,165,100012,165,99864,165,100027,100,99834,100,100054,100,99816,100,100067,100,99725,100,100083,100,99680,100,100103,100,99622,100,100104,100,99617,100
2019-06-28 09:39:50.000000000,99965,152,99888,152,99972,152,99883,152,99990,352,99880,152,100012,152,99864,152,100027,152,99834,152,100054,100,99816,100,100067,100,99725,100,100083,100,99680,100,100103,100,99622,100,100104,100,99617,100
2019-06-28 09:39:54.364565038,99965,152,99888,152,99972,152,99883,152,99990,352,99880,152,100012,152,99864,152,100027,152,99834,152,100054,100,99816,100,100067,100,99725,100,100083,100,99680,100,100103,100,99622,100,100104,100,99617,100
2019-06-28 09:39:55.978981871,99901,100,99888,152,99965,152,99883,152,99972,152,99880,152,99990,252,99864,152,100012,152,99834,152,100027,152,99816,100,100054,100,99725,100,100067,100,99680,100,100083,100,99622,100,100103,100,99617,100
2019-06-28 09:40:00.000000000,99901,188,99888,188,99965,185,99883,185,99972,185,99880,185,99990,200,99864,100,100012,100,99834,100,100027,100,99816,100,100054,100,99725,100,100067,100,99680,100,100083,100,99622,100,100103,100,99617,100
2019-06-28 09:40:10.000000000,99901,359,99888,359,99965,100,99883,100,99972,100,99880,100,99990,200,99864,100,100012,100,99834,100,100027,100,99816,100,100054,100,99725,100,100067,100,99680,100,100083,100,99622,100,100103,100,99617,100
2019-06-28 09:40:14.657473712,99901,359,99888,359,99965,100,99883,100,99972,100,99880,100,99990,200,99864,100,100012,100,99834,100,100027,100,99816,100,100054,100,99725,100,100067,100,99680,100,100083,100,99622,100,100103,100,99617,100
2019-06-28 09:40:20.000000000,99901,188,99888,188,99965,185,99883,185,99972,185,99880,185,99990,200,99864,100,100012,100,99834,100,100027,100,99816,100,100054,100,99725,100,100067,100,99680,100,100083,100,99622,100,100103,100,99617,100
2019-06-28 09:40:30.000000000,99901,188,99888,188,99965,185,99883,185,99972,185,99880,185,99990,200,99864,100,100012,100,99834,100,100027,100,99816,100,100054,100,99725,100,100067,100,99680,100,100083,100,99622,100,100103,100,99617,100
2019-06-28 09:40:39.170702936,99901,188,99888,88,99965,185,99883,185,99972,185,99880,185,99990,200,99864,100,100012,100,99834,100,100027,100,99816,100,100054,100,99725,100,100067,100,99680,100,100083,100,99622,100,100103,100,99617,100
2019-06-28 09:40:40.000000000,99901,359,99883,359,99965,100,99880,100,99972,100,99864,100,99990,200,99834,100,100012,100,99816,100,100027,100,99725,100,100054,100,99680,100,100067,100,99622,100,100083,100,99617,100,100103,100,99533,100
2019-06-28 09:40:50.000000000,99901,230,99883,230,99965,230,99880,230,99972,100,99864,100,99990,200,99834,100,100012,100,99816,100,100027,100,99725,100,100054,100,99680,100,100067,100,99622,100,100083,100,99617,100,100103,100,99533,100
2019-06-28 09:41:00.000000000,99901,165,99883,165,99965,165,99880,165,99972,165,99864,165,99990,265,99834,165,100012,100,99816,100,100027,100,99725,100,100054,100,99680,100,100067,100,99622,100,100083,100,99617,100,100103,100,99533,100
2019-06-28 09:41:10.000000000,99901,165,99883,165,99965,165,99880,165,99972,165,99864,165,99990,265,99834,165,100012,100,99816,100,100027,100,99725,100,100054,100,99680,100,100067,100,99622,100,100083,100,99617,100,100103,100,99533,100
2019-06-28 09:41:20.000000000,99901,165,99883,165,99965,165,99880,165,99972,165,99864,165,99990,265,99834,165,100012,100,99816,100,100027,100,99725,100,100054,100,99680,100,100067,100,99622,100,100083,100,99617,100,100103,100,99533,100
2019-06-28 09:41:30.000000000,99901,359,99883,359,99965,100,99880,100,99972,100,99864,100,99990,200,99834,100,100012,100,99816,100,100027,100,99725,100,100054,100,99680,100,100067,100,99622,100,100083,100,99617,100,100103,100,99533,100
2019-06-28 09:41:40.000000000,99901,152,99883,152,99965,152,99880,152,99972,152,99864,152,99990,252,99834,152,100012,152,99816,152,100027,100,99725,100,100054,100,99680,100,100067,100,99622,100,100083,100,99617,100,100103,100,99533,100
2019-06-28 09:41:50.000000000,99901,359,99883,359,99965,100,99880,100,99972,100,99864,100,99990,200,99834,100,100012,100,99816,100,100027,100,99725,100,100054,100,99680,100,100067,100,99622,100,100083,100,99617,100,100103,100,99533,100
2019-06-28 09:42:00.000000000,99901,230,99883,230,99965,230,99880,230,99972,100,99864,100,99990,200,99834,100,100012,100,99816,100,100027,100,99725,100,100054,100,99680,100,100067,100,99622,100,100083,100,99617,100,100103,100,99533,100
2019-06-28 09:42:06.050792936,99901,230,99883,230,99965,230,99880,230,99972,100,99864,100,99990,200,99834,100,100012,100,99816,100,100027,100,99725,100,100054,100,99680,100,100067,100,99622,100,100083,100,99617,100,100103,100,99533,100
2019-06-28 09:42:09.245931725,99901,230,99883,230,99965,230,99880,230,99972,100,99864,100,99990,200,99834,100,100012,100,99816,100,100027,100,99725,100,100054,100,99680,100,100067,100,99622,100,100083,100,99617,100,100103,100,99533,100
2019-06-28 09:42:10.000000000,99901,230,99883,230,99965,230,99880,230,99972,100,99864,100,99990,200,99834,100,100012,100,99816,100,100027,100,99725,100,100054,100,99680,100,100067,100,99622,100,100083,100,99617,100,100103,100,99533,100
2019-06-28 09:42:10.396129211,99901,230,99883,130,99965,230,99880,230,99972,100,99864,100,99990,200,99834,100,100012,100,99816,100,100027,100,99725,100,100054,100,99680,100,100067,100,99622,100,100083,100,99617,100,100103,100,99533,100
2019-06-28 09:42:20.000000000,99901,188,99880,188,99965,185,99864,185,99972,185,99834,185,99990,200,99816,100,100012,100,99725,100,100027,100,99680,100,100054,100,99622,100,100067,100,99617,100,100083,100,99533,100,100103,100,99402,100
2019-06-28 09:42:29.499287896,99901,188,99880,188,99965,185,99864,185,99972,185,99834,185,99990,200,99816,100,100012,100,99725,100,100027,100,99680,100,100054,100,99672,100,100083,100,99622,100,100103,100,99617,100,100104,100,99533,100
2019-06-28 09:42:30.000000000,99901,359,99880,359,99965,100,99864,100,99972,100,99834,100,99990,200,99816,100,100012,100,99725,100,100027,100,99680,100,100054,100,99672,100,100083,100,99622,100,100103,100,99617,100,100104,100,99533,100
2019-06-28 09:42:40.000000000,99901,165,99880,165,99965,165,99864,165,99972,165,99834,165,99990,265,99816,165,100012,100,99725,100,100027,100,99680,100,100054,100,99672,100,100083,100,99622,100,100103,100,99617,100,100104,100,99533,100
2019-06-28 09:42:44.657036479,99901,165,99889,100,99965,165,99880,165,99972,165,99864,165,99990,265,99834,165,100012,100,99816,165,100027,100,99725,100,100054,100,99680,100,100083,100,99672,100,100103,100,99622,100,100104,100,99617,100
2019-06-28 09:42:48.427973647,99901,165,99889,100,99965,165,99880,165,99972,165,99864,165,99990,265,99834,165,100012,100,99816,165,100027,100,99725,100,100054,100,99680,100,100083,100,99672,100,100103,100,99625,100,100104,100,99622,100
2019-06-28 09:42:50.000000000,99901,152,99889,152,99965,152,99880,152,99972,152,99864,152,99990,252,99834,152,100012,152,99816,152,100027,100,99725,100,100054,100,99680,100,100083,100,99672,100,100103,100,99625,100,100104,100,99622,100
2019-06-28 09:43:00.000000000,99901,359,99889,359,99965,100,99880,100,99972,100,99864,100,99990,200,99834,100,100012,100,99816,100,100027,100,99725,100,100054,100,99680,100,100083,100,99672,100,100103,100,99625,100,100104,100,99622,100
2019-06-28 09:43:10.000000000,99901,188,99889,188,99965,185,99880,185,99972,185,99864,185,99990,200,99834,100,100012,100,99816,100,100027,100,99725,100,100054,100,99680,100,100083,100,99672,100,100103,100,99625,100,100104,100,99622,100
2019-06-28 09:43:20.000000000,99901,165,99889,165,99965,165,99880,165,99972,165,99864,165,99990,265,99834,165,100012,100,99816,100,100027,100,99725,100,100054,100,99680,100,100083,100,99672,100,100103,100,99625,100,100104,100,99622,100
2019-06-28 09:43:30.000000000,99901,165,99889,165,99965,165,99880,165,99972,165,99864,165,99990,265,99834,165,100012,100,99816,100,100027,100,99725,100,100054,100,99680,100,100083,100,99672,100,100103,100,99625,100,100104,100,99622,100
2019-06-28 09:43:40.000000000,99901,359,99889,359,99965,100,99880,100,99972,100,99864,100,99990,200,99834,100,100012,100,99816,100,100027,100,99725,100,100054,100,99680,100,100083,100,99672,100,100103,100,99625,100,100104,100,99622,100
2019-06-28 09:43:43.122271148,99901,359,99889,359,99965,100,99880,100,99972,100,99864,100,99990,200,99834,100,100012,100,99816,100,100027,100,99725,100,100054,100,99680,100,100083,100,99672,100,100103,100,99625,100,100104,100,99622,100
2019-06-28 09:43:50.000000000,99901,230,99889,230,99965,230,99880,230,99972,100,99864,100,99990,200,99834,100,100012,100,99816,100,100027,100,99725,100,100054,100,99680,100,100083,100,99672,100,100103,100,99625,100,100104,100,99622,100
2019-06-28 09:44:00.000000000,99901,359,99889,359,99965,100,99880,100,99972,100,99864,100,99990,200,99834,100,100012,100,99816,100,100027,100,99725,100,100054,100,99680,100,100083,100,99672,100,100103,100,99625,100,100104,100,99622,100
2019-06-28 09:44:10.000000000,99901,359,99889,359,99965,100,99880,100,99972,100,99864,100,99990,200,99834,100,100012,100,99816,100,100027,100,99725,100,100054,100,99680,100,100083,100,99672,100,100103,100,99625,100,100104,100,99622,100
2019-06-28 09:44:20.000000000,99901,188,99889,188,99965,185,99880,185,99972,185,99864,185,99990,200,99834,100,100012,100,99816,100,100027,100,99725,100,100054,100,99680,100,100083,100,99672,100,100103,100,99625,100,100104,100,99622,100
2019-06-28 09:44:21.199364164,99901,188,99889,188,99965,185,99884,100,99972,185,99880,185,99990,200,99864,185,100012,100,99834,100,100027,100,99816,100,100054,100,99725,100,100083,100,99680,100,100103,100,99672,100,100104,100,99625,100
2019-06-28 09:44:22.410559892,99901,188,99889,188,99965,185,99884,100,99972,185,99880,185,99990,200,99864,185,100012,100,99834,100,100027,100,99816,100,100054,100,99725,100,100074,100,99680,100,100083,100,99672,100,100103,100,99625,100
2019-06-28 09:44:24.341748529,99901,188,99889,188,99965,185,99884,100,99971,100,99880,185,99972,185,99864,185,99990,200,99834,100,100012,100,99816,100,100027,100,99725,100,100054,100,99680,100,100074,100,99672,100,100083,100,99625,100
2019-06-28 09:44:30.000000000,99901,188,99889,188,99965,185,99884,185,99971,185,99880,185,99972,100,99864,100,99990,200,99834,100,100012,100,99816,100,100027,100,99725,100,100054,100,99680,100,100074,100,99672,100,100083,100,99625,100
2019-06-28 09:44:33.609099357,99901,88,99889,188,99965,185,99884,185,99971,185,99880,185,99972,100,99864,100,99990,200,99834,100,100012,100,99816,100,100027,100,99725,100,100054,100,99680,100,100074,100,99672,100,100083,100,99625,100
2019-06-28 09:44:40.000000000,99965,359,99889,359,99971,100,99884,100,99972,100,99880,100,99990,200,99864,100,100012,100,99834,100,100027,100,99816,100,100054,100,99725,100,100074,100,99680,100,100083,100,99672,100,100103,100,99625,100
2019-06-28 09:44:41.142621971,99950,100,99889,359,99965,359,99884,100,99971,100,99880,100,99972,100,99834,100,99990,200,99816,100,100012,100,99725,100,100027,100,99680,100,100054,100,99672,100,100074,100,99625,100,100083,100,99622,100
2019-06-28 09:44:50.000000000,99950,188,99889,188,99965,185,99884,185,99971,185,99880,185,99972,100,99834,100,99990,200,99816,100,100012,100,99725,100,100027,100,99680,100,100054,100,99672,100,100074,100,99625,100,100083,100,99622,100
2019-06-28 09:44:57.281722556,99950,188,99889,188,99965,185,99884,185,99971,185,99880,185,99972,100,99834,100,99990,200,99725,100,100012,100,99680,100,100027,100,99672,100,100054,100,99625,100,100074,100,99622,100,100083,100,99554,100
2019-06-28 09:44:58.818716370,99950,188,99889,88,99965,185,99884,185,99971,185,99880,185,99972,100,99834,100,99990,200,99725,100,100012,100,99680,100,100027,100,99672,100,100054,100,99625,100,100074,100,99622,100,100083,100,99554,100
2019-06-28 09:45:00.000000000,99950,152,99884,152,99965,152,99880,152,99971,152,99834,152,99972,152,99725,152,99990,252,99680,152,100012,100,99672,100,100027,100,99625,100,100054,100,99622,100,100074,100,99554,100,100083,100,99508,100
2019-06-28 09:45:10.000000000,99950,230,99884,230,99965,230,99880,230,99971,100,99834,100,99972,100,99725,100,99990,200,99680,100,100012,100,99672,100,100027,100,99625,100,100054,100,99622,100,100074,100,99554,100,100083,100,99508,100
2019-06-28 09:45:10.364858145,99950,230,99884,230,99965,230,99880,230,99971,100,99834,100,99972,100,99725,100,99990,200,99724,100,100012,100,99680,100,100027,100,99672,100,100054,100,99625,100,100074,100,99622,100,100083,100,99554,100
2019-06-28 09:45:20.000000000,99950,165,99884,165,99965,165,99880,165,99971,165,99834,165,99972,165,99725,165,99990,200,99724,100,100012,100,99680,100,100027,100,99672,100,100054,100,99625,100,100074,100,99622,100,100083,100,99554,100
2019-06-28 09:45:21.821171646,99950,165,99884,165,99965,165,99880,165,99971,165,99834,165,99972,165,99725,165,99990,200,99724,100,100012,100,99706,100,100027,100,99680,100,100054,100,99672,100,100074,100,99625,100,100083,100,99622,100
2019-06-28 09:45:30.000000000,99950,359,99884,359,99965,100,99880,100,99971,100,99834,100,99972,100,99725,100,99990,200,99724,100,100012,100,99706,100,100027,100,99680,100,100054,100,99672,100,100074,100,99625,100,100083,100,99622,100
2019-06-28 09:45:30.593960420,99950,359,99884,359,99965,100,99880,100,99971,100,99834,100,99972,100,99785,100,99990,200,99725,100,100012,100,99724,100,100027,100,99706,100,100054,100,99680,100,100074,100,99672,100,100083,100,99625,100
2019-06-28 09:45:30.718551322,99950,359,99884,259,99965,100,99880,100,99971,100,99834,100,99972,100,99785,100,99990,200,99725,100,100012,100,99724,100,100027,100,99706,100,100054,100,99680,100,100074,100,99672,100,100103,100,99625,100
2019-06-28 09:45:40.000000000,99950,188,99880,188,99965,185,99834,185,99971,185,99785,185,99972,100,99725,100,99990,200,99724,100,100012,100,99706,100,100027,100,99680,100,100054,100,99672,100,100074,100,99625,100,100103,100,99622,100
2019-06-28 09:45:50.000000000,99950,165,99880,165,99965,165,99834,165,99971,165,99785,165,99972,165,99725,165,99990,200,99724,100,100012,100,99706,100,100027,100,99680,100,100054,100,99672,100,100074,100,99625,100,100103,100,99622,100
2019-06-28 09:45:54.400530748,99950,65,99880,165,99965,165,99834,165,99971,165,99785,165,99972,165,99725,165,99990,200,99724,100,100012,100,99706,100,100027,100,99680,100,100054,100,99672,100,100074,100,99625,100,100103,100,99622,100
2019-06-28 09:45:56.378284705,99950,65,99880,165,99965,165,99834,165,99971,165,99785,165,99972,165,99725,165,99990,200,99724,100,100012,100,99706,100,100027,100,99680,100,100054,100,99672,100,100074,100,99625,100,100103,100,99622,100
2019-06-28 09:45:57.499972903,99965,165,99950,35,99971,165,99880,165,99972,165,99834,165,99990,200,99785,65,100012,100,99725,165,100027,100,99724,100,100054,100,99706,100,100074,100,99680,100,100103,100,99672,100,100104,100,99625,100
2019-06-28 09:46:00.000000000,99965,188,99950,123,99971,185,99880,185,99972,185,99834,185,99990,200,99725,100,100012,100,99724,100,100027,100,99706,100,100054,100,99680,100,100074,100,99672,100,100103,100,99625,100,100104,100,99622,100
2019-06-28 09:46:02.662461240,99965,188,99950,123,99971,185,99880,185,99972,185,99834,185,99990,200,99725,100,100012,100,99724,100,100027,100,99706,100,100054,100,99680,100,100103,100,99672,100,100104,100,99625,100,100117,100,99622,100
2019-06-28 09:46:10.000000000,99965,188,99950,123,99971,185,99880,185,99972,185,99834,185,99990,200,99725,100,100012,100,99724,100,100027,100,99706,100,100054,100,99680,100,100103,100,99672,100,100104,100,99625,100,100117,100,99622,100
2019-06-28 09:46:20.000000000,99965,230,99950,165,99971,230,99880,230,99972,100,99834,100,99990,200,99725,100,100012,100,99724,100,100027,100,99706,100,100054,100,99680,100,100103,100,99672,100,100104,100,99625,100,100117,100,99622,100
2019-06-28 09:46:22.566681224,99965,230,99950,165,99971,230,99880,230,99972,100,99834,100,99990,200,99754,100,100012,100,99725,100,100027,100,99724,100,100054,100,99706,100,100103,100,99680,100,100104,100,99672,100,100117,100,99625,100
2019-06-28 09:46:30.000000000,99965,188,99950,123,99971,185,99880,185,99972,185,99834,185,99990,200,99754,100,100012,100,99725,100,100027,100,99724,100,100054,100,99706,100,100103,100,99680,100,100104,100,99672,100,100117,100,99625,100
2019-06-28 09:46:38.744703852,99965,188,99950,123,99971,185,99880,185,99972,185,99834,185,99990,100,99754,100,100012,100,99725,100,100027,100,99724,100,100054,100,99706,100,100103,100,99680,100,100104,100,99672,100,100117,100,99625,100
2019-06-28 09:46:40.000000000,99965,165,99950,100,99971,165,99880,165,99972,165,99834,165,99990,165,99754,165,100012,100,99725,100,100027,100,99724,100,100054,100,99706,100,100103,100,99680,100,100104,100,99672,100,100117,100,99625,100
2019-06-28 09:46:43.015965005,99965,165,99950,100,99971,165,99880,165,99972,165,99834,165,99990,165,99754,165,100012,100,99725,100,100027,100,99724,100,100054,100,99706,100,100101,100,99680,100,100103,100,99672,100,100104,100,99625,100
2019-06-28 09:46:46.791728730,99965,165,99950,100,99971,165,99880,165,99972,165,99834,165,99990,165,99754,165,100012,100,99725,100,100027,100,99724,100,100050,100,99706,100,100054,100,99680,100,100101,100,99672,100,100103,100,99625,100
2019-06-28 09:46:50.000000000,99965,165,99950,100,99971,165,99880,165,99972,165,99834,165,99990,165,99754,165,100012,100,99725,100,100027,100,99724,100,100050,100,99706,100,100054,100,99680,100,100101,100,99672,100,100103,100,99625,100
2019-06-28 09:46:53.893690565,99965,165,99950,100,99971,165,99880,165,99972,165,99864,100,99990,165,99834,165,100012,100,99754,165,100027,100,99725,100,100050,100,99724,100,100054,100,99706,100,100101,100,99680,100,100103,100,99672,100
2019-06-28 09:46:54.603706969,99965,165,99880,165,99971,165,99864,100,99972,165,99834,165,99990,165,99754,165,100012,100,99725,100,100027,100,99724,100,100050,100,99706,100,100054,100,99680,100,100101,100,99672,100,100103,100,99625,100
2019-06-28 09:47:00.000000000,99965,165,99880,165,99971,165,99864,165,99972,165,99834,165,99990,165,99754,165,100012,100,99725,100,100027,100,99724,100,100050,100,99706,100,100054,100,99680,100,100101,100,99672,100,100103,100,99625,100
2019-06-28 09:47:10.000000000,99965,359,99880,359,99971,100,99864,100,99972,100,99834,100,99990,100,99754,100,100012,100,99725,100,100027,100,99724,100,100050,100,99706,100,100054,100,99680,100,100101,100,99672,100,100103,100,99625,100
2019-06-28 09:47:20.000000000,99965,188,99880,188,99971,185,99864,185,99972,185,99834,185,99990,100,99754,100,100012,100,99725,100,100027,100,99724,100,100050,100,99706,100,100054,100,99680,100,100101,100,99672,100,100103,100,99625,100
2019-06-28 09:47:25.891692306,99965,188,99880,188,99971,185,99864,185,99972,185,99834,185,99990,100,99754,100,100012,100,99725,100,100027,100,99724,100,100050,100,99706,100,100054,100,99680,100,100101,100,99672,100,100103,100,99625,100
2019-06-28 09:47:30.000000000,99965,188,99880,188,99971,185,99864,185,99972,185,99834,185,99990,100,99754,100,100012,100,99725,100,100027,100,99724,100,100050,100,99706,100,100054,100,99680,100,100101,100,99672,100,100103,100,99625,100
2019-06-28 09:47:40.000000000,99965,230,99880,230,99971,230,99864,230,99972,100,99834,100,99990,100,99754,100,100012,100,99725,100,100027,100,99724,100,100050,100,99706,100,100054,100,99680,100,100101,100,99672,100,100103,100,99625,100
2019-06-28 09:47:50.000000000,99965,152,99880,152,99971,152,99864,152,99972,152,99834,152,99990,152,99754,152,100012,152,99725,152,100027,100,99724,100,100050,100,99706,100,100054,100,99680,100,100101,100,99672,100,100103,100,99625,100
2019-06-28 09:48:00.000000000,99965,359,99880,359,99971,100,99864,100,99972,100,99834,100,99990,100,99754,100,100012,100,99725,100,100027,100,99724,100,100050,100,99706,100,100054,100,99680,100,100101,100,99672,100,100103,100,99625,100
2019-06-28 09:48:09.775678331,99965,359,99880,259,99971,100,99864,100,99972,100,99834,100,99990,100,99754,100,100012,100,99725,100,100027,100,99724,100,100050,100,99706,100,100054,100,99680,100,100101,100,99672,100,100103,100,99625,100
2019-06-28 09:48:10.000000000,99965,152,99864,152,99971,152,99834,152,99972,152,99754,152,99990,152,99725,152,100012,152,99724,152,100027,100,99706,100,100050,100,99680,100,100054,100,99672,100,100101,100,99625,100,100103,100,99554,100
2019-06-28 09:48:16.372529215,99965,152,99864,152,99971,152,99834,152,99972,152,99754,152,99990,152,99725,152,100012,152,99724,152,100027,100,99706,100,100050,100,99680,100,100054,100,99672,100,100101,100,99625,100,100103,100,99554,100
2019-06-28 09:48:20.000000000,99965,359,99864,359,99971,100,99834,100,99972,100,99754,100,99990,100,99725,100,100012,100,99724,100,100027,100,99706,100,100050,100,99680,100,100054,100,99672,100,100101,100,99625,100,100103,100,99554,100
2019-06-28 09:48:30.000000000,99965,165,99864,165,99971,165,99834,165,99972,165,99754,165,99990,165,99725,165,100012,100,99724,100,100027,100,99706,100,100050,100,99680,100,100054,100,99672,100,100101,100,99625,100,100103,100,99554,100
2019-06-28 09:48:36.608988784,99965,165,99864,165,99971,165,99834,165,99972,165,99754,165,99990,165,99725,165,100012,100,99724,100,100027,100,99706,100,100050,100,99680,100,100054,100,99672,100,100101,100,99625,100,100103,100,99554,100
2019-06-28 09:48:40.000000000,99965,230,99864,230,99971,230,99834,230,99972,100,99754,100,99990,100,99725,100,100012,100,99724,100,100027,100,99706,100,100050,100,99680,100,100054,100,99672,100,100101,100,99625,100,100103,100,99554,100
2019-06-28 09:48:50.000000000,99965,359,99864,359,99971,100,99834,100,99972,100,99754,100,99990,100,99725,100,100012,100,99724,100,100027,100,99706,100,100050,100,99680,100,100054,100,99672,100,100101,100,99625,100,100103,100,99554,100
2019-06-28 09:49:00.000000000,99965,188,99864,188,99971,185,99834,185,99972,185,99754,185,99990,100,99725,100,100012,100,99724,100,100027,100,99706,100,100050,100,99680,100,100054,100,99672,100,100101,100,99625,100,100103,100,99554,100
2019-06-28 09:49:10.000000000,99965,152,99864,152,99971,152,99834,152,99972,152,99754,152,99990,152,99725,152,100012,152,99724,152,100027,100,99706,100,100050,100,99680,100,100054,100,99672,100,100101,100,99625,100,100103,100,99554,100
2019-06-28 09:49:20.000000000,99965,230,99864,230,99971,230,99834,230,99972,100,99754,100,99990,100,99725,100,100012,100,99724,100,100027,100,99706,100,100050,100,99680,100,100054,100,99672,100,100101,100,99625,100,100103,100,99554,100
2019-06-28 09:49:30.000000000,99965,152,99864,152,99971,152,99834,152,99972,152,99754,152,99990,152,99725,152,100012,152,99724,152,100027,100,99706,100,100050,100,99680,100,100054,100,99672,100,100101,100,99625,100,100103,100,99554,100
2019-06-28 09:49:40.000000000,99965,165,99864,165,99971,165,99834,165,99972,165,99754,165,99990,165,99725,165,100012,100,99724,100,100027,100,99706,100,100050,100,99680,100,100054,100,99672,100,100101,100,99625,100,100103,100,99554,100
2019-06-28 09:49:50.000000000,99965,165,99864,165,99971,165,99834,165,99972,165,99754,165,99990,165,99725,165,100012,100,99724,100,100027,100,99706,100,100050,100,99680,100,100054,100,99672,100,100101,100,99625,100,100103,100,99554,100
2019-06-28 09:50:00.000000000,99965,188,99864,188,99971,185,99834,185,99972,185,99754,185,99990,100,99725,100,100012,100,99724,100,100027,100,99706,100,100050,100,99680,100,100054,100,99672,100,100101,100,99625,100,100103,100,99554,100
2019-06-28 09:50:02.413300054,99965,188,99864,188,99971,185,99834,185,99972,185,99754,185,99990,100,99725,100,100012,100,99724,100,100027,100,99706,100,100050,100,99680,100,100054,100,99672,100,100101,100,99634,100,100103,100,99625,100
2019-06-28 09:50:10.000000000,99965,165,99864,165,99971,165,99834,165,99972,165,99754,165,99990,165,99725,165,100012,100,99724,100,100027,100,99706,100,100050,100,99680,100,100054,100,99672,100,100101,100,99634,100,100103,100,99625,100
2019-06-28 09:50:13.601010802,99965,165,99864,165,99971,165,99834,165,99972,165,99754,165,99979,100,99725,165,99990,165,99724,100,100012,100,99706,100,100027,100,99680,100,100050,100,99672,100,100054,100,99634,100,100101,100,99625,100
2019-06-28 09:50:13.697669286,99965,165,99864,165,99971,165,99834,165,99972,165,99754,165,99979,100,99725,165,99990,165,99724,100,100012,100,99706,100,100027,100,99680,100,100050,100,99672,100,100054,100,99634,100,100101,100,99554,100
2019-06-28 09:50:14.383698990,99965,165,99864,65,99971,165,99834,165,99972,165,99754,165,99979,100,99725,165,99990,165,99724,100,100012,100,99706,100,100027,100,99680,100,100050,100,99672,100,100054,100,99634,100,100101,100,99554,100
2019-06-28 09:50:20.000000000,99965,359,99834,359,99971,100,99754,100,99972,100,99725,100,99979,100,99724,100,99990,100,99706,100,100012,100,99680,100,100027,100,99672,100,100050,100,99634,100,100054,100,99554,100,100101,100,99382,100
2019-06-28 09:50:30.000000000,99965,188,99834,188,99971,185,99754,185,99972,185,99725,185,99979,100,99724,100,99990,100,99706,100,100012,100,99680,100,100027,100,99672,100,100050,100,99634,100,100054,100,99554,100,100101,100,99382,100
2019-06-28 09:50:40.000000000,99965,188,99834,188,99971,185,99754,185,99972,185,99725,185,99979,100,99724,100,99990,100,99706,100,100012,100,99680,100,100027,100,99672,100,100050,100,99634,100,100054,100,99554,100,100101,100,99382,100
2019-06-28 09:50:50.000000000,99965,165,99834,165,99971,165,99754,165,99972,165,99725,165,99979,165,99724,165,99990,100,99706,100,100012,100,99680,100,100027,100,99672,100,100050,100,99634,100,100054,100,99554,100,100101,100,99382,100
2019-06-28 09:51:00.000000000,99965,165,99834,165,99971,165,99754,165,99972,165,99725,165,99979,165,99724,165,99990,100,99706,100,100012,100,99680,100,100027,100,99672,100,100050,100,99634,100,100054,100,99554,100,100101,100,99382,100
2019-06-28 09:51:10.000000000,99965,230,99834,230,99971,230,99754,230,99972,100,99725,100,99979,100,99724,100,99990,100,99706,100,100012,100,99680,100,100027,100,99672,100,100050,100,99634,100,100054,100,99554,100,100101,100,99382,100
2019-06-28 09:51:20.000000000,99965,359,99834,359,99971,100,99754,100,99972,100,99725,100,99979,100,99724,100,99990,100,99706,100,100012,100,99680,100,100027,100,99672,100,100050,100,99634,100,100054,100,99554,100,100101,100,99382,100
2019-06-28 09:51:30.000000000,99965,230,99834,230,99971,230,99754,230,99972,100,99725,100,99979,100,99724,100,99990,100,99706,100,100012,100,99680,100,100027,100,99672,100,100050,100,99634,100,100054,100,99554,100,100101,100,99382,100
2019-06-28 09:51:40.000000000,99965,230,99834,230,99971,230,99754,230,99972,100,99725,100,99979,100,99724,100,99990,100,99706,100,100012,100,99680,100,100027,100,99672,100,100050,100,99634,100,100054,100,99554,100,100101,100,99382,100
2019-06-28 09:51:50.000000000,99965,165,99834,165,99971,165,99754,165,99972,165,99725,165,99979,165,99724,165,99990,100,99706,100,100012,100,99680,100,100027,100,99672,100,100050,100,99634,100,100054,100,99554,100,100101,100,99382,100
2019-06-28 09:51:53.001692043,99965,65,99834,165,99971,165,99754,165,99972,165,99725,165,99979,165,99724,165,99990,100,99706,100,100012,100,99680,100,100027,100,99672,100,100050,100,99634,100,100054,100,99554,100,100101,100,99382,100
2019-06-28 09:52:00.000000000,99971,188,99834,188,99972,185,99754,185,99979,185,99725,185,99990,100,99724,100,100012,100,99706,100,100027,100,99680,100,100050,100,99672,100,100054,100,99634,100,100101,100,99554,100,100103,100,99382,100
2019-06-28 09:52:04.112879273,99971,188,99865,100,99972,185,99834,188,99979,185,99754,185,99990,100,99725,185,100012,100,99724,100,100027,100,99706,100,100050,100,99680,100,100054,100,99672,100,100101,100,99634,100,100103,100,99554,100
2019-06-28 09:52:10.000000000,99971,230,99865,230,99972,230,99834,230,99979,100,99754,100,99990,100,99725,100,100012,100,99724,100,100027,100,99706,100,100050,100,99680,100,100054,100,99672,100,100101,100,99634,100,100103,100,99554,100
2019-06-28 09:52:20.000000000,99971,188,99865,188,99972,185,99834,185,99979,185,99754,185,99990,100,99725,100,100012,100,99724,100,100027,100,99706,100,100050,100,99680,100,100054,100,99672,100,100101,100,99634,100,100103,100,99554,100
2019-06-28 09:52:22.189938232,99971,188,99865,288,99972,185,99834,185,99979,185,99754,185,99990,100,99725,100,100012,100,99724,100,100027,100,99706,100,100050,100,99680,100,100054,100,99672,100,100101,100,99634,100,100103,100,99554,100
2019-06-28 09:52:30.000000000,99971,165,99865,265,99972,165,99834,165,99979,165,99754,165,99990,165,99725,165,100012,100,99724,100,100027,100,99706,100,100050,100,99680,100,100054,100,99672,100,100101,100,99634,100,100103,100,99554,100
2019-06-28 09:52:40.000000000,99971,230,99865,330,99972,230,99834,230,99979,100,99754,100,99990,100,99725,100,100012,100,99724,100,100027,100,99706,100,100050,100,99680,100,100054,100,99672,100,100101,100,99634,100,100103,100,99554,100
2019-06-28 09:52:44.927575065,99971,230,99865,330,99972,230,99834,230,99979,100,99754,100,99990,100,99725,100,100012,100,99724,100,100027,100,99706,100,100050,100,99672,100,100054,100,99634,100,100101,100,99554,100,100103,100,99382,100
2019-06-28 09:52:50.000000000,99971,165,99865,265,99972,165,99834,165,99979,165,99754,165,99990,165,99725,165,100012,100,99724,100,100027,100,99706,100,100050,100,99672,100,100054,100,99634,100,100101,100,99554,100,100103,100,99382,100
2019-06-28 09:52:50.726210936,99971,165,99865,265,99972,165,99834,165,99979,165,99754,165,99990,165,99725,165,100012,100,99724,100,100027,100,99706,100,100050,100,99672,100,100054,100,99634,100,100101,100,99554,100,100103,100,99382,100
2019-06-28 09:53:00.000000000,99971,230,99865,330,99972,230,99834,230,99979,100,99754,100,99990,100,99725,100,100012,100,99724,100,100027,100,99706,100,100050,100,99672,100,100054,100,99634,100,100101,100,99554,100,100103,100,99382,100
2019-06-28 09:53:05.705253659,99971,230,99865,330,99972,230,99834,230,99979,100,99754,100,99990,100,99725,100,100012,100,99724,100,100027,100,99706,100,100050,100,99672,100,100054,100,99634,100,100101,100,99382,100,100103,100,99373,100
2019-06-28 09:53:06.283696734,99971,230,99865,430,99972,230,99834,230,99979,100,99754,100,99990,100,99725,100,100012,100,99724,100,100027,100,99706,100,100050,100,99672,100,100054,100,99634,100,100101,100,99382,100,100103,100,99373,100
2019-06-28 09:53:10.000000000,99971,165,99865,365,99972,165,99834,165,99979,165,99754,165,99990,165,99725,165,100012,100,99724,100,100027,100,99706,100,100050,100,99672,100,100054,100,99634,100,100101,100,99382,100,100103,100,99373,100
2019-06-28 09:53:20.000000000,99971,230,99865,430,99972,230,99834,230,99979,100,99754,100,99990,100,99725,100,100012,100,99724,100,100027,100,99706,100,100050,100,99672,100,100054,100,99634,100,100101,100,99382,100,100103,100,99373,100
2019-06-28 09:53:27.123779837,99971,130,99865,430,99972,230,99834,230,99979,100,99754,100,99990,100,99725,100,100012,100,99724,100,100027,100,99706,100,100050,100,99672,100,100054,100,99634,100,100101,100,99382,100,100103,100,99373,100
2019-06-28 09:53:30.000000000,99972,230,99865,430,99979,230,99834,230,99990,100,99754,100,100012,100,99725,100,100027,100,99724,100,100050,100,99706,100,100054,100,99672,100,100101,100,99634,100,100103,100,99382,100,100104,100,99373,100
2019-06-28 09:53:37.760361770,99972,230,99865,430,99979,230,99834,230,99990,100,99754,100,100012,100,99725,100,100027,100,99724,100,100050,100,99706,100,100054,100,99672,100,100101,100,99634,100,100103,100,99382,100,100104,100,99373,100
2019-06-28 09:53:40.000000000,99972,230,99865,430,99979,230,99834,230,99990,100,99754,100,100012,100,99725,100,100027,100,99724,100,100050,100,99706,100,100054,100,99672,100,100101,100,99634,100,100103,100,99382,100,100104,100,99373,100
2019-06-28 09:53:50.000000000,99972,165,99865,365,99979,165,99834,165,99990,165,99754,165,100012,165,99725,165,100027,100,99724,100,100050,100,99706,100,100054,100,99672,100,100101,100,99634,100,100103,100,99382,100,100104,100,99373,100
2019-06-28 09:53:53.571881285,99972,165,99965,100,99979,165,99865,365,99990,165,99834,165,100012,165,99754,165,100027,100,99725,165,100050,100,99724,100,100054,100,99706,100,100101,100,99672,100,100103,100,99634,100,100104,100,99382,100
2019-06-28 09:54:00.000000000,99972,188,99965,188,99979,185,99865,385,99990,185,99834,185,100012,100,99754,100,100027,100,99725,100,100050,100,99724,100,100054,100,99706,100,100101,100,99672,100,100103,100,99634,100,100104,100,99382,100
2019-06-28 09:54:02.886836943,99972,88,99965,188,99979,185,99865,385,99990,185,99834,185,100012,100,99754,100,100027,100,99725,100,100050,100,99724,100,100054,100,99706,100,100101,100,99672,100,100103,100,99634,100,100104,100,99382,100
2019-06-28 09:54:08.155108328,99972,88,99971,100,99979,185,99965,188,99990,185,99865,385,100012,100,99834,185,100027,100,99754,100,100050,100,99725,100,100054,100,99724,100,100101,100,99706,100,100103,100,99672,100,100104,100,99634,100
2019-06-28 09:54:10.000000000,99979,359,99971,359,99990,100,99965,100,100012,100,99865,300,100027,100,99834,100,100050,100,99754,100,100054,100,99725,100,100101,100,99724,100,100103,100,99706,100,100104,100,99672,100,100125,100,99634,100
2019-06-28 09:54:20.000000000,99979,152,99971,152,99990,152,99965,152,100012,152,99865,352,100027,152,99834,152,100050,152,99754,152,100054,100,99725,100,100101,100,99724,100,100103,100,99706,100,100104,100,99672,100,100125,100,99634,100
2019-06-28 09:54:30.000000000,99979,188,99971,188,99990,185,99965,185,100012,185,99865,385,100027,100,99834,100,100050,100,99754,100,100054,100,99725,100,100101,100,99724,100,100103,100,99706,100,100104,100,99672,100,100125,100,99634,100
2019-06-28 09:54:35.037245658,99979,88,99971,188,99990,185,99965,185,100012,185,99865,385,100027,100,99834,100,100050,100,99754,100,100054,100,99725,100,100101,100,99724,100,100103,100,99706,100,100104,100,99672,100,100125,100,99634,100
2019-06-28 09:54:35.190787233,99990,185,99979,12,100012,185,99971,188,100027,100,99965,185,100050,100,99865,385,100054,100,99834,100,100101,100,99754,100,100103,100,99725,100,100104,100,99724,100,100125,100,99706,100,100150,100,99672,100
2019-06-28 09:54:40.000000000,99990,188,99979,100,100012,185,99971,185,100027,185,99965,185,100050,100,99865,300,100054,100,99834,100,100101,100,99754,100,100103,100,99725,100,100104,100,99724,100,100125,100,99706,100,100150,100,99672,100
2019-06-28 09:54:50.000000000,99990,188,99979,100,100012,185,99971,185,100027,185,99965,185,100050,100,99865,300,100054,100,99834,100,100101,100,99754,100,100103,100,99725,100,100104,100,99724,100,100125,100,99706,100,100150,100,99672,100
2019-06-28 09:54:53.533359743,99990,188,99979,100,100012,185,99971,185,100027,185,99965,185,100050,100,99865,300,100054,100,99834,100,100101,100,99754,100,100103,100,99725,100,100104,100,99724,100,100125,100,99706,100,100151,100,99672,100
2019-06-28 09:55:00.000000000,99990,165,99979,77,100012,165,99971,165,100027,165,99965,165,100050,165,99865,365,100054,100,99834,100,100101,100,99754,100,100103,100,99725,100,100104,100,99724,100,100125,100,99706,100,100151,100,99672,100
2019-06-28 09:55:05.696066448,99990,165,99979,177,100012,165,99971,165,100027,165,99965,165,100050,165,99865,365,100054,100,99834,100,100101,100,99754,100,100103,100,99725,100,100104,100,99724,100,100125,100,99706,100,100151,100,99672,100
2019-06-28 09:55:10.000000000,99990,230,99979,242,100012,230,99971,230,100027,100,99965,100,100050,100,99865,300,100054,100,99834,100,100101,100,99754,100,100103,100,99725,100,100104,100,99724,100,100125,100,99706,100,100151,100,99672,100
2019-06-28 09:55:20.000000000,99990,188,99979,200,100012,185,99971,185,100027,185,99965,185,100050,100,99865,300,100054,100,99834,100,100101,100,99754,100,100103,100,99725,100,100104,100,99724,100,100125,100,99706,100,100151,100,99672,100
2019-06-28 09:55:22.058525017,99990,188,99979,200,100012,185,99971,185,100027,185,99965,185,100050,100,99865,300,100054,100,99834,100,100103,100,99754,100,100104,100,99725,100,100125,100,99724,100,100151,100,99706,100,100202,100,99672,100
2019-06-28 09:55:30.000000000,99990,359,99979,371,100012,100,99971,100,100027,100,99965,100,100050,100,99865,300,100054,100,99834,100,100103,100,99754,100,100104,100,99725,100,100125,100,99724,100,100151,100,99706,100,100202,100,99672,100
2019-06-28 09:55:40.000000000,99990,188,99979,200,100012,185,99971,185,100027,185,99965,185,100050,100,99865,300,100054,100,99834,100,100103,100,99754,100,100104,100,99725,100,100125,100,99724,100,100151,100,99706,100,100202,100,99672,100
2019-06-28 09:55:45.009576102,99990,188,99979,200,100012,185,99971,185,100027,185,99965,85,100050,100,99865,300,100054,100,99834,100,100103,100,99754,100,100104,100,99725,100,100125,100,99724,100,100151,100,99706,100,100202,100,99672,100
2019-06-28 09:55:47.558274152,99990,188,99979,200,100012,185,99971,185,100027,185,99965,85,100050,100,99865,300,100054,100,99834,100,100103,100,99754,100,100104,100,99725,100,100125,100,99724,100,100151,100,99706,100,100202,100,99672,100
2019-06-28 09:55:50.000000000,99990,188,99979,200,100012,185,99971,185,100027,185,99865,385,100050,100,99834,100,100054,100,99754,100,100103,100,99725,100,100104,100,99724,100,100125,100,99706,100,100151,100,99672,100,100202,100,99634,100
2019-06-28 09:56:00.000000000,99990,165,99979,177,100012,165,99971,165,100027,165,99865,365,100050,165,99834,165,100054,100,99754,100,100103,100,99725,100,100104,100,99724,100,100125,100,99706,100,100151,100,99672,100,100202,100,99634,100
2019-06-28 09:56:10.000000000,99990,359,99979,371,100012,100,99971,100,100027,100,99865,300,100050,100,99834,100,100054,100,99754,100,100103,100,99725,100,100104,100,99724,100,100125,100,99706,100,100151,100,99672,100,100202,100,99634,100
2019-06-28 09:56:14.609657925,99990,359,99979,371,100012,100,99971,100,100027,100,99865,300,100050,100,99834,100,100054,100,99754,100,100103,100,99725,100,100104,100,99724,100,100125,100,99706,100,100151,100,99672,100,100202,100,99634,100
2019-06-28 09:56:20.000000000,99990,230,99979,242,100012,230,99971,230,100027,100,99865,300,100050,100,99834,100,100054,100,99754,100,100103,100,99725,100,100104,100,99724,100,100125,100,99706,100,100151,100,99672,100,100202,100,99634,100
2019-06-28 09:56:30.000000000,99990,359,99979,371,100012,100,99971,100,100027,100,99865,300,100050,100,99834,100,100054,100,99754,100,100103,100,99725,100,100104,100,99724,100,100125,100,99706,100,100151,100,99672,100,100202,100,99634,100
2019-06-28 09:56:34.993868319,99990,359,99979,371,100012,100,99971,100,100027,100,99865,300,100050,100,99834,100,100054,100,99754,100,100103,100,99725,100,100104,100,99724,100,100125,100,99706,100,100151,100,99672,100,100202,100,99634,100
2019-06-28 09:56:40.000000000,99990,359,99979,371,100012,100,99971,100,100027,100,99865,300,100050,100,99834,100,100054,100,99754,100,100103,100,99725,100,100104,100,99724,100,100125,100,99706,100,100151,100,99672,100,100202,100,99634,100
2019-06-28 09:56:50.000000000,99990,152,99979,164,100012,152,99971,152,100027,152,99865,352,100050,152,99834,152,100054,152,99754,152,100103,100,99725,100,100104,100,99724,100,100125,100,99706,100,100151,100,99672,100,100202,100,99634,100
2019-06-28 09:56:53.159856528,99990,52,99979,152,100012,152,99971,152,100027,152,99865,352,100050,152,99834,152,100054,152,99754,152,100103,100,99725,100,100104,100,99724,100,100125,100,99706,100,100151,100,99672,100,100202,100,99634,100
2019-06-28 09:57:00.000000000,100012,230,99979,230,100027,230,99971,230,100050,100,99865,300,100054,100,99834,100,100103,100,99754,100,100104,100,99725,100,100125,100,99724,100,100151,100,99706,100,100202,100,99672,100,100262,100,99634,100
2019-06-28 09:57:10.000000000,100012,188,99979,188,100027,185,99971,185,100050,185,99865,385,100054,100,99834,100,100103,100,99754,100,100104,100,99725,100,100125,100,99724,100,100151,100,99706,100,100202,100,99672,100,100262,100,99634,100
2019-06-28 09:57:20.000000000,100012,230,99979,230,100027,230,99971,230,100050,100,99865,300,100054,100,99834,100,100103,100,99754,100,100104,100,99725,100,100125,100,99724,100,100151,100,99706,100,100202,100,99672,100,100262,100,99634,100
2019-06-28 09:57:30.000000000,100012,230,99979,230,100027,230,99971,230,100050,100,99865,300,100054,100,99834,100,100103,100,99754,100,100104,100,99725,100,100125,100,99724,100,100151,100,99706,100,100202,100,99672,100,100262,100,99634,100
2019-06-28 09:57:32.617457598,100012,130,99979,230,100027,230,99971,230,100050,100,99865,300,100054,100,99834,100,100103,100,99754,100,100104,100,99725,100,100125,100,99724,100,100151,100,99706,100,100202,100,99672,100,100262,100,99634,100
2019-06-28 09:57:40.000000000,100027,165,99979,165,100050,165,99971,165,100054,165,99865,365,100103,165,99834,165,100104,100,99754,100,100125,100,99725,100,100151,100,99724,100,100202,100,99706,100,100262,100,99672,100,100306,100,99634,100
2019-06-28 09:57:50.000000000,100027,188,99979,188,100050,185,99971,185,100054,185,99865,385,100103,100,99834,100,100104,100,99754,100,100125,100,99725,100,100151,100,99724,100,100202,100,99706,100,100262,100,99672,100,100306,100,99634,100
2019-06-28 09:57:57.784676334,100027,88,99979,188,100050,185,99971,185,100054,185,99865,385,100103,100,99834,100,100104,100,99754,100,100125,100,99725,100,100151,100,99724,100,100202,100,99706,100,100262,100,99672,100,100306,100,99634,100
2019-06-28 09:58:00.000000000,100050,165,99979,165,100054,165,99971,165,100103,165,99865,365,100104,165,99834,165,100125,100,99754,100,100151,100,99725,100,100202,100,99724,100,100262,100,99706,100,100306,100,99672,100,100316,100,99634,100
2019-06-28 09:58:10.000000000,100050,230,99979,230,100054,230,99971,230,100103,100,99865,300,100104,100,99834,100,100125,100,99754,100,100151,100,99725,100,100202,100,99724,100,100262,100,99706,100,100306,100,99672,100,100316,100,99634,100
2019-06-28 09:58:20.000000000,100050,152,99979,152,100054,152,99971,152,100103,152,99865,352,100104,152,99834,152,100125,152,99754,152,100151,100,99725,100,100202,100,99724,100,100262,100,99706,100,100306,100,99672,100,100316,100,99634,100
2019-06-28 09:58:30.000000000,100050,359,99979,359,100054,100,99971,100,100103,100,99865,300,100104,100,99834,100,100125,100,99754,100,100151,100,99725,100,100202,100,99724,100,100262,100,99706,100,100306,100,99672,100,100316,100,99634,100
2019-06-28 09:58:35.063210179,100050,359,99979,359,100054,100,99971,100,100103,100,99865,300,100104,100,99834,100,100125,100,99754,100,100202,100,99725,100,100262,100,99724,100,100306,100,99706,100,100316,100,99672,100,100331,100,99634,100
2019-06-28 09:58:36.540263027,100050,359,99979,359,100054,100,99971,100,100103,100,99865,300,100104,100,99834,100,100125,100,99754,100,100202,100,99725,100,100262,100,99724,100,100306,100,99672,100,100316,100,99634,100,100331,100,99382,100
2019-06-28 09:58:40.000000000,100050,165,99979,165,100054,165,99971,165,100103,165,99865,365,100104,165,99834,165,100125,100,99754,100,100202,100,99725,100,100262,100,99724,100,100306,100,99672,100,100316,100,99634,100,100331,100,99382,100
2019-06-28 09:58:48.028204144,100050,165,100012,100,100054,165,99979,165,100103,165,99971,165,100104,165,99865,365,100125,100,99834,165,100202,100,99754,100,100262,100,99725,100,100306,100,99724,100,100316,100,99672,100,100331,100,99634,100
2019-06-28 09:58:50.000000000,100050,188,100012,188,100054,185,99979,185,100103,185,99971,185,100104,100,99865,300,100125,100,99834,100,100202,100,99754,100,100262,100,99725,100,100306,100,99724,100,100316,100,99672,100,100331,100,99634,100
2019-06-28 09:58:50.707679079,100050,88,100012,188,100054,185,99979,185,100103,185,99971,185,100104,100,99865,300,100125,100,99834,100,100202,100,99754,100,100262,100,99725,100,100306,100,99724,100,100316,100,99672,100,100331,100,99634,100
2019-06-28 09:59:00.000000000,100054,165,100012,165,100103,165,99979,165,100104,165,99971,165,100125,165,99865,365,100202,100,99834,100,100262,100,99754,100,100306,100,99725,100,100316,100,99724,100,100331,100,99672,100,100409,100,99634,100
2019-06-28 09:59:10.000000000,100054,152,100012,152,100103,152,99979,152,100104,152,99971,152,100125,152,99865,352,100202,152,99834,152,100262,100,99754,100,100306,100,99725,100,100316,100,99724,100,100331,100,99672,100,100409,100,99634,100
2019-06-28 09:59:17.813956540,100054,152,100012,152,100103,152,99979,152,100104,152,99971,152,100125,152,99865,352,100202,152,99834,152,100262,100,99754,100,100306,100,99725,100,100316,100,99724,100,100331,100,99672,100,100409,100,99634,100
2019-06-28 09:59:18.413378685,100054,152,100027,100,100103,152,100012,152,100104,152,99979,152,100125,152,99971,152,100202,152,99865,352,100262,100,99834,152,100306,100,99754,100,100316,100,99725,100,100331,100,99724,100,100409,100,99672,100
2019-06-28 09:59:20.000000000,100054,359,100027,359,100103,100,100012,100,100104,100,99979,100,100125,100,99971,100,100202,100,99865,300,100262,100,99834,100,100306,100,99754,100,100316,100,99725,100,100331,100,99724,100,100409,100,99672,100
2019-06-28 09:59:23.516313077,100054,359,100027,459,100103,100,100012,100,100104,100,99979,100,100125,100,99971,100,100202,100,99865,300,100262,100,99834,100,100306,100,99754,100,100316,100,99725,100,100331,100,99724,100,100409,100,99672,100
2019-06-28 09:59:30.000000000,100054,230,100027,330,100103,230,100012,230,100104,100,99979,100,100125,100,99971,100,100202,100,99865,300,100262,100,99834,100,100306,100,99754,100,100316,100,99725,100,100331,100,99724,100,100409,100,99672,100
2019-06-28 09:59:40.000000000,100054,188,100027,288,100103,185,100012,185,100104,185,99979,185,100125,100,99971,100,100202,100,99865,300,100262,100,99834,100,100306,100,99754,100,100316,100,99725,100,100331,100,99724,100,100409,100,99672,100
2019-06-28 09:59:41.142536697,100054,188,100027,388,100103,185,100012,185,100104,185,99979,185,100125,100,99971,100,100202,100,99865,300,100262,100,99834,100,100306,100,99754,100,100316,100,99725,100,100331,100,99724,100,100409,100,99672,100
2019-06-28 09:59:50.000000000,100054,359,100027,559,100103,100,100012,100,100104,100,99979,100,100125,100,99971,100,100202,100,99865,300,100262,100,99834,100,100306,100,99754,100,100316,100,99725,100,100331,100,99724,100,100409,100,99672,100
2019-06-28 09:59:54.242391835,100054,359,100027,559,100103,100,100012,100,100104,100,99979,100,100125,100,99971,100,100202,100,99865,300,100262,100,99834,100,100306,100,99754,100,100316,100,99725,100,100331,100,99724,100,100409,100,99672,100
2019-06-28 10:00:00.000000000,100054,230,100027,430,100103,230,100012,230,100104,100,99979,100,100125,100,99971,100,100202,100,99865,300,100262,100,99834,100,100306,100,99754,100,100316,100,99725,100,100331,100,99724,100,100409,100,99672,100
2019-06-28 10:00:10.000000000,100054,152,100027,352,100103,152,100012,152,100104,152,99979,152,100125,152,99971,152,100202,152,99865,352,100262,100,99834,100,100306,100,99754,100,100316,100,99725,100,100331,100,99724,100,100409,100,99672,100
2019-06-28 10:00:14.184994442,100054,152,100027,352,100103,152,100012,152,100104,152,99979,152,100125,152,99971,152,100202,152,99865,352,100262,100,99834,100,100306,100,99754,100,100316,100,99725,100,100331,100,99724,100,100409,100,99672,100
2019-06-28 10:00:20.000000000,100054,188,100027,388,100103,185,100012,185,100104,185,99979,185,100125,100,99971,100,100202,100,99865,300,100262,100,99834,100,100306,100,99754,100,100316,100,99725,100,100331,100,99724,100,100409,100,99672,100
2019-06-28 10:00:24.295707066,100054,188,100027,388,100103,185,100012,185,100104,185,99979,185,100125,100,99971,100,100202,100,99865,300,100262,100,99834,100,100306,100,99754,100,100316,100,99725,100,100331,100,99724,100,100409,100,99672,100
2019-06-28 10:00:28.975161304,100054,88,100027,388,100103,185,100012,185,100104,185,99979,185,100125,100,99971,100,100262,100,99865,300,100306,100,99834,100,100316,100,99754,100,100331,100,99725,100,100409,100,99724,100,100470,100,99672,100
2019-06-28 10:00:30.000000000,100103,152,100027,352,100104,152,100012,152,100125,152,99979,152,100262,152,99971,152,100306,152,99865,352,100316,100,99834,100,100331,100,99754,100,100409,100,99725,100,100470,100,99724,100,100621,100,99672,100
2019-06-28 10:00:40.000000000,100103,230,100027,430,100104,230,100012,230,100125,100,99979,100,100262,100,99971,100,100306,100,99865,300,100316,100,99834,100,100331,100,99754,100,100409,100,99725,100,100470,100,99724,100,100621,100,99672,100
2019-06-28 10:00:40.480794844,100103,130,100027,430,100104,230,100012,230,100125,100,99979,100,100262,100,99971,100,100306,100,99865,300,100316,100,99834,100,100331,100,99754,100,100409,100,99725,100,100470,100,99724,100,100621,100,99672,100
2019-06-28 10:00:50.000000000,100104,165,100027,365,100125,165,100012,165,100262,165,99979,165,100306,165,99971,165,100316,100,99865,300,100331,100,99834,100,100409,100,99754,100,100470,100,99725,100,100621,100,99724,100,101122,100,99672,100
2019-06-28 10:00:56.438681076,100104,165,100027,365,100125,165,100012,165,100262,165,99979,165,100306,165,99971,165,100316,100,99865,300,100331,100,99834,100,100409,100,99754,100,100470,100,99724,100,100621,100,99672,100,101122,100,99382,100
2019-06-28 10:01:00.000000000,100104,165,100027,365,100125,165,100012,165,100262,165,99979,165,100306,165,99971,165,100316,100,99865,300,100331,100,99834,100,100409,100,99754,100,100470,100,99724,100,100621,100,99672,100,101122,100,99382,100
2019-06-28 10:01:10.000000000,100104,152,100027,352,100125,152,100012,152,100262,152,99979,152,100306,152,99971,152,100316,152,99865,352,100331,100,99834,100,100409,100,99754,100,100470,100,99724,100,100621,100,99672,100,101122,100,99382,100
2019-06-28 10:01:12.639898372,100104,52,100027,352,100125,152,100012,152,100262,152,99979,152,100306,152,99971,152,100316,152,99865,352,100331,100,99834,100,100409,100,99754,100,100470,100,99724,100,100621,100,99672,100,101122,100,99382,100
2019-06-28 10:01:20.000000000,100125,152,100027,352,100262,152,100012,152,100306,152,99979,152,100316,152,99971,152,100331,152,99865,352,100409,100,99834,100,100470,100,99754,100,100621,100,99724,100,101122,100,99672,100,101188,100,99382,100
2019-06-28 10:01:29.379754120,100125,52,100027,352,100262,152,100012,152,100306,152,99979,152,100316,152,99971,152,100331,152,99865,352,100409,100,99834,100,100470,100,99754,100,100621,100,99724,100,101122,100,99672,100,101188,100,99382,100
2019-06-28 10:01:30.000000000,100262,188,100027,388,100306,185,100012,185,100316,185,99979,185,100331,100,99971,100,100409,100,99865,300,100470,100,99834,100,100621,100,99754,100,101122,100,99724,100,101188,100,99672,100,101396,100,99382,100
2019-06-28 10:01:36.778677813,100262,188,100104,100,100306,185,100027,388,100316,185,100012,185,100331,100,99979,185,100409,100,99971,100,100470,100,99865,200,100621,100,99834,100,101122,100,99754,100,101188,100,99724,100,101396,100,99672,100
2019-06-28 10:01:40.000000000,100262,165,100104,165,100306,165,100027,365,100316,165,100012,165,100331,165,99979,165,100409,100,99971,100,100470,100,99865,200,100621,100,99834,100,101122,100,99754,100,101188,100,99724,100,101396,100,99672,100
2019-06-28 10:01:47.882613817,100262,165,100104,165,100306,165,100027,365,100316,165,100012,165,100331,165,99979,165,100409,100,99971,100,100470,100,99865,200,100621,100,99834,100,101122,100,99754,100,101188,100,99724,100,101396,100,99672,100
2019-06-28 10:01:50.000000000,100262,188,100104,188,100306,185,100027,385,100316,185,100012,185,100331,100,99979,100,100409,100,99971,100,100470,100,99865,200,100621,100,99834,100,101122,100,99754,100,101188,100,99724,100,101396,100,99672,100
2019-06-28 10:02:00.000000000,100262,152,100104,152,100306,152,100027,352,100316,152,100012,152,100331,152,99979,152,100409,152,99971,152,100470,100,99865,200,100621,100,99834,100,101122,100,99754,100,101188,100,99724,100,101396,100,99672,100
2019-06-28 10:02:10.000000000,100262,230,100104,230,100306,230,100027,430,100316,100,100012,100,100331,100,99979,100,100409,100,99971,100,100470,100,99865,200,100621,100,99834,100,101122,100,99754,100,101188,100,99724,100,101396,100,99672,100
2019-06-28 10:02:20.000000000,100262,359,100104,359,100306,100,100027,300,100316,100,100012,100,100331,100,99979,100,100409,100,99971,100,100470,100,99865,200,100621,100,99834,100,101122,100,99754,100,101188,100,99724,100,101396,100,99672,100
2019-06-28 10:02:25.162974324,100262,359,100104,459,100306,100,100027,300,100316,100,100012,100,100331,100,99979,100,100409,100,99971,100,100470,100,99865,200,100621,100,99834,100,101122,100,99754,100,101188,100,99724,100,101396,100,99672,100
2019-06-28 10:02:30.000000000,100262,230,100104,330,100306,230,100027,430,100316,100,100012,100,100331,100,99979,100,100409,100,99971,100,100470,100,99865,200,100621,100,99834,100,101122,100,99754,100,101188,100,99724,100,101396,100,99672,100
2019-06-28 10:02:30.476480500,100262,230,100104,330,100306,230,100027,430,100316,100,100012,100,100331,100,99979,100,100409,100,99971,100,100470,100,99865,200,100621,100,99834,100,101122,100,99754,100,101188,100,99724,100,101396,100,99672,100
2019-06-28 10:02:40.000000000,100262,152,100104,252,100306,152,100027,352,100316,152,100012,152,100331,152,99979,152,100409,152,99971,152,100470,100,99865,200,100621,100,99834,100,101122,100,99754,100,101188,100,99724,100,101396,100,99672,100
2019-06-28 10:02:49.166170198,100262,152,100104,252,100306,152,100027,352,100316,152,100012,152,100331,152,99979,152,100409,152,99971,152,100470,100,99865,200,100621,100,99834,100,101122,100,99754,100,101145,100,99724,100,101188,100,99672,100
2019-06-28 10:02:50.000000000,100262,359,100104,459,100306,100,100027,300,100316,100,100012,100,100331,100,99979,100,100409,100,99971,100,100470,100,99865,200,100621,100,99834,100,101122,100,99754,100,101145,100,99724,100,101188,100,99672,100
2019-06-28 10:02:52.609824012,100262,359,100104,459,100306,100,100027,300,100316,100,100012,100,100331,100,99979,100,100409,100,99971,100,100470,100,99865,200,100621,100,99834,100,101013,100,99754,100,101122,100,99724,100,101145,100,99672,100
2019-06-28 10:02:56.572232835,100262,259,100104,459,100306,100,100027,300,100316,100,100012,100,100331,100,99979,100,100470,100,99971,100,100621,100,99865,200,101013,100,99834,100,101122,100,99754,100,101145,100,99724,100,101188,100,99672,100
2019-06-28 10:03:00.000000000,100306,165,100104,265,100316,165,100027,365,100331,165,100012,165,100470,165,99979,165,100621,100,99971,100,101013,100,99865,200,101122,100,99834,100,101145,100,99754,100,101188,100,99724,100,101396,100,99672,100
2019-06-28 10:03:10.000000000,100306,188,100104,288,100316,185,100027,385,100331,185,100012,185,100470,100,99979,100,100621,100,99971,100,101013,100,99865,200,101122,100,99834,100,101145,100,99754,100,101188,100,99724,100,101396,100,99672,100
2019-06-28 10:03:18.206922404,100306,188,100104,288,100316,185,100027,385,100331,185,100012,185,100470,100,99979,100,100621,100,99971,100,100726,100,99865,200,101013,100,99834,100,101122,100,99754,100,101145,100,99724,100,101188,100,99672,100
2019-06-28 10:03:20.000000000,100306,359,100104,459,100316,100,100027,300,100331,100,100012,100,100470,100,99979,100,100621,100,99971,100,100726,100,99865,200,101013,100,99834,100,101122,100,99754,100,101145,100,99724,100,101188,100,99672,100
2019-06-28 10:03:30.000000000,100306,152,100104,252,100316,152,100027,352,100331,152,100012,152,100470,152,99979,152,100621,152,99971,152,100726,100,99865,200,101013,100,99834,100,101122,100,99754,100,101145,100,99724,100,101188,100,99672,100
2019-06-28 10:03:35.576813628,100306,152,100125,100,100316,152,100104,152,100331,152,100027,352,100470,152,100012,152,100621,152,99979,152,100726,100,99971,152,101013,100,99865,200,101122,100,99834,100,101145,100,99754,100,101188,100,99724,100
2019-06-28 10:03:40.000000000,100306,152,100125,152,100316,152,100104,152,100331,152,100027,352,100470,152,100012,152,100621,152,99979,152,100726,100,99971,100,101013,100,99865,200,101122,100,99834,100,101145,100,99754,100,101188,100,99724,100
2019-06-28 10:03:50.000000000,100306,152,100125,152,100316,152,100104,152,100331,152,100027,352,100470,152,100012,152,100621,152,99979,152,100726,100,99971,100,101013,100,99865,200,101122,100,99834,100,101145,100,99754,100,101188,100,99724,100
2019-06-28 10:03:58.592650769,100306,152,100125,252,100316,152,100104,152,100331,152,100027,352,100470,152,100012,152,100621,152,99979,152,100726,100,99971,100,101013,100,99865,200,101122,100,99834,100,101145,100,99754,100,101188,100,99724,100
2019-06-28 10:04:00.000000000,100306,359,100125,459,100316,100,100104,100,100331,100,100027,300,100470,100,100012,100,100621,100,99979,100,100726,100,99971,100,101013,100,99865,200,101122,100,99834,100,101145,100,99754,100,101188,100,99724,100
2019-06-28 10:04:03.989559029,100306,259,100125,459,100316,100,100104,100,100331,100,100027,300,100470,100,100012,100,100621,100,99979,100,100726,100,99971,100,101013,100,99865,200,101122,100,99834,100,101145,100,99754,100,101188,100,99724,100
2019-06-28 10:04:06.802972588,100306,259,100125,459,100316,100,100104,100,100331,100,100027,300,100470,100,100012,100,100621,100,99979,100,100717,100,99971,100,100726,100,99865,200,101013,100,99834,100,101122,100,99754,100,101145,100,99724,100
2019-06-28 10:04:08.616018394,100306,259,100125,459,100316,100,100104,100,100331,100,100027,300,100600,100,100012,100,100621,100,99979,100,100717,100,99971,100,100726,100,99865,200,101013,100,99834,100,101122,100,99754,100,101145,100,99724,100
2019-06-28 10:04:09.912868110,100306,259,100262,100,100316,100,100125,459,100331,100,100104,100,100600,100,100027,300,100621,100,100012,100,100717,100,99979,100,100726,100,99971,100,101013,100,99865,200,101122,100,99834,100,101145,100,99754,100
2019-06-28 10:04:10.000000000,100316,230,100262,230,100331,230,100125,330,100600,100,100104,100,100621,100,100027,300,100717,100,100012,100,100726,100,99979,100,101013,100,99971,100,101122,100,99865,200,101145,100,99834,100,101188,100,99754,100
2019-06-28 10:04:11.402560281,100316,230,100262,230,100331,230,100254,100,100600,100,100125,330,100621,100,100104,100,100717,100,100027,300,100726,100,100012,100,101013,100,99979,100,101122,100,99971,100,101145,100,99865,200,101188,100,99834,100
2019-06-28 10:04:15.636315738,100316,230,100262,230,100331,230,100254,100,100586,100,100125,330,100600,100,100104,100,100621,100,100027,300,100717,100,100012,100,100726,100,99979,100,101013,100,99971,100,101122,100,99865,200,101145,100,99834,100
2019-06-28 10:04:20.000000000,100316,188,100262,188,100331,185,100254,185,100586,185,100125,285,100600,100,100104,100,100621,100,100027,300,100717,100,100012,100,100726,100,99979,100,101013,100,99971,100,101122,100,99865,200,101145,100,99834,100
2019-06-28 10:04:20.660727603,100331,185,100316,12,100586,185,100262,188,100600,100,100254,185,100621,100,100125,285,100717,100,100104,100,100726,100,100027,300,101013,100,100012,100,101122,100,99979,100,101145,100,99971,100,101188,100,99865,200
2019-06-28 10:04:21.106795041,100331,85,100316,12,100586,185,100262,188,100600,100,100254,185,100621,100,100125,285,100717,100,100104,100,100726,100,100027,300,101013,100,100012,100,101122,100,99979,100,101145,100,99971,100,101188,100,99865,200
2019-06-28 10:04:22.494871651,100586,185,100331,15,100600,100,100316,12,100621,100,100262,188,100717,100,100254,185,100726,100,100125,285,101013,100,100104,100,101122,100,100027,300,101145,100,100012,100,101188,100,99979,100,101396,100,99971,100
2019-06-28 10:04:30.000000000,100586,152,100331,67,100600,152,100316,64,100621,152,100262,152,100717,152,100254,152,100726,152,100125,252,101013,100,100104,100,101122,100,100027,300,101145,100,100012,100,101188,100,99979,100,101396,100,99971,100
2019-06-28 10:04:34.385647134,100586,152,100331,167,100600,152,100316,64,100621,152,100262,152,100717,152,100254,152,100726,152,100125,252,101013,100,100104,100,101122,100,100027,300,101145,100,100012,100,101188,100,99979,100,101396,100,99971,100
2019-06-28 10:04:40.000000000,100586,165,100331,180,100600,165,100316,77,100621,165,100262,165,100717,165,100254,165,100726,100,100125,200,101013,100,100104,100,101122,100,100027,300,101145,100,100012,100,101188,100,99979,100,101396,100,99971,100
2019-06-28 10:04:48.980161090,100586,165,100545,100,100600,165,100331,180,100621,165,100316,77,100717,165,100262,165,100726,100,100254,165,101013,100,100125,200,101122,100,100104,100,101145,100,100027,300,101188,100,100012,100,101396,100,99979,100
2019-06-28 10:04:50.000000000,100586,188,100545,188,100600,185,100331,200,100621,185,100316,97,100717,100,100262,100,100726,100,100254,100,101013,100,100125,200,101122,100,100104,100,101145,100,100027,300,101188,100,100012,100,101396,100,99979,100
2019-06-28 10:04:51.155055032,100586,188,100545,188,100600,185,100331,200,100621,185,100316,97,100717,100,100262,100,100726,100,100254,100,101013,100,100125,200,101122,100,100104,100,101145,100,100027,200,101188,100,100012,100,101396,100,99979,100
2019-06-28 10:05:00.000000000,100586,165,100545,165,100600,165,100331,180,100621,165,100316,77,100717,165,100262,165,100726,100,100254,100,101013,100,100125,200,101122,100,100104,100,101145,100,100027,200,101188,100,100012,100,101396,100,99979,100
2019-06-28 10:05:03.111303238,100586,165,100545,165,100600,165,100366,100,100621,165,100331,180,100717,165,100316,77,100726,100,100262,165,101013,100,100254,100,101122,100,100125,200,101145,100,100104,100,101188,100,100027,200,101396,100,100012,100
2019-06-28 10:05:04.138501616,100586,165,100545,65,100600,165,100366,100,100621,165,100331,180,100717,165,100316,77,100726,100,100262,165,101013,100,100254,100,101122,100,100125,200,101145,100,100104,100,101188,100,100027,200,101396,100,100012,100
2019-06-28 10:05:10.000000000,100586,230,100366,230,100600,230,100331,245,100621,100,100316,12,100717,100,100262,100,100726,100,100254,100,101013,100,100125,200,101122,100,100104,100,101145,100,100027,200,101188,100,100012,100,101396,100,99979,100
2019-06-28 10:05:20.000000000,100586,230,100366,230,100600,230,100331,245,100621,100,100316,12,100717,100,100262,100,100726,100,100254,100,101013,100,100125,200,101122,100,100104,100,101145,100,100027,200,101188,100,100012,100,101396,100,99979,100
2019-06-28 10:05:30.000000000,100586,188,100366,188,100600,185,100331,200,100621,185,100316,97,100717,100,100262,100,100726,100,100254,100,101013,100,100125,200,101122,100,100104,100,101145,100,100027,200,101188,100,100012,100,101396,100,99979,100
2019-06-28 10:05:34.514474128,100586,188,100366,188,100600,185,100331,200,100621,185,100316,97,100717,100,100262,100,100726,100,100254,100,101013,100,100125,200,101122,100,100104,100,101145,100,100027,200,101188,100,100012,100,101396,100,100010,100
2019-06-28 10:05:40.000000000,100586,359,100366,359,100600,100,100331,115,100621,100,100316,12,100717,100,100262,100,100726,100,100254,100,101013,100,100125,200,101122,100,100104,100,101145,100,100027,200,101188,100,100012,100,101396,100,100010,100
2019-06-28 10:05:49.564468838,100545,100,100366,359,100586,359,100331,115,100600,100,100316,12,100621,100,100262,100,100717,100,100254,100,100726,100,100125,100,101013,100,100104,100,101122,100,100027,200,101145,100,100012,100,101188,100,100010,100
2019-06-28 10:05:50.000000000,100545,152,100366,152,100586,152,100331,167,100600,152,100316,64,100621,152,100262,152,100717,152,100254,152,100726,100,100125,100,101013,100,100104,100,101122,100,100027,200,101145,100,100012,100,101188,100,100010,100
2019-06-28 10:06:00.000000000,100545,152,100366,152,100586,152,100331,167,100600,152,100316,64,100621,152,100262,152,100717,152,100254,152,100726,100,100125,100,101013,100,100104,100,101122,100,100027,200,101145,100,100012,100,101188,100,100010,100
2019-06-28 10:06:10.000000000,100545,188,100366,188,100586,185,100331,200,100600,185,100316,97,100621,100,100262,100,100717,100,100254,100,100726,100,100125,100,101013,100,100104,100,101122,100,100027,200,101145,100,100012,100,101188,100,100010,100
2019-06-28 10:06:20.000000000,100545,165,100366,165,100586,165,100331,180,100600,165,100316,77,100621,165,100262,165,100717,100,100254,100,100726,100,100125,100,101013,100,100104,100,101122,100,100027,200,101145,100,100012,100,101188,100,100010,100
2019-06-28 10:06:23.520127267,100545,165,100366,165,100586,165,100331,180,100600,165,100316,77,100621,165,100262,165,100674,100,100254,100,100717,100,100125,100,100726,100,100104,100,101013,100,100027,200,101122,100,100012,100,101145,100,100010,100
2019-06-28 10:06:30.000000000,100545,188,100366,188,100586,185,100331,200,100600,185,100316,97,100621,100,100262,100,100674,100,100254,100,100717,100,100125,100,100726,100,100104,100,101013,100,100027,200,101122,100,100012,100,101145,100,100010,100
2019-06-28 10:06:40.000000000,100545,230,100366,230,100586,230,100331,245,100600,100,100316,12,100621,100,100262,100,100674,100,100254,100,100717,100,100125,100,100726,100,100104,100,101013,100,100027,200,101122,100,100012,100,101145,100,100010,100
2019-06-28 10:06:41.627270703,100545,230,100367,100,100586,230,100366,230,100600,100,100331,245,100621,100,100316,12,100674,100,100262,100,100717,100,100254,100,100726,100,100125,100,101013,100,100104,100,101122,100,100027,200,101145,100,100012,100
