,ask_price_1,ask_size_1,bid_price_1,bid_size_1,ask_price_2,ask_size_2,bid_price_2,bid_size_2,ask_price_3,ask_size_3,bid_price_3,bid_size_3,ask_price_4,ask_size_4,bid_price_4,bid_size_4,ask_price_5,ask_size_5,bid_price_5,bid_size_5,ask_price_6,ask_size_6,bid_price_6,bid_size_6,ask_price_7,ask_size_7,bid_price_7,bid_size_7,ask_price_8,ask_size_8,bid_price_8,bid_size_8,ask_price_9,ask_size_9,bid_price_9,bid_size_9,ask_price_10,ask_size_10,bid_price_10,bid_size_10
2019-06-28 09:30:00.000000001,,,99841,100,,,,,,,,,,,,,,,,,,,,,,,,,,,,,,,,,,,,
2019-06-28 09:30:00.000000006,,,99942,100,,,99841,100,,,,,,,,,,,,,,,,,,,,,,,,,,,,,,,,
2019-06-28 09:30:00.000000008,100011,100,99942,100,,,99841,100,,,,,,,,,,,,,,,,,,,,,,,,,,,,,,,,
2019-06-28 09:30:00.000000011,100011,100,99951,100,,,99942,100,,,99841,100,,,,,,,,,,,,,,,,,,,,,,,,,,,,
2019-06-28 09:30:00.000000013,100011,100,99951,100,,,99942,100,,,99908,100,,,99841,100,,,,,,,,,,,,,,,,,,,,,,,,
2019-06-28 09:30:00.000000014,100011,100,99951,100,100112,100,99942,100,,,99908,100,,,99845,100,,,99841,100,,,,,,,,,,,,,,,,,,,,
2019-06-28 09:30:00.000000017,100011,100,99951,100,100112,100,99942,100,,,99918,100,,,99908,100,,,99845,100,,,99841,100,,,,,,,,,,,,,,,,
2019-06-28 09:30:00.000000019,100011,100,99951,100,100112,100,99942,100,100151,100,99918,100,,,99908,100,,,99845,100,,,99841,100,,,,,,,,,,,,,,,,
2019-06-28 09:30:00.000000020,100090,100,99951,100,100112,100,99942,200,100151,100,99918,100,,,99908,100,,,99859,100,,,99845,100,,,99841,100,,,,,,,,,,,,
2019-06-28 09:30:00.000000021,100090,100,99951,100,100112,100,99942,200,100151,100,99918,100,100174,100,99908,100,,,99859,100,,,99845,100,,,99841,100,,,,,,,,,,,,
2019-06-28 09:30:00.000000022,100090,100,99951,100,100095,100,99942,200,100112,100,99918,100,100151,100,99908,100,100174,100,99859,100,,,99845,100,,,99841,100,,,,,,,,,,,,
2019-06-28 09:30:00.000000023,100066,100,99951,100,100090,100,99942,200,100095,100,99918,100,100112,100,99908,100,100151,100,99859,100,100174,100,99845,100,,,99841,100,,,,,,,,,,,,
2019-06-28 09:30:00.000000025,100020,100,99951,100,100038,100,99942,200,100066,100,99918,100,100090,100,99908,100,100095,100,99859,100,100112,100,99845,100,100129,100,99841,100,100151,100,,,100174,100,,,,,,
2019-06-28 09:30:00.000000026,100020,100,99951,100,100038,100,99942,200,100066,100,99934,100,100090,100,99918,100,100095,100,99908,100,100112,100,99859,100,100124,100,99845,100,100129,100,99841,100,100151,100,,,100153,100,,
2019-06-28 09:30:00.000000027,100020,100,99951,100,100038,100,99942,200,100066,100,99934,100,100090,100,99924,100,100095,100,99918,100,100112,100,99908,100,100124,100,99859,100,100129,100,99845,100,100151,100,99841,100,100153,100,,
2019-06-28 09:30:00.000000028,100020,100,100003,100,100038,100,99951,100,100066,100,99942,200,100090,100,99934,100,100095,100,99933,100,100112,100,99924,100,100124,100,99918,100,100129,100,99908,100,100151,100,99859,100,100153,100,99845,100
2019-06-28 09:30:00.000000030,100020,100,99951,100,100038,100,99942,200,100066,100,99934,100,100090,100,99933,100,100095,100,99924,100,100112,100,99918,100,100124,100,99908,100,100129,100,99888,100,100151,100,99859,100,100153,100,99845,100
2019-06-28 09:30:00.000000033,100020,100,99951,100,100038,100,99942,200,100064,100,99934,100,100066,100,99933,100,100090,100,99924,100,100095,100,99918,100,100112,100,99908,100,100124,100,99888,100,100129,100,99859,100,100151,100,99845,100
2019-06-28 09:30:00.000000035,100020,100,99951,100,100038,100,99942,200,100064,100,99940,100,100066,100,99934,100,100090,100,99933,100,100095,100,99924,100,100112,100,99918,100,100124,100,99908,100,100129,100,99888,100,100151,100,99859,100
2019-06-28 09:30:00.000000037,100011,100,99951,100,100020,100,99942,200,100038,100,99940,100,100064,100,99934,100,100066,100,99933,100,100090,100,99924,100,100095,100,99918,100,100112,100,99908,100,100124,100,99888,100,100129,100,99859,100
2019-06-28 09:30:00.000000039,100011,100,100003,100,100020,100,99951,100,100038,100,99942,200,100064,100,99940,100,100066,100,99934,100,100090,100,99933,100,100095,100,99924,100,100112,100,99918,100,100124,100,99908,100,100129,100,99888,100
2019-06-28 09:30:00.000000040,100011,200,100003,100,100020,100,99951,100,100038,100,99942,200,100064,100,99940,100,100066,100,99934,200,100090,100,99933,100,100095,100,99924,100,100112,100,99918,100,100124,100,99908,100,100129,100,99888,100
2019-06-28 09:30:00.000000041,100011,200,100003,100,100020,100,99951,100,100038,100,99950,100,100064,100,99942,200,100066,100,99940,100,100090,100,99934,200,100095,100,99933,100,100112,100,99924,100,100124,100,99918,100,100129,100,99908,100
2019-06-28 09:30:00.000000042,100011,100,100003,100,100020,100,99951,100,100038,100,99950,100,100064,100,99942,200,100066,100,99940,100,100090,100,99934,200,100095,100,99933,100,100112,100,99924,100,100124,100,99918,100,100129,100,99908,100
2019-06-28 09:30:00.000000045,100011,100,100003,100,100020,100,99951,100,100038,100,99950,100,100064,100,99942,200,100066,100,99940,100,100090,100,99934,200,100095,100,99933,100,100112,100,99924,100,100124,100,99918,100,100129,100,99917,100
2019-06-28 09:30:00.000000049,100011,100,99951,100,100020,100,99950,100,100038,100,99942,200,100064,100,99940,100,100066,100,99934,200,100090,100,99933,100,100095,100,99924,100,100112,100,99918,100,100124,100,99917,100,100129,100,99908,100
2019-06-28 09:30:00.000000050,100010,100,99951,100,100011,100,99950,100,100020,100,99942,200,100038,100,99940,100,100064,100,99934,200,100066,100,99933,100,100090,100,99924,100,100095,100,99918,100,100112,100,99917,100,100124,100,99908,100
2019-06-28 09:30:00.000000052,100010,200,99951,100,100011,100,99950,100,100020,100,99942,200,100038,100,99940,100,100064,100,99934,200,100066,100,99933,100,100090,100,99924,100,100095,100,99918,100,100112,100,99917,100,100124,100,99908,100
2019-06-28 09:30:00.000000053,100010,200,99951,100,100011,100,99950,100,100020,100,99945,100,100038,100,99942,200,100064,100,99940,100,100066,100,99934,200,100090,100,99933,100,100095,100,99924,100,100112,100,99918,100,100124,100,99917,100
2019-06-28 09:30:00.000000054,100010,200,99951,100,100011,100,99950,100,100020,100,99945,100,100026,100,99942,200,100038,100,99940,100,100064,100,99934,200,100066,100,99933,100,100090,100,99924,100,100095,100,99918,100,100112,100,99917,100
2019-06-28 09:30:00.000000058,100010,200,99951,100,100011,100,99950,100,100020,100,99945,100,100026,100,99942,200,100038,100,99940,100,100064,100,99934,200,100066,100,99933,100,100090,100,99924,100,100095,100,99918,100,100112,100,99917,100
2019-06-28 09:30:00.000000061,100010,200,99951,100,100011,100,99950,100,100020,100,99945,100,100026,100,99942,200,100038,100,99940,100,100046,100,99934,200,100064,100,99933,100,100066,100,99924,100,100090,100,99918,100,100095,100,99917,100
2019-06-28 09:30:00.000000062,100010,200,99951,100,100011,100,99950,100,100020,100,99945,100,100026,100,99942,200,100038,100,99940,100,100046,100,99934,200,100064,100,99933,100,100066,100,99927,100,100090,100,99924,100,100095,100,99918,100
2019-06-28 09:30:00.000000065,100010,200,99997,100,100011,100,99995,100,100020,100,99951,100,100026,100,99950,100,100038,100,99945,100,100046,100,99942,200,100064,100,99940,100,100066,100,99934,200,100090,100,99933,100,100095,100,99927,100
2019-06-28 09:30:00.000000069,100010,300,99997,100,100011,100,99995,100,100020,100,99951,100,100026,100,99950,100,100038,100,99945,100,100046,100,99942,200,100064,100,99940,100,100066,100,99934,200,100090,100,99933,100,100095,100,99927,100
2019-06-28 09:30:00.000000071,100010,200,99995,100,100011,100,99951,100,100020,100,99950,100,100026,100,99945,100,100027,100,99942,200,100038,100,99940,100,100046,100,99934,200,100064,100,99933,100,100066,100,99927,100,100090,100,99924,100
2019-06-28 09:30:00.000000072,100010,200,99995,100,100011,100,99951,100,100020,100,99950,100,100026,100,99945,100,100027,100,99942,200,100038,100,99940,100,100046,100,99934,200,100064,100,99933,100,100066,100,99927,100,100090,100,99924,100
2019-06-28 09:30:00.000000073,100011,100,99995,100,100020,100,99951,100,100026,100,99950,100,100027,100,99945,100,100038,100,99942,200,100046,100,99940,100,100064,100,99934,200,100066,100,99933,100,100090,100,99927,100,100095,200,99924,100
2019-06-28 09:30:00.000000075,100011,200,99995,100,100020,100,99951,100,100026,100,99950,100,100027,100,99945,100,100038,100,99942,200,100046,100,99940,100,100064,100,99934,200,100066,100,99933,100,100090,100,99927,100,100095,200,99924,100
2019-06-28 09:30:00.000000079,100011,200,99995,100,100020,100,99951,100,100026,100,99950,100,100027,100,99945,100,100036,100,99942,200,100038,100,99940,100,100046,100,99934,200,100064,100,99933,100,100066,100,99927,100,100090,100,99924,100
2019-06-28 09:30:00.000000086,100011,200,99998,100,100020,100,99995,100,100026,100,99951,100,100027,100,99950,100,100036,100,99945,100,100038,100,99942,200,100046,100,99940,100,100064,100,99934,200,100066,100,99933,100,100069,100,99927,100
2019-06-28 09:30:00.000000087,100011,200,99998,100,100020,100,99995,100,100026,100,99951,100,100027,100,99950,100,100036,100,99945,100,100038,100,99942,200,100046,100,99940,100,100064,100,99934,200,100066,100,99933,100,100069,100,99927,100
2019-06-28 09:30:00.000000088,100010,100,99998,100,100011,200,99995,100,100020,100,99951,100,100026,200,99950,100,100027,100,99945,100,100036,100,99942,200,100038,100,99940,100,100046,100,99934,200,100064,100,99933,100,100066,100,99927,100
2019-06-28 09:30:00.000000091,100003,100,99998,100,100010,100,99995,100,100011,200,99951,100,100020,100,99950,100,100026,200,99945,100,100027,100,99942,200,100036,100,99940,100,100038,100,99934,200,100046,100,99933,100,100064,100,99927,100
2019-06-28 09:30:00.000000092,100011,200,99998,100,100020,100,99995,100,100026,200,99951,100,100027,100,99950,100,100036,100,99945,100,100038,100,99942,200,100046,100,99940,100,100064,100,99934,200,100066,100,99933,100,100069,100,99927,100
2019-06-28 09:30:00.000000095,100010,100,99998,100,100011,200,99995,100,100020,100,99951,100,100026,200,99950,100,100027,100,99945,100,100036,100,99942,200,100038,100,99940,100,100046,100,99934,200,100064,100,99933,100,100066,100,99927,100
2019-06-28 09:30:00.000000097,100011,200,99998,100,100020,100,99995,100,100026,200,99951,100,100027,100,99950,100,100036,100,99945,100,100038,100,99942,200,100046,100,99940,100,100064,100,99934,200,100066,100,99933,100,100069,100,99927,100
2019-06-28 09:30:10.000000000,100011,276,99998,176,100020,176,99995,176,100026,276,99951,176,100027,176,99950,176,100036,176,99945,176,100038,100,99942,200,100046,100,99940,100,100064,100,99934,200,100066,100,99933,100,100069,100,99927,100
2019-06-28 09:30:11.091588543,100011,276,100010,100,100020,176,99998,176,100026,276,99995,176,100027,176,99951,176,100036,176,99950,176,100038,100,99945,176,100046,100,99942,200,100064,100,99940,100,100066,100,99934,200,100069,100,99933,100
2019-06-28 09:30:20.000000000,100011,294,100010,194,100020,194,99998,194,100026,294,99995,194,100027,194,99951,194,100036,100,99950,100,100038,100,99945,100,100046,100,99942,200,100064,100,99940,100,100066,100,99934,200,100069,100,99933,100
2019-06-28 09:30:30.000000000,100011,389,100010,289,100020,289,99998,289,100026,200,99995,100,100027,100,99951,100,100036,100,99950,100,100038,100,99945,100,100046,100,99942,200,100064,100,99940,100,100066,100,99934,200,100069,100,99933,100
2019-06-28 09:30:33.883748447,100011,389,100010,289,100020,189,99998,289,100026,200,99995,100,100027,100,99951,100,100036,100,99950,100,100038,100,99945,100,100046,100,99942,200,100064,100,99940,100,100066,100,99934,200,100069,100,99933,100
2019-06-28 09:30:40.000000000,100011,276,100010,176,100026,276,99998,176,100027,176,99995,176,100036,176,99951,176,100038,176,99950,176,100046,100,99945,100,100064,100,99942,200,100066,100,99940,100,100069,100,99934,200,100090,100,99933,100
2019-06-28 09:30:40.723716839,100011,276,100010,76,100026,276,99998,176,100027,176,99995,176,100036,176,99951,176,100038,76,99950,176,100046,100,99945,100,100064,100,99942,200,100066,100,99940,100,100069,100,99934,200,100090,100,99933,100
2019-06-28 09:30:50.000000000,100011,294,99998,194,100026,294,99995,194,100027,194,99951,194,100036,194,99950,194,100046,100,99945,100,100064,100,99942,200,100066,100,99940,100,100069,100,99934,200,100090,100,99933,100,100095,200,99927,100
2019-06-28 09:31:00.000000000,100011,294,99998,194,100026,294,99995,194,100027,194,99951,194,100036,194,99950,194,100046,100,99945,100,100064,100,99942,200,100066,100,99940,100,100069,100,99934,200,100090,100,99933,100,100095,200,99927,100
2019-06-28 09:31:10.000000000,100011,578,99998,478,100026,200,99995,100,100027,100,99951,100,100036,100,99950,100,100046,100,99945,100,100064,100,99942,200,100066,100,99940,100,100069,100,99934,200,100090,100,99933,100,100095,200,99927,100
2019-06-28 09:31:15.839708164,100011,578,99998,478,100026,200,99995,100,100027,100,99951,100,100036,100,99950,100,100046,100,99945,100,100064,100,99942,200,100069,100,99940,100,100090,100,99934,200,100095,200,99933,100,100124,100,99927,100
2019-06-28 09:31:20.000000000,100011,578,99998,478,100026,200,99995,100,100027,100,99951,100,100036,100,99950,100,100046,100,99945,100,100064,100,99942,200,100069,100,99940,100,100090,100,99934,200,100095,200,99933,100,100124,100,99927,100
2019-06-28 09:31:30.000000000,100011,294,99998,194,100026,294,99995,194,100027,194,99951,194,100036,194,99950,194,100046,100,99945,100,100064,100,99942,200,100069,100,99940,100,100090,100,99934,200,100095,200,99933,100,100124,100,99927,100
2019-06-28 09:31:30.228606910,100011,294,99998,194,100026,294,99995,194,100027,194,99951,194,100036,194,99950,194,100046,100,99945,100,100064,100,99942,200,100069,100,99940,100,100090,100,99934,200,100095,200,99933,100,100124,100,99927,100
2019-06-28 09:31:40.000000000,100011,389,99998,289,100026,389,99995,289,100027,100,99951,100,100036,100,99950,100,100046,100,99945,100,100064,100,99942,200,100069,100,99940,100,100090,100,99934,200,100095,200,99933,100,100124,100,99927,100
2019-06-28 09:31:50.000000000,100011,578,99998,478,100026,200,99995,100,100027,100,99951,100,100036,100,99950,100,100046,100,99945,100,100064,100,99942,200,100069,100,99940,100,100090,100,99934,200,100095,200,99933,100,100124,100,99927,100
2019-06-28 09:31:59.707612370,100011,578,99998,478,100026,200,99995,100,100027,100,99951,100,100036,100,99950,100,100046,100,99945,100,100064,100,99942,200,100069,100,99940,100,100090,100,99934,200,100095,200,99933,100,100124,100,99927,100
2019-06-28 09:32:00.000000000,100011,389,99998,289,100026,389,99995,289,100027,100,99951,100,100036,100,99950,100,100046,100,99945,100,100064,100,99942,200,100069,100,99940,100,100090,100,99934,200,100095,200,99933,100,100124,100,99927,100
2019-06-28 09:32:10.000000000,100011,294,99998,194,100026,294,99995,194,100027,194,99951,194,100036,194,99950,194,100046,100,99945,100,100064,100,99942,200,100069,100,99940,100,100090,100,99934,200,100095,200,99933,100,100124,100,99927,100
2019-06-28 09:32:15.601440001,100011,294,99998,94,100026,294,99995,194,100027,194,99951,194,100036,194,99950,94,100046,100,99945,100,100064,100,99942,200,100069,100,99940,100,100090,100,99934,200,100095,200,99933,100,100124,100,99927,100
2019-06-28 09:32:20.000000000,100011,389,99995,289,100026,389,99951,289,100027,100,99945,100,100036,100,99942,200,100046,100,99940,100,100064,100,99934,200,100069,100,99933,100,100090,100,99927,100,100095,200,99918,100,100124,100,99917,100
2019-06-28 09:32:20.272648816,100011,389,99995,289,100026,389,99951,289,100027,100,99945,100,100036,100,99942,200,100046,100,99940,100,100064,100,99934,200,100069,100,99933,100,100090,100,99927,100,100095,200,99918,100,100124,100,99917,100
2019-06-28 09:32:24.159316751,100010,100,99995,289,100011,389,99951,289,100026,389,99945,100,100027,100,99942,200,100036,100,99940,100,100046,100,99934,200,100064,100,99933,100,100069,100,99927,100,100090,100,99918,100,100095,200,99917,100
2019-06-28 09:32:30.000000000,100010,229,99995,229,100011,325,99951,225,100026,325,99945,225,100027,100,99942,200,100036,100,99940,100,100046,100,99934,200,100064,100,99933,100,100069,100,99927,100,100090,100,99918,100,100095,200,99917,100
2019-06-28 09:32:33.706253913,100010,229,99995,129,100011,325,99951,225,100026,225,99945,225,100027,100,99942,200,100036,100,99940,100,100046,100,99934,200,100064,100,99933,100,100069,100,99927,100,100090,100,99918,100,100095,200,99917,100
2019-06-28 09:32:40.000000000,100010,194,99951,194,100011,294,99945,194,100026,194,99942,294,100027,194,99940,194,100036,100,99934,200,100046,100,99933,100,100064,100,99927,100,100069,100,99918,100,100090,100,99917,100,100095,200,99916,100
2019-06-28 09:32:43.081584382,100010,194,99951,194,100011,294,99945,194,100026,194,99942,294,100027,194,99940,194,100036,100,99934,200,100046,100,99933,100,100064,100,99927,100,100069,100,99918,100,100090,100,99917,100,100095,100,99916,100
2019-06-28 09:32:43.526743419,100010,194,99951,94,100011,294,99945,194,100026,194,99942,294,100027,194,99940,194,100036,100,99934,200,100046,100,99933,100,100064,100,99927,100,100069,100,99918,100,100090,100,99917,100,100095,100,99916,100
2019-06-28 09:32:50.000000000,100010,478,99945,478,100011,200,99942,200,100026,100,99940,100,100027,100,99934,200,100036,100,99933,100,100046,100,99927,100,100064,100,99918,100,100069,100,99917,100,100090,100,99916,100,100095,100,99908,100
2019-06-28 09:32:56.792423463,100010,478,99945,478,100011,200,99942,200,100026,100,99940,100,100027,100,99934,200,100036,100,99933,100,100046,100,99918,100,100064,100,99917,100,100069,100,99916,100,100090,100,99908,100,100095,100,99888,100
2019-06-28 09:33:00.000000000,100010,229,99945,229,100011,325,99942,325,100026,225,99940,225,100027,100,99934,200,100036,100,99933,100,100046,100,99918,100,100064,100,99917,100,100069,100,99916,100,100090,100,99908,100,100095,100,99888,100
2019-06-28 09:33:05.782229466,100010,229,99945,229,100011,225,99942,325,100026,225,99940,225,100027,100,99934,200,100036,100,99933,100,100046,100,99918,100,100064,100,99917,100,100069,100,99916,100,100090,100,99908,100,100095,100,99888,100
2019-06-28 09:33:09.090117535,100010,229,99945,129,100011,225,99942,325,100026,225,99940,225,100027,100,99934,200,100036,100,99933,100,100046,100,99917,100,100064,100,99916,100,100069,100,99908,100,100090,100,99888,100,100095,100,99859,100
2019-06-28 09:33:10.000000000,100010,229,99942,329,100011,225,99940,225,100026,225,99934,325,100027,100,99933,100,100036,100,99917,100,100046,100,99916,100,100064,100,99908,100,100069,100,99888,100,100090,100,99859,100,100095,100,99845,100
2019-06-28 09:33:20.000000000,100010,229,99942,329,100011,225,99940,225,100026,225,99934,325,100027,100,99933,100,100036,100,99917,100,100046,100,99916,100,100064,100,99908,100,100069,100,99888,100,100090,100,99859,100,100095,100,99845,100
2019-06-28 09:33:25.007769712,100010,229,99942,329,100011,225,99940,225,100026,225,99934,325,100027,100,99933,100,100036,100,99917,100,100046,100,99916,100,100064,100,99908,100,100069,100,99888,100,100090,100,99859,100,100095,100,99845,100
2019-06-28 09:33:30.000000000,100010,229,99942,329,100011,225,99940,225,100026,225,99934,325,100027,100,99933,100,100036,100,99917,100,100046,100,99916,100,100064,100,99908,100,100069,100,99888,100,100090,100,99859,100,100095,100,99845,100
2019-06-28 09:33:34.771665987,99960,100,99942,329,100010,229,99940,225,100011,225,99934,325,100026,225,99933,100,100027,100,99917,100,100036,100,99916,100,100046,100,99908,100,100064,100,99888,100,100069,100,99859,100,100090,100,99845,100
2019-06-28 09:33:40.000000000,99960,194,99942,294,100010,194,99940,194,100011,194,99934,294,100026,194,99933,194,100027,100,99917,100,100036,100,99916,100,100046,100,99908,100,100064,100,99888,100,100069,100,99859,100,100090,100,99845,100
2019-06-28 09:33:40.620511489,99960,194,99942,294,100010,194,99940,194,100011,194,99934,294,100026,194,99933,194,100027,100,99917,100,100036,100,99916,100,100046,100,99908,100,100064,100,99888,100,100069,100,99859,100,100090,100,99845,100
2019-06-28 09:33:49.875028298,99960,194,99942,194,100010,194,99940,194,100011,194,99934,294,100026,194,99933,194,100027,100,99917,100,100036,100,99916,100,100046,100,99908,100,100064,100,99888,100,100069,100,99845,100,100090,100,99803,100
2019-06-28 09:33:50.000000000,99960,176,99942,176,100010,176,99940,176,100011,176,99934,276,100026,176,99933,176,100027,176,99917,176,100036,100,99916,100,100046,100,99908,100,100064,100,99888,100,100069,100,99845,100,100090,100,99803,100
2019-06-28 09:34:00.000000000,99960,194,99942,194,100010,194,99940,194,100011,194,99934,294,100026,194,99933,194,100027,100,99917,100,100036,100,99916,100,100046,100,99908,100,100064,100,99888,100,100069,100,99845,100,100090,100,99803,100
2019-06-28 09:34:05.706242287,99960,94,99942,194,100010,194,99940,194,100011,194,99934,294,100026,194,99933,194,100027,100,99917,100,100036,100,99916,100,100046,100,99908,100,100064,100,99888,100,100069,100,99845,100,100090,100,99803,100
2019-06-28 09:34:10.000000000,100010,229,99942,229,100011,225,99940,225,100026,225,99934,325,100027,100,99933,100,100036,100,99917,100,100046,100,99916,100,100064,100,99908,100,100069,100,99888,100,100090,100,99845,100,100095,100,99803,100
2019-06-28 09:34:20.000000000,100010,289,99942,289,100011,289,99940,289,100026,100,99934,200,100027,100,99933,100,100036,100,99917,100,100046,100,99916,100,100064,100,99908,100,100069,100,99888,100,100090,100,99845,100,100095,100,99803,100
2019-06-28 09:34:30.000000000,100010,176,99942,176,100011,176,99940,176,100026,176,99934,276,100027,176,99933,176,100036,176,99917,176,100046,100,99916,100,100064,100,99908,100,100069,100,99888,100,100090,100,99845,100,100095,100,99803,100
2019-06-28 09:34:37.851649202,100010,176,99942,176,100011,176,99940,176,100026,176,99934,276,100027,176,99933,176,100036,176,99917,176,100046,100,99916,100,100064,100,99908,100,100069,100,99888,100,100090,100,99845,100,100095,100,99803,100
2019-06-28 09:34:40.000000000,100010,478,99942,478,100011,100,99940,100,100026,100,99934,200,100027,100,99933,100,100036,100,99917,100,100046,100,99916,100,100064,100,99908,100,100069,100,99888,100,100090,100,99845,100,100095,100,99803,100
2019-06-28 09:34:50.000000000,100010,478,99942,478,100011,100,99940,100,100026,100,99934,200,100027,100,99933,100,100036,100,99917,100,100046,100,99916,100,100064,100,99908,100,100069,100,99888,100,100090,100,99845,100,100095,100,99803,100
2019-06-28 09:35:00.000000000,100010,478,99942,478,100011,100,99940,100,100026,100,99934,200,100027,100,99933,100,100036,100,99917,100,100046,100,99916,100,100064,100,99908,100,100069,100,99888,100,100090,100,99845,100,100095,100,99803,100
2019-06-28 09:35:10.000000000,100010,478,99942,478,100011,100,99940,100,100026,100,99934,200,100027,100,99933,100,100036,100,99917,100,100046,100,99916,100,100064,100,99908,100,100069,100,99888,100,100090,100,99845,100,100095,100,99803,100
2019-06-28 09:35:10.175332555,99945,100,99942,478,100010,478,99940,100,100011,100,99934,100,100026,100,99933,100,100027,100,99917,100,100036,100,99916,100,100046,100,99908,100,100064,100,99888,100,100069,100,99845,100,100090,100,99803,100
2019-06-28 09:35:20.000000000,99945,194,99942,194,100010,194,99940,194,100011,194,99934,194,100026,194,99933,194,100027,100,99917,100,100036,100,99916,100,100046,100,99908,100,100064,100,99888,100,100069,100,99845,100,100090,100,99803,100
2019-06-28 09:35:26.082939211,99945,194,99942,194,100010,194,99940,194,100011,194,99934,194,100026,194,99933,194,100027,100,99917,100,100036,100,99916,100,100046,100,99908,100,100064,100,99888,100,100069,100,99845,100,100090,100,99818,100
2019-06-28 09:35:30.000000000,99945,194,99942,194,100010,194,99940,194,100011,194,99934,194,100026,194,99933,194,100027,100,99917,100,100036,100,99916,100,100046,100,99908,100,100064,100,99888,100,100069,100,99845,100,100090,100,99818,100
2019-06-28 09:35:34.366554977,99945,194,99942,194,100010,194,99940,194,100011,194,99934,194,100026,194,99933,194,100027,100,99917,100,100036,100,99916,100,100046,100,99888,100,100059,100,99845,100,100064,100,99818,100,100069,100,99803,100
2019-06-28 09:35:38.835380317,99945,194,99942,194,100010,194,99940,194,100011,194,99934,194,100026,194,99933,194,100027,100,99917,100,100036,100,99916,100,100046,100,99888,100,100059,100,99845,100,100064,100,99818,100,100069,100,99808,100
2019-06-28 09:35:40.000000000,99945,229,99942,229,100010,225,99940,225,100011,225,99934,225,100026,100,99933,100,100027,100,99917,100,100036,100,99916,100,100046,100,99888,100,100059,100,99845,100,100064,100,99818,100,100069,100,99808,100
2019-06-28 09:35:47.072630815,99945,229,99942,229,100010,225,99940,225,100011,225,99934,225,100026,100,99933,100,100027,100,99917,100,100036,100,99916,100,100046,100,99888,100,100059,100,99845,100,100064,100,99820,100,100069,100,99818,100
2019-06-28 09:35:50.000000000,99945,229,99942,229,100010,225,99940,225,100011,225,99934,225,100026,100,99933,100,100027,100,99917,100,100036,100,99916,100,100046,100,99888,100,100059,100,99845,100,100064,100,99820,100,100069,100,99818,100
2019-06-28 09:36:00.000000000,99945,194,99942,194,100010,194,99940,194,100011,194,99934,194,100026,194,99933,194,100027,100,99917,100,100036,100,99916,100,100046,100,99888,100,100059,100,99845,100,100064,100,99820,100,100069,100,99818,100
2019-06-28 09:36:01.376881728,99945,194,99942,194,100010,94,99940,194,100011,194,99934,194,100026,194,99933,194,100027,100,99917,100,100036,100,99916,100,100046,100,99888,100,100059,100,99845,100,100064,100,99820,100,100069,100,99818,100
2019-06-28 09:36:10.000000000,99945,176,99942,176,100011,176,99940,176,100026,176,99934,176,100027,176,99933,176,100036,176,99917,176,100046,100,99916,100,100059,100,99888,100,100064,100,99845,100,100069,100,99820,100,100090,100,99818,100
2019-06-28 09:36:19.388708896,99945,176,99942,176,100011,176,99940,176,100026,176,99934,176,100027,176,99933,176,100036,176,99917,176,100046,100,99916,100,100059,100,99888,100,100064,100,99845,100,100069,100,99820,100,100090,100,99818,100
2019-06-28 09:36:20.000000000,99945,478,99942,478,100011,100,99940,100,100026,100,99934,100,100027,100,99933,100,100036,100,99917,100,100046,100,99916,100,100059,100,99888,100,100064,100,99845,100,100069,100,99820,100,100090,100,99818,100
2019-06-28 09:36:28.287290981,99945,478,99942,478,100011,100,99940,100,100026,100,99934,100,100027,100,99933,100,100036,100,99926,100,100046,100,99917,100,100059,100,99916,100,100064,100,99888,100,100069,100,99845,100,100090,100,99820,100
2019-06-28 09:36:30.000000000,99945,194,99942,194,100011,194,99940,194,100026,194,99934,194,100027,194,99933,194,100036,100,99926,100,100046,100,99917,100,100059,100,99916,100,100064,100,99888,100,100069,100,99845,100,100090,100,99820,100
2019-06-28 09:36:39.530191076,99945,294,99942,194,100011,194,99940,194,100026,194,99934,194,100027,194,99933,194,100036,100,99926,100,100046,100,99917,100,100059,100,99916,100,100064,100,99888,100,100069,100,99845,100,100090,100,99820,100
2019-06-28 09:36:40.000000000,99945,578,99942,478,100011,100,99940,100,100026,100,99934,100,100027,100,99933,100,100036,100,99926,100,100046,100,99917,100,100059,100,99916,100,100064,100,99888,100,100069,100,99845,100,100090,100,99820,100
2019-06-28 09:36:50.000000000,99945,578,99942,478,100011,100,99940,100,100026,100,99934,100,100027,100,99933,100,100036,100,99926,100,100046,100,99917,100,100059,100,99916,100,100064,100,99888,100,100069,100,99845,100,100090,100,99820,100
2019-06-28 09:37:00.000000000,99945,329,99942,229,100011,225,99940,225,100026,225,99934,225,100027,100,99933,100,100036,100,99926,100,100046,100,99917,100,100059,100,99916,100,100064,100,99888,100,100069,100,99845,100,100090,100,99820,100
2019-06-28 09:37:10.000000000,99945,389,99942,289,100011,289,99940,289,100026,100,99934,100,100027,100,99933,100,100036,100,99926,100,100046,100,99917,100,100059,100,99916,100,100064,100,99888,100,100069,100,99845,100,100090,100,99820,100
2019-06-28 09:37:11.608512448,99945,389,99942,289,100011,289,99940,289,100026,100,99934,100,100027,100,99933,100,100046,100,99926,100,100059,100,99917,100,100064,100,99916,100,100069,100,99888,100,100090,100,99845,100,100095,100,99820,100
2019-06-28 09:37:12.781534366,99945,389,99942,189,100011,289,99940,289,100026,100,99934,100,100027,100,99933,100,100046,100,99917,100,100059,100,99916,100,100064,100,99888,100,100069,100,99845,100,100090,100,99820,100,100095,100,99818,100
2019-06-28 09:37:17.301022644,99945,389,99942,89,100011,289,99940,289,100026,100,99934,100,100027,100,99933,100,100046,100,99917,100,100059,100,99916,100,100064,100,99888,100,100069,100,99845,100,100090,100,99820,100,100095,100,99818,100
2019-06-28 09:37:20.000000000,99945,578,99940,478,100011,100,99934,100,100026,100,99933,100,100027,100,99917,100,100046,100,99916,100,100059,100,99888,100,100064,100,99845,100,100069,100,99820,100,100090,100,99818,100,100095,100,99808,100
2019-06-28 09:37:20.593366228,99945,578,99940,478,100011,100,99934,100,100026,100,99933,100,100027,100,99917,100,100046,100,99916,100,100059,100,99888,100,100064,100,99845,100,100069,100,99820,100,100090,100,99818,100,100095,100,99808,100
2019-06-28 09:37:24.020784881,99945,578,99940,378,100011,100,99934,100,100026,100,99933,100,100027,100,99917,100,100046,100,99888,100,100059,100,99845,100,100064,100,99820,100,100069,100,99818,100,100090,100,99808,100,100095,100,99803,100
2019-06-28 09:37:30.000000000,99945,294,99934,194,100011,194,99933,194,100026,194,99917,194,100027,194,99888,194,100046,100,99845,100,100059,100,99820,100,100064,100,99818,100,100069,100,99808,100,100090,100,99803,100,100095,100,99800,100
2019-06-28 09:37:40.000000000,99945,389,99934,289,100011,289,99933,289,100026,100,99917,100,100027,100,99888,100,100046,100,99845,100,100059,100,99820,100,100064,100,99818,100,100069,100,99808,100,100090,100,99803,100,100095,100,99800,100
2019-06-28 09:37:41.786822971,99945,389,99934,189,100011,289,99933,289,100026,100,99917,100,100027,100,99888,100,100046,100,99845,100,100059,100,99818,100,100064,100,99808,100,100069,100,99803,100,100090,100,99800,100,100095,100,99780,100
2019-06-28 09:37:43.121726231,99945,389,99934,189,100011,289,99933,289,100026,100,99917,100,100027,100,99888,100,100046,100,99845,100,100059,100,99818,100,100064,100,99808,100,100069,100,99803,100,100090,100,99800,100,100095,100,99780,100
2019-06-28 09:37:50.000000000,99945,389,99933,289,100011,289,99917,289,100026,100,99888,100,100027,100,99845,100,100046,100,99818,100,100059,100,99808,100,100064,100,99803,100,100069,100,99800,100,100090,100,99780,100,100095,100,99730,100
2019-06-28 09:37:50.586097053,99945,389,99933,289,100011,289,99917,289,100026,100,99888,100,100027,100,99845,100,100046,100,99818,100,100059,100,99808,100,100064,100,99803,100,100069,100,99800,100,100090,100,99780,100,100095,100,99730,100
2019-06-28 09:37:58.438090217,99945,389,99933,189,100011,289,99917,289,100026,100,99888,100,100027,100,99845,100,100046,100,99818,100,100059,100,99808,100,100064,100,99803,100,100069,100,99800,100,100090,100,99730,100,100095,100,99632,100
2019-06-28 09:38:00.000000000,99945,276,99917,176,100011,176,99888,176,100026,176,99845,176,100027,176,99818,176,100046,176,99808,176,100059,100,99803,100,100064,100,99800,100,100069,100,99730,100,100090,100,99632,100,100095,100,99609,100
2019-06-28 09:38:10.000000000,99945,329,99917,229,100011,225,99888,225,100026,225,99845,225,100027,100,99818,100,100046,100,99808,100,100059,100,99803,100,100064,100,99800,100,100069,100,99730,100,100090,100,99632,100,100095,100,99609,100
2019-06-28 09:38:20.000000000,99945,276,99917,176,100011,176,99888,176,100026,176,99845,176,100027,176,99818,176,100046,176,99808,176,100059,100,99803,100,100064,100,99800,100,100069,100,99730,100,100090,100,99632,100,100095,100,99609,100
2019-06-28 09:38:21.510956157,99945,276,99917,176,100011,176,99888,176,100026,176,99870,100,100027,176,99845,176,100046,176,99818,76,100059,100,99808,176,100064,100,99803,100,100069,100,99800,100,100090,100,99730,100,100095,100,99632,100
2019-06-28 09:38:23.702970728,99945,276,99917,176,100011,176,99888,176,100026,176,99870,100,100027,176,99845,176,100046,176,99818,76,100059,100,99808,176,100064,100,99803,100,100069,100,99800,100,100090,100,99730,100,100095,100,99632,100
2019-06-28 09:38:30.000000000,99945,329,99917,229,100011,225,99888,225,100026,225,99870,225,100027,100,99845,100,100046,100,99808,100,100059,100,99803,100,100064,100,99800,100,100069,100,99730,100,100090,100,99632,100,100095,100,99609,100
2019-06-28 09:38:40.000000000,99945,329,99917,229,100011,225,99888,225,100026,225,99870,225,100027,100,99845,100,100046,100,99808,100,100059,100,99803,100,100064,100,99800,100,100069,100,99730,100,100090,100,99632,100,100095,100,99609,100
2019-06-28 09:38:50.000000000,99945,329,99917,229,100011,225,99888,225,100026,225,99870,225,100027,100,99845,100,100046,100,99808,100,100059,100,99803,100,100064,100,99800,100,100069,100,99730,100,100090,100,99632,100,100095,100,99609,100
2019-06-28 09:38:56.642940237,99945,329,99935,100,100011,225,99917,229,100026,225,99888,225,100027,100,99870,225,100046,100,99845,100,100059,100,99808,100,100064,100,99803,100,100069,100,99800,100,100090,100,99730,100,100095,100,99632,100
2019-06-28 09:38:57.707978631,99945,229,99935,100,100011,225,99917,229,100026,225,99888,225,100027,100,99870,225,100046,100,99845,100,100059,100,99808,100,100064,100,99803,100,100069,100,99800,100,100090,100,99730,100,100095,100,99632,100
2019-06-28 09:39:00.000000000,99945,176,99935,176,100011,176,99917,176,100026,176,99888,176,100027,176,99870,176,100046,176,99845,176,100059,100,99808,100,100064,100,99803,100,100069,100,99800,100,100090,100,99730,100,100095,100,99632,100
2019-06-28 09:39:04.612457469,99945,176,99935,176,100011,176,99917,176,100026,176,99888,176,100027,176,99870,176,100046,176,99845,176,100059,100,99808,100,100064,100,99803,100,100069,100,99800,100,100090,100,99732,100,100095,100,99730,100
2019-06-28 09:39:10.000000000,99945,176,99935,176,100011,176,99917,176,100026,176,99888,176,100027,176,99870,176,100046,176,99845,176,100059,100,99808,100,100064,100,99803,100,100069,100,99800,100,100090,100,99732,100,100095,100,99730,100
2019-06-28 09:39:20.000000000,99945,176,99935,176,100011,176,99917,176,100026,176,99888,176,100027,176,99870,176,100046,176,99845,176,100059,100,99808,100,100064,100,99803,100,100069,100,99800,100,100090,100,99732,100,100095,100,99730,100
2019-06-28 09:39:30.000000000,99945,194,99935,194,100011,194,99917,194,100026,194,99888,194,100027,194,99870,194,100046,100,99845,100,100059,100,99808,100,100064,100,99803,100,100069,100,99800,100,100090,100,99732,100,100095,100,99730,100
2019-06-28 09:39:40.000000000,99945,478,99935,478,100011,100,99917,100,100026,100,99888,100,100027,100,99870,100,100046,100,99845,100,100059,100,99808,100,100064,100,99803,100,100069,100,99800,100,100090,100,99732,100,100095,100,99730,100
2019-06-28 09:39:50.000000000,99945,478,99935,478,100011,100,99917,100,100026,100,99888,100,100027,100,99870,100,100046,100,99845,100,100059,100,99808,100,100064,100,99803,100,100069,100,99800,100,100090,100,99732,100,100095,100,99730,100
2019-06-28 09:39:55.421640945,99945,478,99935,378,100011,100,99917,100,100026,100,99888,100,100027,100,99870,100,100046,100,99845,100,100059,100,99808,100,100064,100,99803,100,100069,100,99800,100,100090,100,99732,100,100095,100,99730,100
2019-06-28 09:40:00.000000000,99945,176,99917,176,100011,176,99888,176,100026,176,99870,176,100027,176,99845,176,100046,176,99808,176,100059,100,99803,100,100064,100,99800,100,100069,100,99732,100,100090,100,99730,100,100095,100,99632,100
2019-06-28 09:40:09.187973801,99945,176,99917,76,100011,176,99888,176,100026,176,99870,176,100027,176,99845,176,100046,176,99808,176,100059,100,99803,100,100064,100,99800,100,100069,100,99732,100,100090,100,99730,100,100095,100,99632,100
2019-06-28 09:40:09.725670454,99917,24,99888,176,99945,176,99870,176,100011,176,99845,176,100026,176,99808,176,100027,176,99803,100,100046,176,99800,100,100059,100,99732,100,100064,100,99730,100,100069,100,99632,100,100090,100,99609,100
2019-06-28 09:40:10.000000000,99917,213,99888,289,99945,289,99870,289,100011,100,99845,100,100026,100,99808,100,100027,100,99803,100,100046,100,99800,100,100059,100,99732,100,100064,100,99730,100,100069,100,99632,100,100090,100,99609,100
2019-06-28 09:40:13.848271291,99917,213,99888,189,99945,289,99870,289,100011,100,99808,100,100026,100,99803,100,100027,100,99800,100,100046,100,99732,100,100059,100,99730,100,100064,100,99632,100,100069,100,99609,100,100090,100,99543,100
2019-06-28 09:40:20.000000000,99917,153,99870,229,99945,225,99808,225,100011,225,99803,225,100026,100,99800,100,100027,100,99732,100,100046,100,99730,100,100059,100,99632,100,100064,100,99609,100,100069,100,99543,100,100090,100,99490,100
2019-06-28 09:40:30.000000000,99917,118,99870,194,99945,194,99808,194,100011,194,99803,194,100026,194,99800,194,100027,100,99732,100,100046,100,99730,100,100059,100,99632,100,100064,100,99609,100,100069,100,99543,100,100090,100,99490,100
2019-06-28 09:40:31.040649875,99917,118,99870,94,99945,194,99808,194,100011,194,99803,194,100026,194,99800,194,100027,100,99732,100,100046,100,99730,100,100059,100,99632,100,100069,100,99609,100,100090,100,99543,100,100095,100,99490,100
2019-06-28 09:40:40.000000000,99917,153,99808,229,99945,225,99803,225,100011,225,99800,225,100026,100,99732,100,100027,100,99730,100,100046,100,99632,100,100059,100,99609,100,100069,100,99543,100,100090,100,99490,100,100095,100,99350,100
2019-06-28 09:40:50.000000000,99917,153,99808,229,99945,225,99803,225,100011,225,99800,225,100026,100,99732,100,100027,100,99730,100,100046,100,99632,100,100059,100,99609,100,100069,100,99543,100,100090,100,99490,100,100095,100,99350,100
2019-06-28 09:41:00.000000000,99917,100,99808,176,99945,176,99803,176,100011,176,99800,176,100026,176,99732,176,100027,176,99730,176,100046,100,99632,100,100059,100,99609,100,100069,100,99543,100,100090,100,99490,100,100095,100,99350,100
2019-06-28 09:41:06.330455127,99917,100,99808,76,99945,176,99803,176,100011,176,99800,176,100026,176,99732,176,100027,176,99730,176,100059,100,99632,100,100069,100,99609,100,100090,100,99543,100,100095,100,99490,100,100153,100,99350,100
2019-06-28 09:41:10.000000000,99917,153,99803,229,99945,225,99800,225,100011,225,99732,225,100026,100,99730,100,100027,100,99632,100,100059,100,99609,100,100069,100,99543,100,100090,100,99490,100,100095,100,99350,100,100153,100,99298,100
2019-06-28 09:41:12.754729129,99917,153,99803,229,99945,225,99800,225,100011,225,99732,225,100026,100,99730,100,100027,100,99632,100,100059,100,99609,100,100069,100,99543,100,100090,100,99490,100,100095,100,99435,100,100153,100,99350,100
2019-06-28 09:41:20.000000000,99917,118,99803,194,99945,194,99800,194,100011,194,99732,194,100026,194,99730,194,100027,100,99632,100,100059,100,99609,100,100069,100,99543,100,100090,100,99490,100,100095,100,99435,100,100153,100,99350,100
2019-06-28 09:41:30.000000000,99917,100,99803,176,99945,176,99800,176,100011,176,99732,176,100026,176,99730,176,100027,176,99632,176,100059,100,99609,100,100069,100,99543,100,100090,100,99490,100,100095,100,99435,100,100153,100,99350,100
2019-06-28 09:41:40.000000000,99917,153,99803,229,99945,225,99800,225,100011,225,99732,225,100026,100,99730,100,100027,100,99632,100,100059,100,99609,100,100069,100,99543,100,100090,100,99490,100,100095,100,99435,100,100153,100,99350,100
2019-06-28 09:41:50.000000000,99917,118,99803,194,99945,194,99800,194,100011,194,99732,194,100026,194,99730,194,100027,100,99632,100,100059,100,99609,100,100069,100,99543,100,100090,100,99490,100,100095,100,99435,100,100153,100,99350,100
2019-06-28 09:42:00.000000000,99917,402,99803,478,99945,100,99800,100,100011,100,99732,100,100026,100,99730,100,100027,100,99632,100,100059,100,99609,100,100069,100,99543,100,100090,100,99490,100,100095,100,99435,100,100153,100,99350,100
2019-06-28 09:42:08.592284626,99870,100,99803,478,99917,402,99800,100,99945,100,99732,100,100011,100,99730,100,100026,100,99632,100,100027,100,99609,100,100059,100,99543,100,100069,100,99490,100,100090,100,99435,100,100095,100,99350,100
2019-06-28 09:42:08.808059831,99870,100,99803,478,99917,402,99800,100,99945,100,99791,100,100011,100,99732,100,100026,100,99730,100,100027,100,99632,100,100059,100,99609,100,100069,100,99543,100,100090,100,99490,100,100095,100,99435,100
2019-06-28 09:42:10.000000000,99870,289,99803,289,99917,213,99800,289,99945,100,99791,100,100011,100,99732,100,100026,100,99730,100,100027,100,99632,100,100059,100,99609,100,100069,100,99543,100,100090,100,99490,100,100095,100,99435,100
2019-06-28 09:42:16.101941681,99870,389,99803,289,99917,213,99800,289,99945,100,99791,100,100011,100,99732,100,100026,100,99730,100,100027,100,99632,100,100059,100,99609,100,100069,100,99543,100,100090,100,99490,100,100095,100,99435,100
2019-06-28 09:42:20.000000000,99870,389,99803,289,99917,213,99800,289,99945,100,99791,100,100011,100,99732,100,100026,100,99730,100,100027,100,99632,100,100059,100,99609,100,100069,100,99543,100,100090,100,99490,100,100095,100,99435,100
2019-06-28 09:42:21.349107245,99870,389,99803,189,99917,213,99800,289,99945,100,99791,100,100011,100,99732,100,100026,100,99730,100,100027,100,99632,100,100059,100,99609,100,100069,100,99543,100,100090,100,99490,100,100095,100,99435,100
2019-06-28 09:42:30.000000000,99870,329,99800,229,99917,149,99791,225,99945,225,99732,225,100011,100,99730,100,100026,100,99632,100,100027,100,99609,100,100059,100,99543,100,100069,100,99490,100,100090,100,99435,100,100095,100,99298,100
2019-06-28 09:42:34.116575558,99808,100,99800,229,99870,329,99791,225,99917,149,99732,225,99945,225,99730,100,100011,100,99632,100,100026,100,99609,100,100027,100,99543,100,100059,100,99490,100,100069,100,99435,100,100090,100,99298,100
2019-06-28 09:42:40.000000000,99808,478,99800,478,99870,200,99791,100,99917,24,99732,100,99945,100,99730,100,100011,100,99632,100,100026,100,99609,100,100027,100,99543,100,100059,100,99490,100,100069,100,99435,100,100090,100,99298,100
2019-06-28 09:42:45.120154192,99808,478,99800,478,99870,200,99791,100,99917,24,99732,100,99945,100,99730,100,100011,100,99632,100,100026,100,99609,100,100027,100,99543,100,100059,100,99490,100,100069,100,99435,100,100090,100,99353,100
2019-06-28 09:42:47.205961414,99808,478,99800,478,99870,200,99791,100,99917,24,99732,100,99945,100,99730,100,100011,100,99632,100,100026,100,99609,100,100027,100,99543,100,100059,100,99490,100,100069,100,99435,100,100090,100,99388,100
2019-06-28 09:42:50.000000000,99808,289,99800,289,99870,389,99791,289,99917,24,99732,100,99945,100,99730,100,100011,100,99632,100,100026,100,99609,100,100027,100,99543,100,100059,100,99490,100,100069,100,99435,100,100090,100,99388,100
2019-06-28 09:43:00.000000000,99808,176,99800,176,99870,276,99791,176,99917,100,99732,176,99945,176,99730,176,100011,176,99632,176,100026,100,99609,100,100027,100,99543,100,100059,100,99490,100,100069,100,99435,100,100090,100,99388,100
2019-06-28 09:43:01.814183948,99808,176,99800,176,99870,276,99791,176,99917,100,99732,176,99945,76,99730,176,100011,176,99632,176,100026,100,99609,100,100027,100,99543,100,100059,100,99490,100,100069,100,99435,100,100090,100,99388,100
2019-06-28 09:43:10.000000000,99808,478,99800,478,99870,200,99791,100,99917,24,99732,100,100011,100,99730,100,100026,100,99632,100,100027,100,99609,100,100059,100,99543,100,100069,100,99490,100,100090,100,99435,100,100095,100,99388,100
2019-06-28 09:43:11.876569449,99808,478,99800,478,99870,200,99791,100,99917,24,99732,100,100011,100,99730,100,100026,100,99632,100,100027,100,99609,100,100059,100,99490,100,100069,100,99435,100,100090,100,99388,100,100095,100,99353,100
2019-06-28 09:43:19.721017262,99808,578,99800,478,99870,200,99791,100,99917,24,99732,100,100011,100,99730,100,100026,100,99632,100,100027,100,99609,100,100059,100,99490,100,100069,100,99435,100,100090,100,99388,100,100095,100,99353,100
2019-06-28 09:43:20.000000000,99808,276,99800,176,99870,276,99791,176,99917,100,99732,176,100011,176,99730,176,100026,176,99632,176,100027,100,99609,100,100059,100,99490,100,100069,100,99435,100,100090,100,99388,100,100095,100,99353,100
2019-06-28 09:43:21.977946779,99808,276,99800,176,99870,276,99791,76,99917,100,99732,176,100011,176,99730,176,100026,176,99632,176,100027,100,99609,100,100059,100,99490,100,100069,100,99435,100,100090,100,99388,100,100095,100,99353,100
2019-06-28 09:43:30.000000000,99808,294,99800,194,99870,294,99732,194,99917,118,99730,194,100011,194,99632,194,100026,100,99609,100,100027,100,99490,100,100059,100,99435,100,100069,100,99388,100,100090,100,99353,100,100095,100,99194,100
2019-06-28 09:43:40.000000000,99808,294,99800,194,99870,294,99732,194,99917,118,99730,194,100011,194,99632,194,100026,100,99609,100,100027,100,99490,100,100059,100,99435,100,100069,100,99388,100,100090,100,99353,100,100095,100,99194,100
2019-06-28 09:43:50.000000000,99808,294,99800,194,99870,294,99732,194,99917,118,99730,194,100011,194,99632,194,100026,100,99609,100,100027,100,99490,100,100059,100,99435,100,100069,100,99388,100,100090,100,99353,100,100095,100,99194,100
2019-06-28 09:43:57.332109281,99808,294,99800,194,99870,294,99732,194,99917,118,99730,194,100011,194,99639,100,100026,100,99632,194,100059,100,99609,100,100069,100,99490,100,100090,100,99435,100,100095,100,99388,100,100153,100,99353,100
2019-06-28 09:44:00.000000000,99808,389,99800,289,99870,389,99732,289,99917,24,99730,100,100011,100,99639,100,100026,100,99632,100,100059,100,99609,100,100069,100,99490,100,100090,100,99435,100,100095,100,99388,100,100153,100,99353,100
2019-06-28 09:44:00.535686308,99808,389,99800,189,99870,389,99732,289,99917,24,99730,100,100011,100,99639,100,100026,100,99632,100,100059,100,99609,100,100069,100,99490,100,100090,100,99435,100,100095,100,99388,100,100153,100,99353,100
2019-06-28 09:44:10.000000000,99808,329,99732,229,99870,325,99730,225,99917,149,99639,225,100011,100,99632,100,100026,100,99609,100,100059,100,99490,100,100069,100,99435,100,100090,100,99388,100,100095,100,99353,100,100153,100,99194,100
2019-06-28 09:44:11.566799743,99803,100,99732,229,99808,329,99730,225,99870,325,99639,225,99917,149,99632,100,100011,100,99609,100,100026,100,99490,100,100059,100,99435,100,100069,100,99388,100,100090,100,99353,100,100095,100,99194,100
2019-06-28 09:44:12.562806920,99803,100,99732,229,99808,329,99730,225,99870,325,99639,225,99917,125,99632,100,100011,100,99620,100,100026,100,99609,100,100059,100,99490,100,100069,100,99435,100,100090,100,99388,100,100095,100,99353,100
2019-06-28 09:44:20.000000000,99803,289,99732,289,99808,389,99730,289,99870,200,99639,100,100011,100,99632,100,100026,100,99620,100,100059,100,99609,100,100069,100,99490,100,100090,100,99435,100,100095,100,99388,100,100153,100,99353,100
2019-06-28 09:44:30.000000000,99803,229,99732,229,99808,325,99730,225,99870,325,99639,225,100011,100,99632,100,100026,100,99620,100,100059,100,99609,100,100069,100,99490,100,100090,100,99435,100,100095,100,99388,100,100153,100,99353,100
2019-06-28 09:44:30.198013597,99803,229,99732,229,99808,325,99730,225,99870,225,99639,225,100011,100,99632,100,100026,100,99620,100,100059,100,99609,100,100069,100,99490,100,100090,100,99435,100,100095,100,99388,100,100153,100,99353,100
2019-06-28 09:44:40.000000000,99803,289,99732,289,99808,389,99730,289,99870,100,99639,100,100011,100,99632,100,100026,100,99620,100,100059,100,99609,100,100069,100,99490,100,100090,100,99435,100,100095,100,99388,100,100153,100,99353,100
2019-06-28 09:44:41.376589315,99803,289,99732,289,99808,389,99730,289,99811,100,99639,100,99870,100,99632,100,100011,100,99620,100,100026,100,99609,100,100059,100,99490,100,100069,100,99435,100,100090,100,99388,100,100095,100,99353,100
2019-06-28 09:44:50.000000000,99803,478,99732,478,99808,200,99730,100,99811,100,99639,100,99870,100,99632,100,100011,100,99620,100,100026,100,99609,100,100059,100,99490,100,100069,100,99435,100,100090,100,99388,100,100095,100,99353,100
2019-06-28 09:45:00.000000000,99803,478,99732,478,99808,200,99730,100,99811,100,99639,100,99870,100,99632,100,100011,100,99620,100,100026,100,99609,100,100059,100,99490,100,100069,100,99435,100,100090,100,99388,100,100095,100,99353,100
2019-06-28 09:45:04.436386024,99803,478,99732,478,99808,200,99730,100,99811,100,99639,100,99870,100,99632,100,100011,100,99620,100,100026,100,99609,100,100059,100,99490,100,100069,100,99435,100,100090,100,99388,100,100095,100,99353,100
2019-06-28 09:45:09.717986104,99803,378,99732,478,99808,200,99730,100,99811,100,99639,100,99870,100,99632,100,100011,100,99620,100,100026,100,99609,100,100059,100,99490,100,100069,100,99435,100,100090,100,99388,100,100095,100,99353,100
2019-06-28 09:45:10.000000000,99808,329,99732,229,99811,225,99730,225,99870,225,99639,225,100011,100,99632,100,100026,100,99620,100,100059,100,99609,100,100069,100,99490,100,100090,100,99435,100,100095,100,99388,100,100153,100,99353,100
2019-06-28 09:45:20.000000000,99808,329,99732,229,99811,225,99730,225,99870,225,99639,225,100011,100,99632,100,100026,100,99620,100,100059,100,99609,100,100069,100,99490,100,100090,100,99435,100,100095,100,99388,100,100153,100,99353,100
2019-06-28 09:45:29.948937406,99808,229,99732,229,99811,225,99730,225,99870,225,99639,225,100011,100,99632,100,100026,100,99620,100,100059,100,99609,100,100069,100,99490,100,100090,100,99435,100,100095,100,99388,100,100153,100,99353,100
2019-06-28 09:45:30.000000000,99808,478,99732,478,99811,100,99730,100,99870,100,99639,100,100011,100,99632,100,100026,100,99620,100,100059,100,99609,100,100069,100,99490,100,100090,100,99435,100,100095,100,99388,100,100153,100,99353,100
2019-06-28 09:45:40.000000000,99808,478,99732,478,99811,100,99730,100,99870,100,99639,100,100011,100,99632,100,100026,100,99620,100,100059,100,99609,100,100069,100,99490,100,100090,100,99435,100,100095,100,99388,100,100153,100,99353,100
2019-06-28 09:45:50.000000000,99808,289,99732,289,99811,289,99730,289,99870,100,99639,100,100011,100,99632,100,100026,100,99620,100,100059,100,99609,100,100069,100,99490,100,100090,100,99435,100,100095,100,99388,100,100153,100,99353,100
2019-06-28 09:45:52.217111485,99808,189,99732,289,99811,289,99730,289,99870,100,99639,100,100011,100,99632,100,100026,100,99620,100,100059,100,99609,100,100069,100,99490,100,100090,100,99435,100,100095,100,99388,100,100153,100,99353,100
2019-06-28 09:46:00.000000000,99811,229,99732,229,99870,225,99730,225,100011,225,99639,225,100026,100,99632,100,100059,100,99620,100,100069,100,99609,100,100090,100,99490,100,100095,100,99435,100,100153,100,99388,100,100165,200,99353,100
2019-06-28 09:46:06.493650847,99811,229,99732,229,99870,225,99730,225,100011,225,99639,225,100026,100,99632,100,100059,100,99620,100,100069,100,99609,100,100090,100,99490,100,100095,100,99435,100,100111,100,99388,100,100153,100,99353,100
2019-06-28 09:46:10.000000000,99811,289,99732,289,99870,289,99730,289,100011,100,99639,100,100026,100,99632,100,100059,100,99620,100,100069,100,99609,100,100090,100,99490,100,100095,100,99435,100,100111,100,99388,100,100153,100,99353,100
2019-06-28 09:46:20.000000000,99811,194,99732,194,99870,194,99730,194,100011,194,99639,194,100026,194,99632,194,100059,100,99620,100,100069,100,99609,100,100090,100,99490,100,100095,100,99435,100,100111,100,99388,100,100153,100,99353,100
2019-06-28 09:46:24.250941922,99811,194,99732,194,99870,194,99730,194,100011,194,99641,100,100026,194,99639,194,100059,100,99632,194,100069,100,99620,100,100090,100,99609,100,100095,100,99490,100,100111,100,99435,100,100153,100,99388,100
2019-06-28 09:46:30.000000000,99811,478,99732,478,99870,100,99730,100,100011,100,99641,100,100026,100,99639,100,100059,100,99632,100,100069,100,99620,100,100090,100,99609,100,100095,100,99490,100,100111,100,99435,100,100153,100,99388,100
2019-06-28 09:46:35.353747623,99811,478,99732,478,99870,100,99730,100,99933,100,99641,100,100011,100,99639,100,100026,100,99632,100,100059,100,99620,100,100069,100,99609,100,100090,100,99490,100,100095,100,99435,100,100111,100,99388,100
2019-06-28 09:46:40.000000000,99811,194,99732,194,99870,194,99730,194,99933,194,99641,194,100011,194,99639,194,100026,100,99632,100,100059,100,99620,100,100069,100,99609,100,100090,100,99490,100,100095,100,99435,100,100111,100,99388,100
2019-06-28 09:46:50.000000000,99811,478,99732,478,99870,100,99730,100,99933,100,99641,100,100011,100,99639,100,100026,100,99632,100,100059,100,99620,100,100069,100,99609,100,100090,100,99490,100,100095,100,99435,100,100111,100,99388,100
2019-06-28 09:46:54.423103293,99811,478,99732,378,99870,100,99730,100,99933,100,99641,100,100011,100,99639,100,100026,100,99632,100,100059,100,99620,100,100069,100,99609,100,100090,100,99490,100,100095,100,99435,100,100111,100,99388,100
2019-06-28 09:47:00.000000000,99811,176,99730,176,99870,176,99641,176,99933,176,99639,176,100011,176,99632,176,100026,176,99620,176,100059,100,99609,100,100069,100,99490,100,100090,100,99435,100,100095,100,99388,100,100111,100,99353,100
2019-06-28 09:47:05.990943304,99811,176,99730,176,99870,176,99641,176,99933,176,99639,176,100011,176,99632,176,100026,176,99620,176,100059,100,99609,100,100069,100,99501,100,100090,100,99435,100,100095,100,99388,100,100111,100,99353,100
2019-06-28 09:47:10.000000000,99811,176,99730,176,99870,176,99641,176,99933,176,99639,176,100011,176,99632,176,100026,176,99620,176,100059,100,99609,100,100069,100,99501,100,100090,100,99435,100,100095,100,99388,100,100111,100,99353,100
2019-06-28 09:47:10.079117866,99811,176,99730,176,99870,176,99641,176,99933,176,99639,176,100011,176,99632,176,100026,176,99620,176,100059,100,99609,100,100069,100,99501,100,100090,100,99435,100,100095,100,99432,100,100111,100,99388,100
2019-06-28 09:47:10.601396170,99811,176,99730,176,99870,176,99641,176,99933,176,99639,176,100011,176,99632,76,100026,176,99620,176,100059,100,99609,100,100069,100,99501,100,100090,100,99474,100,100095,100,99435,100,100111,100,99432,100
2019-06-28 09:47:12.005273303,99807,100,99730,176,99811,176,99641,176,99870,176,99639,176,99933,176,99632,76,100011,176,99620,176,100026,176,99609,100,100059,100,99501,100,100069,100,99474,100,100090,100,99435,100,100095,100,99432,100
2019-06-28 09:47:16.350105125,99807,100,99730,176,99811,176,99641,176,99870,176,99639,176,99933,176,99632,76,100011,176,99620,176,100026,176,99609,100,100059,100,99511,100,100069,100,99501,100,100090,100,99474,100,100095,100,99432,100
2019-06-28 09:47:18.024298945,99807,100,99730,176,99811,176,99641,176,99870,176,99639,176,99933,176,99632,76,100011,176,99620,176,100026,176,99609,100,100059,100,99511,100,100069,100,99501,100,100090,100,99492,100,100095,100,99474,100
2019-06-28 09:47:20.000000000,99807,176,99730,176,99811,176,99641,176,99870,176,99639,176,99933,176,99620,176,100011,176,99609,176,100026,100,99511,100,100059,100,99501,100,100069,100,99492,100,100090,100,99474,100,100095,100,99432,100
2019-06-28 09:47:30.000000000,99807,194,99730,194,99811,194,99641,194,99870,194,99639,194,99933,194,99620,194,100011,100,99609,100,100026,100,99511,100,100059,100,99501,100,100069,100,99492,100,100090,100,99474,100,100095,100,99432,100
2019-06-28 09:47:37.626791190,99807,194,99730,94,99811,194,99641,194,99870,194,99639,194,99933,194,99620,194,100011,100,99609,100,100026,100,99511,100,100059,100,99501,100,100090,100,99492,100,100095,100,99474,100,100111,100,99432,100
2019-06-28 09:47:38.162886557,99807,94,99730,94,99811,194,99641,194,99870,194,99639,194,99933,194,99620,194,100011,100,99609,100,100026,100,99511,100,100059,100,99501,100,100090,100,99492,100,100095,100,99474,100,100111,100,99432,100
2019-06-28 09:47:40.000000000,99811,289,99641,289,99870,289,99639,289,99933,100,99620,100,100011,100,99609,100,100026,100,99511,100,100059,100,99501,100,100090,100,99492,100,100095,100,99474,100,100111,100,99432,100,100153,100,99388,100
2019-06-28 09:47:50.000000000,99811,229,99641,229,99870,225,99639,225,99933,225,99620,225,100011,100,99609,100,100026,100,99511,100,100059,100,99501,100,100090,100,99492,100,100095,100,99474,100,100111,100,99432,100,100153,100,99388,100
2019-06-28 09:48:00.000000000,99811,478,99641,478,99870,100,99639,100,99933,100,99620,100,100011,100,99609,100,100026,100,99511,100,100059,100,99501,100,100090,100,99492,100,100095,100,99474,100,100111,100,99432,100,100153,100,99388,100
2019-06-28 09:48:10.000000000,99811,194,99641,194,99870,194,99639,194,99933,194,99620,194,100011,194,99609,194,100026,100,99511,100,100059,100,99501,100,100090,100,99492,100,100095,100,99474,100,100111,100,99432,100,100153,100,99388,100
2019-06-28 09:48:20.000000000,99811,229,99641,229,99870,225,99639,225,99933,225,99620,225,100011,100,99609,100,100026,100,99511,100,100059,100,99501,100,100090,100,99492,100,100095,100,99474,100,100111,100,99432,100,100153,100,99388,100
2019-06-28 09:48:30.000000000,99811,194,99641,194,99870,194,99639,194,99933,194,99620,194,100011,194,99609,194,100026,100,99511,100,100059,100,99501,100,100090,100,99492,100,100095,100,99474,100,100111,100,99432,100,100153,100,99388,100
2019-06-28 09:48:40.000000000,99811,194,99641,194,99870,194,99639,194,99933,194,99620,194,100011,194,99609,194,100026,100,99511,100,100059,100,99501,100,100090,100,99492,100,100095,100,99474,100,100111,100,99432,100,100153,100,99388,100
2019-06-28 09:48:50.000000000,99811,478,99641,478,99870,100,99639,100,99933,100,99620,100,100011,100,99609,100,100026,100,99511,100,100059,100,99501,100,100090,100,99492,100,100095,100,99474,100,100111,100,99432,100,100153,100,99388,100
2019-06-28 09:48:53.533379390,99811,478,99641,478,99870,100,99639,100,99933,100,99620,100,100011,100,99609,100,100026,100,99501,100,100059,100,99492,100,100090,100,99486,100,100095,100,99474,100,100111,100,99432,100,100153,100,99388,100
2019-06-28 09:49:00.000000000,99811,194,99641,194,99870,194,99639,194,99933,194,99620,194,100011,194,99609,194,100026,100,99501,100,100059,100,99492,100,100090,100,99486,100,100095,100,99474,100,100111,100,99432,100,100153,100,99388,100
2019-06-28 09:49:01.947748027,99811,194,99641,194,99870,194,99639,194,99933,194,99620,194,100011,194,99609,194,100026,100,99501,100,100059,100,99492,100,100090,100,99486,100,100095,100,99442,100,100111,100,99432,100,100153,100,99388,100
2019-06-28 09:49:02.211094382,99811,194,99641,194,99870,194,99639,194,99933,194,99620,194,100011,194,99609,194,100026,100,99501,100,100059,100,99492,100,100090,100,99486,100,100095,100,99442,100,100111,100,99388,100,100153,100,99372,100
2019-06-28 09:49:09.815838107,99811,194,99641,94,99870,194,99639,194,99933,194,99620,194,100011,194,99609,194,100026,100,99501,100,100059,100,99492,100,100090,100,99486,100,100095,100,99442,100,100111,100,99388,100,100153,100,99372,100
2019-06-28 09:49:10.000000000,99811,229,99639,229,99870,225,99620,225,99933,225,99609,225,100011,100,99501,100,100026,100,99492,100,100059,100,99486,100,100090,100,99442,100,100095,100,99388,100,100111,100,99372,100,100153,100,99353,100
2019-06-28 09:49:20.000000000,99811,176,99639,176,99870,176,99620,176,99933,176,99609,176,100011,176,99501,176,100026,176,99492,176,100059,100,99486,100,100090,100,99442,100,100095,100,99388,100,100111,100,99372,100,100153,100,99353,100
2019-06-28 09:49:30.000000000,99811,229,99639,229,99870,225,99620,225,99933,225,99609,225,100011,100,99501,100,100026,100,99492,100,100059,100,99486,100,100090,100,99442,100,100095,100,99388,100,100111,100,99372,100,100153,100,99353,100
2019-06-28 09:49:31.057617362,99811,229,99639,129,99870,225,99620,225,99933,225,99609,225,100011,100,99501,100,100026,100,99492,100,100059,100,99486,100,100090,100,99442,100,100095,100,99388,100,100111,100,99372,100,100153,100,99353,100
2019-06-28 09:49:40.000000000,99811,229,99620,229,99870,225,99609,225,99933,225,99501,225,100011,100,99492,100,100026,100,99486,100,100059,100,99442,100,100090,100,99388,100,100095,100,99372,100,100111,100,99353,100,100153,100,99194,100
2019-06-28 09:49:44.676464288,99811,229,99620,229,99870,225,99609,225,99933,225,99501,225,100011,100,99492,100,100026,100,99486,100,100059,100,99442,100,100090,100,99388,100,100095,100,99353,100,100111,100,99194,100,100153,100,99182,100
2019-06-28 09:49:50.000000000,99811,194,99620,194,99870,194,99609,194,99933,194,99501,194,100011,194,99492,194,100026,100,99486,100,100059,100,99442,100,100090,100,99388,100,100095,100,99353,100,100111,100,99194,100,100153,100,99182,100
2019-06-28 09:50:00.000000000,99811,478,99620,478,99870,100,99609,100,99933,100,99501,100,100011,100,99492,100,100026,100,99486,100,100059,100,99442,100,100090,100,99388,100,100095,100,99353,100,100111,100,99194,100,100153,100,99182,100
2019-06-28 09:50:10.000000000,99811,478,99620,478,99870,100,99609,100,99933,100,99501,100,100011,100,99492,100,100026,100,99486,100,100059,100,99442,100,100090,100,99388,100,100095,100,99353,100,100111,100,99194,100,100153,100,99182,100
2019-06-28 09:50:20.000000000,99811,194,99620,194,99870,194,99609,194,99933,194,99501,194,100011,194,99492,194,100026,100,99486,100,100059,100,99442,100,100090,100,99388,100,100095,100,99353,100,100111,100,99194,100,100153,100,99182,100
2019-06-28 09:50:20.053414064,99811,194,99620,94,99870,194,99609,194,99933,194,99501,194,100011,194,99492,194,100026,100,99486,100,100059,100,99442,100,100090,100,99388,100,100095,100,99353,100,100111,100,99194,100,100153,100,99182,100
2019-06-28 09:50:29.907077253,99639,100,99620,94,99811,194,99609,194,99870,194,99501,194,99933,194,99492,194,100011,194,99486,100,100026,100,99442,100,100059,100,99388,100,100090,100,99353,100,100095,100,99194,100,100111,100,99182,100
2019-06-28 09:50:30.000000000,99639,194,99609,194,99811,194,99501,194,99870,194,99492,194,99933,194,99486,194,100011,100,99442,100,100026,100,99388,100,100059,100,99353,100,100090,100,99194,100,100095,100,99182,100,100111,100,99152,100
2019-06-28 09:50:34.660125192,99639,194,99609,194,99811,194,99501,194,99870,94,99492,194,99933,194,99486,194,100011,100,99442,100,100026,100,99388,100,100059,100,99353,100,100090,100,99194,100,100095,100,99182,100,100111,100,99152,100
2019-06-28 09:50:40.000000000,99639,194,99609,194,99811,194,99501,194,99933,194,99492,194,100011,194,99486,194,100026,100,99442,100,100059,100,99388,100,100090,100,99353,100,100095,100,99194,100,100111,100,99182,100,100153,100,99152,100
2019-06-28 09:50:50.000000000,99639,478,99609,478,99811,100,99501,100,99933,100,99492,100,100011,100,99486,100,100026,100,99442,100,100059,100,99388,100,100090,100,99353,100,100095,100,99194,100,100111,100,99182,100,100153,100,99152,100
2019-06-28 09:50:57.269634969,99639,478,99609,378,99811,100,99501,100,99933,100,99492,100,100011,100,99486,100,100026,100,99442,100,100059,100,99388,100,100090,100,99353,100,100095,100,99194,100,100111,100,99182,100,100153,100,99152,100
2019-06-28 09:51:00.000000000,99639,229,99501,229,99811,225,99492,225,99933,225,99486,225,100011,100,99442,100,100026,100,99388,100,100059,100,99353,100,100090,100,99194,100,100095,100,99182,100,100111,100,99152,100,100153,100,,
2019-06-28 09:51:10.000000000,99639,478,99501,478,99811,100,99492,100,99933,100,99486,100,100011,100,99442,100,100026,100,99388,100,100059,100,99353,100,100090,100,99194,100,100095,100,99182,100,100111,100,99152,100,100153,100,,
2019-06-28 09:51:20.000000000,99639,176,99501,176,99811,176,99492,176,99933,176,99486,176,100011,176,99442,176,100026,176,99388,176,100059,100,99353,100,100090,100,99194,100,100095,100,99182,100,100111,100,99152,100,100153,100,,
2019-06-28 09:51:30.000000000,99639,478,99501,478,99811,100,99492,100,99933,100,99486,100,100011,100,99442,100,100026,100,99388,100,100059,100,99353,100,100090,100,99194,100,100095,100,99182,100,100111,100,99152,100,100153,100,,
2019-06-28 09:51:40.000000000,99639,194,99501,194,99811,194,99492,194,99933,194,99486,194,100011,194,99442,194,100026,100,99388,100,100059,100,99353,100,100090,100,99194,100,100095,100,99182,100,100111,100,99152,100,100153,100,,
2019-06-28 09:51:44.962718135,99639,194,99621,100,99811,194,99501,194,99933,194,99492,194,100011,194,99486,194,100026,100,99442,194,100059,100,99388,100,100090,100,99353,100,100095,100,99194,100,100111,100,99182,100,100153,100,99152,100
2019-06-28 09:51:50.000000000,99639,194,99621,194,99811,194,99501,194,99933,194,99492,194,100011,194,99486,194,100026,100,99442,100,100059,100,99388,100,100090,100,99353,100,100095,100,99194,100,100111,100,99182,100,100153,100,99152,100
2019-06-28 09:52:00.000000000,99639,194,99621,194,99811,194,99501,194,99933,194,99492,194,100011,194,99486,194,100026,100,99442,100,100059,100,99388,100,100090,100,99353,100,100095,100,99194,100,100111,100,99182,100,100153,100,99152,100
2019-06-28 09:52:05.296595035,99639,194,99621,94,99811,194,99501,194,99933,194,99492,194,100011,194,99486,194,100026,100,99442,100,100059,100,99388,100,100090,100,99353,100,100095,100,99194,100,100111,100,99182,100,100153,100,99152,100
2019-06-28 09:52:09.054898823,99639,194,99621,94,99811,194,99501,194,99933,194,99492,194,100011,194,99486,194,100026,100,99442,100,100059,100,99388,100,100090,100,99353,100,100095,100,99341,100,100111,100,99194,100,100153,100,99182,100
2019-06-28 09:52:10.000000000,99639,289,99501,289,99811,289,99492,289,99933,100,99486,100,100011,100,99442,100,100026,100,99388,100,100059,100,99353,100,100090,100,99341,100,100095,100,99194,100,100111,100,99182,100,100153,100,99152,100
2019-06-28 09:52:11.345880300,99639,289,99501,289,99675,100,99492,289,99811,289,99486,100,99933,100,99442,100,100011,100,99388,100,100026,100,99353,100,100059,100,99341,100,100090,100,99194,100,100095,100,99182,100,100111,100,99152,100
2019-06-28 09:52:20.000000000,99639,229,99501,229,99675,225,99492,225,99811,225,99486,225,99933,100,99442,100,100011,100,99388,100,100026,100,99353,100,100059,100,99341,100,100090,100,99194,100,100095,100,99182,100,100111,100,99152,100
2019-06-28 09:52:30.000000000,99639,289,99501,289,99675,289,99492,289,99811,100,99486,100,99933,100,99442,100,100011,100,99388,100,100026,100,99353,100,100059,100,99341,100,100090,100,99194,100,100095,100,99182,100,100111,100,99152,100
2019-06-28 09:52:40.000000000,99639,229,99501,229,99675,225,99492,225,99811,225,99486,225,99933,100,99442,100,100011,100,99388,100,100026,100,99353,100,100059,100,99341,100,100090,100,99194,100,100095,100,99182,100,100111,100,99152,100
2019-06-28 09:52:40.431297726,99639,229,99501,229,99675,225,99492,225,99811,225,99486,225,99933,100,99442,100,100011,100,99388,100,100059,100,99353,100,100090,100,99349,100,100095,100,99341,100,100111,100,99194,100,100153,100,99182,100
2019-06-28 09:52:50.000000000,99639,229,99501,229,99675,225,99492,225,99811,225,99486,225,99933,100,99442,100,100011,100,99388,100,100059,100,99353,100,100090,100,99349,100,100095,100,99341,100,100111,100,99194,100,100153,100,99182,100
2019-06-28 09:53:00.000000000,99639,478,99501,478,99675,100,99492,100,99811,100,99486,100,99933,100,99442,100,100011,100,99388,100,100059,100,99353,100,100090,100,99349,100,100095,100,99341,100,100111,100,99194,100,100153,100,99182,100
2019-06-28 09:53:10.000000000,99639,289,99501,289,99675,289,99492,289,99811,100,99486,100,99933,100,99442,100,100011,100,99388,100,100059,100,99353,100,100090,100,99349,100,100095,100,99341,100,100111,100,99194,100,100153,100,99182,100
2019-06-28 09:53:15.020380199,99639,289,99501,289,99675,289,99492,289,99811,100,99486,100,100011,100,99442,100,100059,100,99388,100,100090,100,99353,100,100095,100,99349,100,100111,100,99341,100,100153,100,99194,100,100165,200,99182,100
2019-06-28 09:53:20.000000000,99639,229,99501,229,99675,225,99492,225,99811,225,99486,225,100011,100,99442,100,100059,100,99388,100,100090,100,99353,100,100095,100,99349,100,100111,100,99341,100,100153,100,99194,100,100165,200,99182,100
2019-06-28 09:53:30.000000000,99639,176,99501,176,99675,176,99492,176,99811,176,99486,176,100011,176,99442,176,100059,176,99388,176,100090,100,99353,100,100095,100,99349,100,100111,100,99341,100,100153,100,99194,100,100165,200,99182,100
2019-06-28 09:53:40.000000000,99639,289,99501,289,99675,289,99492,289,99811,100,99486,100,100011,100,99442,100,100059,100,99388,100,100090,100,99353,100,100095,100,99349,100,100111,100,99341,100,100153,100,99194,100,100165,200,99182,100
2019-06-28 09:53:41.103234172,99621,100,99501,289,99639,189,99492,289,99675,289,99486,100,99811,100,99442,100,100011,100,99388,100,100059,100,99353,100,100090,100,99349,100,100095,100,99341,100,100111,100,99194,100,100153,100,99182,100
2019-06-28 09:53:46.893778547,99621,100,99501,189,99639,189,99492,289,99675,289,99486,100,99811,100,99442,100,100011,100,99388,100,100059,100,99353,100,100090,100,99349,100,100095,100,99341,100,100111,100,99194,100,100153,100,99182,100
2019-06-28 09:53:50.000000000,99621,289,99492,289,99675,289,99486,289,99811,100,99442,100,100011,100,99388,100,100059,100,99353,100,100090,100,99349,100,100095,100,99341,100,100111,100,99194,100,100153,100,99182,100,100165,200,99152,100
2019-06-28 09:54:00.000000000,99621,229,99492,229,99675,225,99486,225,99811,225,99442,225,100011,100,99388,100,100059,100,99353,100,100090,100,99349,100,100095,100,99341,100,100111,100,99194,100,100153,100,99182,100,100165,200,99152,100
2019-06-28 09:54:01.477626846,99621,229,99492,129,99675,225,99486,225,99811,225,99442,225,100011,100,99388,100,100059,100,99353,100,100090,100,99349,100,100095,100,99341,100,100111,100,99194,100,100153,100,99182,100,100165,200,99152,100
2019-06-28 09:54:10.000000000,99621,229,99486,229,99675,225,99442,225,99811,225,99388,225,100011,100,99353,100,100059,100,99349,100,100090,100,99341,100,100095,100,99194,100,100111,100,99182,100,100153,100,99152,100,100165,200,99114,100
2019-06-28 09:54:16.871710035,99621,229,99486,129,99675,225,99442,225,99811,225,99388,225,100011,100,99353,100,100059,100,99349,100,100090,100,99341,100,100095,100,99194,100,100111,100,99182,100,100153,100,99152,100,100165,100,99114,100
2019-06-28 09:54:20.000000000,99621,194,99442,194,99675,194,99388,194,99811,194,99353,194,100011,194,99349,194,100059,100,99341,100,100090,100,99194,100,100095,100,99182,100,100111,100,99152,100,100153,100,99114,100,100165,100,,
2019-06-28 09:54:28.820731879,99621,194,99442,194,99675,194,99388,194,99811,194,99353,194,100011,194,99349,194,100059,100,99243,100,100090,100,99194,100,100095,100,99182,100,100111,100,99152,100,100153,100,99114,100,100165,100,,
2019-06-28 09:54:30.000000000,99621,289,99442,289,99675,289,99388,289,99811,100,99353,100,100011,100,99349,100,100059,100,99243,100,100090,100,99194,100,100095,100,99182,100,100111,100,99152,100,100153,100,99114,100,100165,100,,
2019-06-28 09:54:30.346950327,99621,289,99442,289,99675,289,99388,289,99811,100,99353,100,100011,100,99349,100,100059,100,99243,100,100090,100,99194,100,100095,100,99182,100,100111,100,99152,100,100153,100,99114,100,100165,100,99094,100
2019-06-28 09:54:31.830969595,99621,289,99442,289,99675,289,99388,289,99811,100,99353,100,100011,100,99349,100,100059,100,99243,100,100090,100,99194,100,100095,100,99182,100,100111,100,99152,100,100153,100,99123,100,100165,100,99114,100
2019-06-28 09:54:37.787548242,99510,100,99442,289,99621,289,99388,289,99675,289,99353,100,99811,100,99349,100,100011,100,99243,100,100059,100,99194,100,100090,100,99182,100,100095,100,99152,100,100153,100,99123,100,100165,100,99114,100
2019-06-28 09:54:40.000000000,99510,194,99442,194,99621,194,99388,194,99675,194,99353,194,99811,194,99349,194,100011,100,99243,100,100059,100,99194,100,100090,100,99182,100,100095,100,99152,100,100153,100,99123,100,100165,100,99114,100
2019-06-28 09:54:50.000000000,99510,176,99442,176,99621,176,99388,176,99675,176,99353,176,99811,176,99349,176,100011,176,99243,176,100059,100,99194,100,100090,100,99182,100,100095,100,99152,100,100153,100,99123,100,100165,100,99114,100
2019-06-28 09:54:52.346431046,99510,176,99442,176,99621,176,99388,176,99630,100,99353,176,99675,176,99349,176,99811,176,99243,176,100011,176,99194,100,100059,100,99182,100,100090,100,99152,100,100095,100,99123,100,100153,100,99114,100
2019-06-28 09:54:54.199060836,99510,176,99442,76,99621,176,99388,176,99630,100,99353,176,99665,100,99349,176,99675,176,99243,176,99811,176,99194,100,100011,176,99182,100,100059,100,99152,100,100090,100,99123,100,100095,100,99114,100
2019-06-28 09:55:00.000000000,99510,229,99388,229,99621,225,99353,225,99630,225,99349,225,99665,100,99243,100,99675,100,99194,100,99811,100,99182,100,100011,100,99152,100,100059,100,99123,100,100090,100,99114,100,100095,100,99094,100
2019-06-28 09:55:10.000000000,99510,229,99388,229,99621,225,99353,225,99630,225,99349,225,99665,100,99243,100,99675,100,99194,100,99811,100,99182,100,100011,100,99152,100,100059,100,99123,100,100090,100,99114,100,100095,100,99094,100
2019-06-28 09:55:14.930487799,99492,100,99388,229,99510,229,99353,225,99621,225,99349,225,99630,225,99243,100,99665,100,99194,100,99675,100,99182,100,99811,100,99152,100,100011,100,99123,100,100059,100,99114,100,100090,100,99094,100
2019-06-28 09:55:20.000000000,99492,289,99388,289,99510,289,99353,289,99621,100,99349,100,99630,100,99243,100,99665,100,99194,100,99675,100,99182,100,99811,100,99152,100,100011,100,99123,100,100059,100,99114,100,100090,100,99094,100
2019-06-28 09:55:30.000000000,99492,176,99388,176,99510,176,99353,176,99621,176,99349,176,99630,176,99243,176,99665,176,99194,176,99675,100,99182,100,99811,100,99152,100,100011,100,99123,100,100059,100,99114,100,100090,100,99094,100
2019-06-28 09:55:40.000000000,99492,289,99388,289,99510,289,99353,289,99621,100,99349,100,99630,100,99243,100,99665,100,99194,100,99675,100,99182,100,99811,100,99152,100,100011,100,99123,100,100059,100,99114,100,100090,100,99094,100
2019-06-28 09:55:40.393424015,99492,189,99388,289,99510,289,99353,289,99621,100,99349,100,99630,100,99243,100,99665,100,99194,100,99811,100,99182,100,100011,100,99152,100,100059,100,99123,100,100090,100,99114,100,100095,100,99094,100
2019-06-28 09:55:40.417444370,99492,189,99388,289,99510,289,99353,289,99621,100,99349,100,99630,100,99243,100,99665,100,99194,100,99811,100,99182,100,99840,100,99152,100,100011,100,99123,100,100059,100,99114,100,100090,100,99094,100
2019-06-28 09:55:48.718687934,99492,189,99487,100,99510,289,99388,289,99621,100,99353,289,99630,100,99349,100,99665,100,99243,100,99811,100,99194,100,99840,100,99182,100,100011,100,99152,100,100059,100,99123,100,100090,100,99114,100
2019-06-28 09:55:50.000000000,99510,289,99487,289,99621,289,99388,289,99630,100,99353,100,99665,100,99349,100,99811,100,99243,100,99840,100,99194,100,100011,100,99182,100,100059,100,99152,100,100090,100,99123,100,100095,100,99114,100
2019-06-28 09:56:00.000000000,99510,289,99487,289,99621,289,99388,289,99630,100,99353,100,99665,100,99349,100,99811,100,99243,100,99840,100,99194,100,100011,100,99182,100,100059,100,99152,100,100090,100,99123,100,100095,100,99114,100
2019-06-28 09:56:10.000000000,99510,176,99487,176,99621,176,99388,176,99630,176,99353,176,99665,176,99349,176,99811,176,99243,176,99840,100,99194,100,100011,100,99182,100,100059,100,99152,100,100090,100,99123,100,100095,100,99114,100
2019-06-28 09:56:20.000000000,99510,478,99487,478,99621,100,99388,100,99630,100,99353,100,99665,100,99349,100,99811,100,99243,100,99840,100,99194,100,100011,100,99182,100,100059,100,99152,100,100090,100,99123,100,100095,100,99114,100
2019-06-28 09:56:30.000000000,99510,289,99487,289,99621,289,99388,289,99630,100,99353,100,99665,100,99349,100,99811,100,99243,100,99840,100,99194,100,100011,100,99182,100,100059,100,99152,100,100090,100,99123,100,100095,100,99114,100
2019-06-28 09:56:40.000000000,99510,478,99487,478,99621,100,99388,100,99630,100,99353,100,99665,100,99349,100,99811,100,99243,100,99840,100,99194,100,100011,100,99182,100,100059,100,99152,100,100090,100,99123,100,100095,100,99114,100
2019-06-28 09:56:50.000000000,99510,478,99487,478,99621,100,99388,100,99630,100,99353,100,99665,100,99349,100,99811,100,99243,100,99840,100,99194,100,100011,100,99182,100,100059,100,99152,100,100090,100,99123,100,100095,100,99114,100
2019-06-28 09:56:51.443783092,99491,100,99487,478,99510,478,99388,100,99621,100,99353,100,99630,100,99349,100,99665,100,99243,100,99811,100,99194,100,99840,100,99182,100,100011,100,99152,100,100059,100,99123,100,100090,100,99114,100
2019-06-28 09:56:58.239235784,99491,100,99487,478,99510,478,99388,100,99621,100,99353,100,99630,100,99349,100,99665,100,99243,100,99811,100,99194,100,99830,100,99182,100,99840,100,99152,100,100011,100,99114,100,100059,100,99094,100
2019-06-28 09:57:00.000000000,99491,176,99487,176,99510,176,99388,176,99621,176,99353,176,99630,176,99349,176,99665,176,99243,176,99811,100,99194,100,99830,100,99182,100,99840,100,99152,100,100011,100,99114,100,100059,100,99094,100
2019-06-28 09:57:05.007695535,99491,76,99487,176,99510,176,99388,176,99621,176,99353,176,99630,176,99349,176,99665,176,99243,176,99811,100,99194,100,99830,100,99182,100,99840,100,99152,100,100011,100,99114,100,100059,100,99094,100
2019-06-28 09:57:10.000000000,99510,194,99487,194,99621,194,99388,194,99630,194,99353,194,99665,194,99349,194,99811,100,99243,100,99830,100,99194,100,99840,100,99182,100,100011,100,99152,100,100059,100,99114,100,100090,100,99094,100
2019-06-28 09:57:16.926011853,99510,194,99487,194,99621,194,99388,194,99630,194,99353,194,99665,194,99349,194,99811,100,99243,100,99830,100,99194,100,99840,100,99182,100,99971,100,99152,100,100011,100,99114,100,100059,100,99094,100
2019-06-28 09:57:17.312593757,99510,94,99487,194,99621,194,99388,194,99630,194,99353,194,99665,194,99349,194,99811,100,99243,100,99830,100,99194,100,99840,100,99182,100,99971,100,99152,100,100011,100,99114,100,100059,100,99094,100
2019-06-28 09:57:20.000000000,99621,478,99487,478,99630,100,99388,100,99665,100,99353,100,99811,100,99349,100,99830,100,99243,100,99840,100,99194,100,99971,100,99182,100,100011,100,99152,100,100059,100,99114,100,100090,100,99094,100
2019-06-28 09:57:30.000000000,99621,289,99487,289,99630,289,99388,289,99665,100,99353,100,99811,100,99349,100,99830,100,99243,100,99840,100,99194,100,99971,100,99182,100,100011,100,99152,100,100059,100,99114,100,100090,100,99094,100
2019-06-28 09:57:36.132421941,99621,189,99487,289,99630,289,99388,289,99665,100,99353,100,99811,100,99349,100,99830,100,99243,100,99840,100,99194,100,99971,100,99182,100,100011,100,99152,100,100059,100,99114,100,100090,100,,
2019-06-28 09:57:40.000000000,99630,478,99487,478,99665,100,99388,100,99811,100,99353,100,99830,100,99349,100,99840,100,99243,100,99971,100,99194,100,100011,100,99182,100,100059,100,99152,100,100090,100,99114,100,100095,100,,
2019-06-28 09:57:44.775841513,99630,478,99487,478,99665,100,99388,100,99811,100,99353,100,99830,100,99349,100,99840,100,99243,100,99971,100,99194,100,100011,100,99182,100,100059,100,99152,100,100090,100,99114,100,100095,100,,
2019-06-28 09:57:50.000000000,99630,176,99487,176,99665,176,99388,176,99811,176,99353,176,99830,176,99349,176,99840,176,99243,176,99971,100,99194,100,100011,100,99182,100,100059,100,99152,100,100090,100,99114,100,100095,100,,
2019-06-28 09:57:57.535481443,99630,176,99487,176,99665,176,99388,176,99811,176,99353,176,99830,176,99349,176,99840,176,99243,176,99968,100,99194,100,99971,100,99182,100,100011,100,99152,100,100059,100,99114,100,100090,100,,
2019-06-28 09:58:00.000000000,99630,176,99487,176,99665,176,99388,176,99811,176,99353,176,99830,176,99349,176,99840,176,99243,176,99968,100,99194,100,99971,100,99182,100,100011,100,99152,100,100059,100,99114,100,100090,100,,
2019-06-28 09:58:10.000000000,99630,229,99487,229,99665,225,99388,225,99811,225,99353,225,99830,100,99349,100,99840,100,99243,100,99968,100,99194,100,99971,100,99182,100,100011,100,99152,100,100059,100,99114,100,100090,100,,
2019-06-28 09:58:20.000000000,99630,176,99487,176,99665,176,99388,176,99811,176,99353,176,99830,176,99349,176,99840,176,99243,176,99968,100,99194,100,99971,100,99182,100,100011,100,99152,100,100059,100,99114,100,100090,100,,
2019-06-28 09:58:30.000000000,99630,289,99487,289,99665,289,99388,289,99811,100,99353,100,99830,100,99349,100,99840,100,99243,100,99968,100,99194,100,99971,100,99182,100,100011,100,99152,100,100059,100,99114,100,100090,100,,
2019-06-28 09:58:40.000000000,99630,176,99487,176,99665,176,99388,176,99811,176,99353,176,99830,176,99349,176,99840,176,99243,176,99968,100,99194,100,99971,100,99182,100,100011,100,99152,100,100059,100,99114,100,100090,100,,
2019-06-28 09:58:50.000000000,99630,176,99487,176,99665,176,99388,176,99811,176,99353,176,99830,176,99349,176,99840,176,99243,176,99968,100,99194,100,99971,100,99182,100,100011,100,99152,100,100059,100,99114,100,100090,100,,
2019-06-28 09:58:59.876005828,99565,100,99487,176,99630,176,99388,176,99665,176,99353,176,99811,176,99349,176,99830,176,99243,176,99840,176,99194,100,99968,100,99182,100,99971,100,99152,100,100011,100,99114,100,100059,100,,
2019-06-28 09:59:00.000000000,99565,229,99487,229,99630,225,99388,225,99665,225,99353,225,99811,100,99349,100,99830,100,99243,100,99840,100,99194,100,99968,100,99182,100,99971,100,99152,100,100011,100,99114,100,100059,100,,
2019-06-28 09:59:05.244678133,99565,229,99510,100,99630,225,99487,229,99665,225,99388,225,99811,100,99353,225,99830,100,99349,100,99840,100,99243,100,99968,100,99194,100,99971,100,99182,100,100011,100,99152,100,100059,100,99114,100
2019-06-28 09:59:10.000000000,99565,229,99510,229,99630,225,99487,225,99665,225,99388,225,99811,100,99353,100,99830,100,99349,100,99840,100,99243,100,99968,100,99194,100,99971,100,99182,100,100011,100,99152,100,100059,100,99114,100
2019-06-28 09:59:11.469950149,99565,229,99510,329,99630,225,99487,225,99665,225,99388,225,99811,100,99353,100,99830,100,99349,100,99840,100,99243,100,99968,100,99194,100,99971,100,99182,100,100011,100,99152,100,100059,100,99114,100
2019-06-28 09:59:13.959951551,99565,229,99510,329,99620,100,99487,225,99630,225,99388,225,99665,225,99353,100,99811,100,99349,100,99830,100,99243,100,99840,100,99194,100,99968,100,99182,100,99971,100,99152,100,100011,100,99114,100
2019-06-28 09:59:20.000000000,99565,194,99510,294,99620,194,99487,194,99630,194,99388,194,99665,194,99353,194,99811,100,99349,100,99830,100,99243,100,99840,100,99194,100,99968,100,99182,100,99971,100,99152,100,100011,100,99114,100
2019-06-28 09:59:24.314159026,99565,194,99510,294,99620,194,99487,194,99630,194,99388,194,99665,194,99353,194,99811,100,99349,100,99830,100,99343,100,99840,100,99243,100,99968,100,99194,100,99971,100,99182,100,100011,100,99152,100
2019-06-28 09:59:30.000000000,99565,229,99510,329,99620,225,99487,225,99630,225,99388,225,99665,100,99353,100,99811,100,99349,100,99830,100,99343,100,99840,100,99243,100,99968,100,99194,100,99971,100,99182,100,100011,100,99152,100
2019-06-28 09:59:37.002678437,99565,229,99510,329,99620,225,99487,225,99630,225,99388,125,99665,100,99353,100,99811,100,99349,100,99830,100,99343,100,99840,100,99305,100,99968,100,99243,100,99971,100,99194,100,100011,100,99182,100
2019-06-28 09:59:40.000000000,99565,176,99510,276,99620,176,99487,176,99630,176,99353,176,99665,176,99349,176,99811,176,99343,176,99830,100,99305,100,99840,100,99243,100,99968,100,99194,100,99971,100,99182,100,100011,100,99152,100
2019-06-28 09:59:42.519252223,99565,176,99510,176,99620,176,99487,176,99630,176,99353,176,99665,176,99349,176,99811,176,99343,176,99830,100,99305,100,99840,100,99243,100,99968,100,99194,100,99971,100,99182,100,100011,100,99152,100
2019-06-28 09:59:50.000000000,99565,289,99510,289,99620,289,99487,289,99630,100,99353,100,99665,100,99349,100,99811,100,99343,100,99830,100,99305,100,99840,100,99243,100,99968,100,99194,100,99971,100,99182,100,100011,100,99152,100
2019-06-28 09:59:52.709092826,99565,289,99510,289,99620,289,99487,289,99630,100,99353,100,99665,100,99349,100,99830,100,99343,100,99840,100,99310,100,99968,100,99305,100,99971,100,99243,100,100011,100,99194,100,100059,100,99182,100
2019-06-28 10:00:00.000000000,99565,478,99510,478,99620,100,99487,100,99630,100,99353,100,99665,100,99349,100,99830,100,99343,100,99840,100,99310,100,99968,100,99305,100,99971,100,99243,100,100011,100,99194,100,100059,100,99182,100
2019-06-28 10:00:10.000000000,99565,176,99510,176,99620,176,99487,176,99630,176,99353,176,99665,176,99349,176,99830,176,99343,176,99840,100,99310,100,99968,100,99305,100,99971,100,99243,100,100011,100,99194,100,100059,100,99182,100
2019-06-28 10:00:20.000000000,99565,229,99510,229,99620,225,99487,225,99630,225,99353,225,99665,100,99349,100,99830,100,99343,100,99840,100,99310,100,99968,100,99305,100,99971,100,99243,100,100011,100,99194,100,100059,100,99182,100
2019-06-28 10:00:21.653416781,99565,229,99510,229,99620,225,99487,225,99630,225,99353,225,99665,100,99349,100,99830,100,99343,100,99840,100,99310,100,99968,100,99305,100,99971,100,99243,100,100011,100,99194,100,100029,100,99182,100
2019-06-28 10:00:24.664281540,99565,229,99510,229,99620,225,99487,225,99630,225,99353,225,99665,100,99349,100,99830,100,99343,100,99840,100,99310,100,99859,100,99305,100,99968,100,99243,100,99971,100,99194,100,100011,100,99182,100
2019-06-28 10:00:26.513832946,99565,229,99510,229,99620,225,99487,225,99630,225,99353,225,99665,100,99349,100,99830,100,99343,100,99840,100,99310,100,99859,100,99305,100,99864,100,99243,100,99968,100,99194,100,99971,100,99182,100
2019-06-28 10:00:30.000000000,99565,229,99510,229,99620,225,99487,225,99630,225,99353,225,99665,100,99349,100,99830,100,99343,100,99840,100,99310,100,99859,100,99305,100,99864,100,99243,100,99968,100,99194,100,99971,100,99182,100
2019-06-28 10:00:34.829151227,99565,229,99510,229,99620,225,99487,225,99630,225,99353,225,99665,100,99349,100,99783,100,99343,100,99830,100,99310,100,99859,100,99305,100,99864,100,99243,100,99968,100,99194,100,99971,100,99182,100
2019-06-28 10:00:39.581843656,99565,229,99554,100,99620,225,99510,229,99630,225,99487,225,99665,100,99353,225,99830,100,99349,100,99859,100,99343,100,99864,100,99310,100,99968,100,99305,100,99971,100,99243,100,100011,100,99194,100
2019-06-28 10:00:40.000000000,99565,289,99554,289,99620,289,99510,289,99630,100,99487,100,99665,100,99353,100,99830,100,99349,100,99859,100,99343,100,99864,100,99310,100,99968,100,99305,100,99971,100,99243,100,100011,100,99194,100
2019-06-28 10:00:50.000000000,99565,229,99554,229,99620,225,99510,225,99630,225,99487,225,99665,100,99353,100,99830,100,99349,100,99859,100,99343,100,99864,100,99310,100,99968,100,99305,100,99971,100,99243,100,100011,100,99194,100
2019-06-28 10:01:00.000000000,99565,229,99554,229,99620,225,99510,225,99630,225,99487,225,99665,100,99353,100,99830,100,99349,100,99859,100,99343,100,99864,100,99310,100,99968,100,99305,100,99971,100,99243,100,100011,100,99194,100
2019-06-28 10:01:10.000000000,99565,176,99554,176,99620,176,99510,176,99630,176,99487,176,99665,176,99353,176,99830,176,99349,176,99859,100,99343,100,99864,100,99310,100,99968,100,99305,100,99971,100,99243,100,100011,100,99194,100
2019-06-28 10:01:20.000000000,99565,176,99554,176,99620,176,99510,176,99630,176,99487,176,99665,176,99353,176,99830,176,99349,176,99859,100,99343,100,99864,100,99310,100,99968,100,99305,100,99971,100,99243,100,100011,100,99194,100
2019-06-28 10:01:30.000000000,99565,176,99554,176,99620,176,99510,176,99630,176,99487,176,99665,176,99353,176,99830,176,99349,176,99859,100,99343,100,99864,100,99310,100,99968,100,99305,100,99971,100,99243,100,100011,100,99194,100
2019-06-28 10:01:35.989800814,99565,176,99554,176,99620,176,99510,176,99630,176,99502,100,99665,176,99487,176,99830,176,99353,176,99859,100,99349,176,99864,100,99343,100,99968,100,99310,100,99971,100,99305,100,100011,100,99243,100
2019-06-28 10:01:40.000000000,99565,478,99554,478,99620,100,99510,100,99630,100,99502,100,99665,100,99487,100,99830,100,99353,100,99859,100,99349,100,99864,100,99343,100,99968,100,99310,100,99971,100,99305,100,100011,100,99243,100
2019-06-28 10:01:50.000000000,99565,194,99554,194,99620,194,99510,194,99630,194,99502,194,99665,194,99487,194,99830,100,99353,100,99859,100,99349,100,99864,100,99343,100,99968,100,99310,100,99971,100,99305,100,100011,100,99243,100
2019-06-28 10:02:00.000000000,99565,229,99554,229,99620,225,99510,225,99630,225,99502,225,99665,100,99487,100,99830,100,99353,100,99859,100,99349,100,99864,100,99343,100,99968,100,99310,100,99971,100,99305,100,100011,100,99243,100
2019-06-28 10:02:10.000000000,99565,289,99554,289,99620,289,99510,289,99630,100,99502,100,99665,100,99487,100,99830,100,99353,100,99859,100,99349,100,99864,100,99343,100,99968,100,99310,100,99971,100,99305,100,100011,100,99243,100
2019-06-28 10:02:20.000000000,99565,289,99554,289,99620,289,99510,289,99630,100,99502,100,99665,100,99487,100,99830,100,99353,100,99859,100,99349,100,99864,100,99343,100,99968,100,99310,100,99971,100,99305,100,100011,100,99243,100
2019-06-28 10:02:30.000000000,99565,194,99554,194,99620,194,99510,194,99630,194,99502,194,99665,194,99487,194,99830,100,99353,100,99859,100,99349,100,99864,100,99343,100,99968,100,99310,100,99971,100,99305,100,100011,100,99243,100
2019-06-28 10:02:34.138193898,99565,194,99554,94,99620,194,99510,194,99630,194,99502,194,99665,194,99487,194,99830,100,99353,100,99859,100,99349,100,99864,100,99310,100,99968,100,99305,100,99971,100,99243,100,100011,100,99194,100
2019-06-28 10:02:40.000000000,99565,194,99510,194,99620,194,99502,194,99630,194,99487,194,99665,194,99353,194,99830,100,99349,100,99859,100,99310,100,99864,100,99305,100,99968,100,99243,100,99971,100,99194,100,100011,100,99182,100
2019-06-28 10:02:50.000000000,99565,176,99510,176,99620,176,99502,176,99630,176,99487,176,99665,176,99353,176,99830,176,99349,176,99859,100,99310,100,99864,100,99305,100,99968,100,99243,100,99971,100,99194,100,100011,100,99182,100
2019-06-28 10:03:00.000000000,99565,194,99510,194,99620,194,99502,194,99630,194,99487,194,99665,194,99353,194,99830,100,99349,100,99859,100,99310,100,99864,100,99305,100,99968,100,99243,100,99971,100,99194,100,100011,100,99182,100
2019-06-28 10:03:10.000000000,99565,229,99510,229,99620,225,99502,225,99630,225,99487,225,99665,100,99353,100,99830,100,99349,100,99859,100,99310,100,99864,100,99305,100,99968,100,99243,100,99971,100,99194,100,100011,100,99182,100
2019-06-28 10:03:20.000000000,99565,176,99510,176,99620,176,99502,176,99630,176,99487,176,99665,176,99353,176,99830,176,99349,176,99859,100,99310,100,99864,100,99305,100,99968,100,99243,100,99971,100,99194,100,100011,100,99182,100
2019-06-28 10:03:22.616992903,99565,176,99510,76,99620,176,99502,176,99630,176,99487,176,99665,176,99353,176,99830,176,99349,176,99859,100,99310,100,99864,100,99305,100,99968,100,99243,100,99971,100,99194,100,100011,100,99182,100
2019-06-28 10:03:30.000000000,99565,478,99502,478,99620,100,99487,100,99630,100,99353,100,99665,100,99349,100,99830,100,99310,100,99859,100,99305,100,99864,100,99243,100,99968,100,99194,100,99971,100,99182,100,100011,100,99152,100
2019-06-28 10:03:37.609487949,99565,478,99502,478,99620,100,99487,100,99630,100,99353,100,99665,100,99349,100,99859,100,99310,100,99864,100,99305,100,99968,100,99243,100,99971,100,99194,100,100011,100,99182,100,100029,100,99152,100
2019-06-28 10:03:40.000000000,99565,478,99502,478,99620,100,99487,100,99630,100,99353,100,99665,100,99349,100,99859,100,99310,100,99864,100,99305,100,99968,100,99243,100,99971,100,99194,100,100011,100,99182,100,100029,100,99152,100
2019-06-28 10:03:50.000000000,99565,289,99502,289,99620,289,99487,289,99630,100,99353,100,99665,100,99349,100,99859,100,99310,100,99864,100,99305,100,99968,100,99243,100,99971,100,99194,100,100011,100,99182,100,100029,100,99152,100
2019-06-28 10:03:58.305596564,99565,289,99502,189,99620,289,99487,289,99630,100,99353,100,99665,100,99349,100,99859,100,99310,100,99864,100,99305,100,99968,100,99243,100,99971,100,99194,100,100011,100,99182,100,100029,100,99152,100
2019-06-28 10:04:00.000000000,99565,176,99487,176,99620,176,99353,176,99630,176,99349,176,99665,176,99310,176,99859,176,99305,176,99864,100,99243,100,99968,100,99194,100,99971,100,99182,100,100011,100,99152,100,100029,100,99114,100
2019-06-28 10:04:10.000000000,99565,176,99487,176,99620,176,99353,176,99630,176,99349,176,99665,176,99310,176,99859,176,99305,176,99864,100,99243,100,99968,100,99194,100,99971,100,99182,100,100011,100,99152,100,100029,100,99114,100
2019-06-28 10:04:20.000000000,99565,176,99487,176,99620,176,99353,176,99630,176,99349,176,99665,176,99310,176,99859,176,99305,176,99864,100,99243,100,99968,100,99194,100,99971,100,99182,100,100011,100,99152,100,100029,100,99114,100
2019-06-28 10:04:30.000000000,99565,289,99487,289,99620,289,99353,289,99630,100,99349,100,99665,100,99310,100,99859,100,99305,100,99864,100,99243,100,99968,100,99194,100,99971,100,99182,100,100011,100,99152,100,100029,100,99114,100
2019-06-28 10:04:40.000000000,99565,229,99487,229,99620,225,99353,225,99630,225,99349,225,99665,100,99310,100,99859,100,99305,100,99864,100,99243,100,99968,100,99194,100,99971,100,99182,100,100011,100,99152,100,100029,100,99114,100
2019-06-28 10:04:50.000000000,99565,289,99487,289,99620,289,99353,289,99630,100,99349,100,99665,100,99310,100,99859,100,99305,100,99864,100,99243,100,99968,100,99194,100,99971,100,99182,100,100011,100,99152,100,100029,100,99114,100
2019-06-28 10:05:00.000000000,99565,229,99487,229,99620,225,99353,225,99630,225,99349,225,99665,100,99310,100,99859,100,99305,100,99864,100,99243,100,99968,100,99194,100,99971,100,99182,100,100011,100,99152,100,100029,100,99114,100
2019-06-28 10:05:03.841104224,99510,100,99487,229,99565,229,99353,225,99620,225,99349,225,99630,225,99310,100,99665,100,99305,100,99859,100,99243,100,99864,100,99194,100,99968,100,99182,100,99971,100,99152,100,100011,100,99114,100
2019-06-28 10:05:10.000000000,99510,478,99487,478,99565,100,99353,100,99620,100,99349,100,99630,100,99310,100,99665,100,99305,100,99859,100,99243,100,99864,100,99194,100,99968,100,99182,100,99971,100,99152,100,100011,100,99114,100
2019-06-28 10:05:11.957561386,99510,478,99487,478,99565,100,99353,100,99620,100,99349,100,99630,100,99310,100,99656,100,99305,100,99665,100,99243,100,99859,100,99194,100,99968,100,99182,100,99971,100,99152,100,100011,100,99114,100
2019-06-28 10:05:20.000000000,99510,229,99487,229,99565,225,99353,225,99620,225,99349,225,99630,100,99310,100,99656,100,99305,100,99665,100,99243,100,99859,100,99194,100,99968,100,99182,100,99971,100,99152,100,100011,100,99114,100
2019-06-28 10:05:23.750228443,99510,229,99487,229,99565,225,99353,225,99620,225,99349,225,99630,100,99310,200,99656,100,99305,100,99665,100,99243,100,99859,100,99194,100,99968,100,99182,100,99971,100,99152,100,100011,100,99114,100
2019-06-28 10:05:30.000000000,99510,289,99487,289,99565,289,99353,289,99620,100,99349,100,99630,100,99310,200,99656,100,99305,100,99665,100,99243,100,99859,100,99194,100,99968,100,99182,100,99971,100,99152,100,100011,100,99114,100
2019-06-28 10:05:34.207863052,99510,289,99487,289,99529,100,99353,289,99565,289,99349,100,99620,100,99310,200,99630,100,99305,100,99656,100,99243,100,99665,100,99194,100,99859,100,99152,100,99968,100,99114,100,99971,100,98772,100
2019-06-28 10:05:34.595677063,99510,289,99487,289,99529,100,99353,289,99565,289,99349,100,99620,100,99310,200,99630,100,99305,100,99646,100,99243,100,99656,100,99194,100,99665,100,99152,100,99859,100,99114,100,99968,100,98772,100
2019-06-28 10:05:40.000000000,99510,289,99487,289,99529,289,99353,289,99565,100,99349,100,99620,100,99310,200,99630,100,99305,100,99646,100,99243,100,99656,100,99194,100,99665,100,99152,100,99859,100,99114,100,99968,100,98772,100
2019-06-28 10:05:50.000000000,99510,289,99487,289,99529,289,99353,289,99565,100,99349,100,99620,100,99310,200,99630,100,99305,100,99646,100,99243,100,99656,100,99194,100,99665,100,99152,100,99859,100,99114,100,99968,100,98772,100
2019-06-28 10:06:00.000000000,99510,176,99487,176,99529,176,99353,176,99565,176,99349,176,99620,176,99310,276,99630,176,99305,176,99646,100,99243,100,99656,100,99194,100,99665,100,99152,100,99859,100,99114,100,99968,100,98772,100
2019-06-28 10:06:07.074275923,99510,176,99487,176,99529,176,99353,176,99565,176,99349,176,99620,176,99310,276,99630,176,99305,176,99646,100,99243,100,99656,100,99194,100,99665,100,99163,100,99859,100,99152,100,99968,100,99114,100
2019-06-28 10:06:10.000000000,99510,194,99487,194,99529,194,99353,194,99565,194,99349,194,99620,194,99310,294,99630,100,99305,100,99646,100,99243,100,99656,100,99194,100,99665,100,99163,100,99859,100,99152,100,99968,100,99114,100
2019-06-28 10:06:20.000000000,99510,229,99487,229,99529,225,99353,225,99565,225,99349,225,99620,100,99310,200,99630,100,99305,100,99646,100,99243,100,99656,100,99194,100,99665,100,99163,100,99859,100,99152,100,99968,100,99114,100
2019-06-28 10:06:22.941684387,99510,229,99487,129,99529,225,99353,225,99565,225,99349,225,99620,100,99310,200,99630,100,99305,100,99646,100,99243,100,99656,100,99194,100,99665,100,99163,100,99859,100,99152,100,99968,100,99114,100
2019-06-28 10:06:28.103482437,99502,100,99487,129,99510,229,99353,225,99529,225,99349,225,99565,225,99310,200,99620,100,99305,100,99630,100,99243,100,99646,100,99194,100,99656,100,99163,100,99665,100,99152,100,99859,100,99114,100
2019-06-28 10:06:30.000000000,99502,194,99353,194,99510,194,99349,194,99529,194,99310,294,99565,194,99305,194,99620,100,99243,100,99630,100,99194,100,99646,100,99163,100,99656,100,99152,100,99665,100,99114,100,99859,100,98772,100
2019-06-28 10:06:40.000000000,99502,478,99353,478,99510,100,99349,100,99529,100,99310,200,99565,100,99305,100,99620,100,99243,100,99630,100,99194,100,99646,100,99163,100,99656,100,99152,100,99665,100,99114,100,99859,100,98772,100
2019-06-28 10:06:50.000000000,99502,289,99353,289,99510,289,99349,289,99529,100,99310,200,99565,100,99305,100,99620,100,99243,100,99630,100,99194,100,99646,100,99163,100,99656,100,99152,100,99665,100,99114,100,99859,100,98772,100
2019-06-28 10:06:56.528474496,99502,389,99353,289,99510,289,99349,289,99529,100,99310,200,99565,100,99305,100,99620,100,99243,100,99630,100,99194,100,99646,100,99163,100,99656,100,99152,100,99665,100,99114,100,99859,100,98772,100
2019-06-28 10:07:00.000000000,99502,389,99353,289,99510,289,99349,289,99529,100,99310,200,99565,100,99305,100,99620,100,99243,100,99630,100,99194,100,99646,100,99163,100,99656,100,99152,100,99665,100,99114,100,99859,100,98772,100
2019-06-28 10:07:10.000000000,99502,294,99353,194,99510,194,99349,194,99529,194,99310,294,99565,194,99305,194,99620,100,99243,100,99630,100,99194,100,99646,100,99163,100,99656,100,99152,100,99665,100,99114,100,99859,100,98772,100
2019-06-28 10:07:20.000000000,99502,578,99353,478,99510,100,99349,100,99529,100,99310,200,99565,100,99305,100,99620,100,99243,100,99630,100,99194,100,99646,100,99163,100,99656,100,99152,100,99665,100,99114,100,99859,100,98772,100
2019-06-28 10:07:30.000000000,99502,329,99353,229,99510,225,99349,225,99529,225,99310,325,99565,100,99305,100,99620,100,99243,100,99630,100,99194,100,99646,100,99163,100,99656,100,99152,100,99665,100,99114,100,99859,100,98772,100
2019-06-28 10:07:40.000000000,99502,294,99353,194,99510,194,99349,194,99529,194,99310,294,99565,194,99305,194,99620,100,99243,100,99630,100,99194,100,99646,100,99163,100,99656,100,99152,100,99665,100,99114,100,99859,100,98772,100
2019-06-28 10:07:41.484137260,99502,294,99353,94,99510,194,99349,194,99529,194,99310,294,99565,194,99305,194,99620,100,99243,100,99630,100,99194,100,99646,100,99163,100,99656,100,99152,100,99665,100,99114,100,99859,100,98772,100
2019-06-28 10:07:50.000000000,99502,294,99349,194,99510,194,99310,294,99529,194,99305,194,99565,194,99243,194,99620,100,99194,100,99630,100,99163,100,99646,100,99152,100,99656,100,99114,100,99665,100,98772,100,99859,100,,
2019-06-28 10:07:50.838308551,99502,294,99349,94,99510,194,99310,294,99529,194,99305,194,99565,194,99243,194,99620,100,99194,100,99630,100,99163,100,99646,100,99152,100,99656,100,99114,100,99665,100,98772,100,99859,100,,
2019-06-28 10:08:00.000000000,99502,578,99310,578,99510,100,99305,100,99529,100,99243,100,99565,100,99194,100,99620,100,99163,100,99630,100,99152,100,99646,100,99114,100,99656,100,98772,100,99665,100,,,99859,100,,
2019-06-28 10:08:10.000000000,99502,389,99310,389,99510,289,99305,289,99529,100,99243,100,99565,100,99194,100,99620,100,99163,100,99630,100,99152,100,99646,100,99114,100,99656,100,98772,100,99665,100,,,99859,100,,
2019-06-28 10:08:15.548497174,99502,389,99310,389,99510,289,99305,289,99529,100,99243,100,99565,100,99194,100,99620,100,99163,100,99630,100,99152,100,99646,100,99114,100,99656,100,98772,100,99665,100,98110,100,99859,100,,
