,ask_price_1,ask_size_1,bid_price_1,bid_size_1,ask_price_2,ask_size_2,bid_price_2,bid_size_2,ask_price_3,ask_size_3,bid_price_3,bid_size_3,ask_price_4,ask_size_4,bid_price_4,bid_size_4,ask_price_5,ask_size_5,bid_price_5,bid_size_5,ask_price_6,ask_size_6,bid_price_6,bid_size_6,ask_price_7,ask_size_7,bid_price_7,bid_size_7,ask_price_8,ask_size_8,bid_price_8,bid_size_8,ask_price_9,ask_size_9,bid_price_9,bid_size_9,ask_price_10,ask_size_10,bid_price_10,bid_size_10
2019-06-28 09:30:00.000000005,,,99989,100,,,99940,100,,,99805,100,,,,,,,,,,,,,,,,,,,,,,,,,,,,
2019-06-28 09:30:00.000000010,100023,100,99940,100,,,99805,100,,,,,,,,,,,,,,,,,,,,,,,,,,,,,,,,
2019-06-28 09:30:00.000000011,100023,100,99961,100,,,99940,100,,,99805,100,,,,,,,,,,,,,,,,,,,,,,,,,,,,
2019-06-28 09:30:00.000000012,100023,100,99996,100,,,99961,100,,,99940,100,,,99805,100,,,,,,,,,,,,,,,,,,,,,,,,
2019-06-28 09:30:00.000000013,100023,100,99996,100,100092,100,99961,100,100094,100,99940,100,,,99805,100,,,,,,,,,,,,,,,,,,,,,,,,
2019-06-28 09:30:00.000000015,100023,100,99996,100,100092,100,99982,100,100094,100,99961,100,,,99940,100,,,99805,100,,,,,,,,,,,,,,,,,,,,
2019-06-28 09:30:00.000000016,100023,100,99996,100,100092,100,99982,100,100094,100,99961,100,100190,100,99940,100,,,99805,100,,,,,,,,,,,,,,,,,,,,
2019-06-28 09:30:00.000000018,100023,100,99982,100,100092,100,99961,100,100094,100,99940,100,100190,100,99805,100,,,,,,,,,,,,,,,,,,,,,,,,
2019-06-28 09:30:00.000000024,100023,100,99982,100,100024,100,99961,100,100092,100,99940,100,100094,100,99805,100,100190,100,,,,,,,,,,,,,,,,,,,,,,
2019-06-28 09:30:00.000000026,99996,100,99982,100,100023,100,99961,100,100024,100,99940,100,100092,100,99805,100,100094,100,,,100190,100,,,,,,,,,,,,,,,,,,
2019-06-28 09:30:00.000000027,99996,100,99982,100,100023,100,99961,100,100024,100,99940,100,100078,100,99805,100,100092,100,,,100094,100,,,100190,100,,,,,,,,,,,,,,
2019-06-28 09:30:00.000000032,99996,100,99982,100,100023,100,99961,100,100024,100,99940,100,100078,100,99915,100,100092,100,99805,100,100094,100,,,100190,100,,,,,,,,,,,,,,
2019-06-28 09:30:00.000000033,99996,200,99982,100,100023,100,99961,100,100024,100,99940,100,100078,100,99915,100,100092,100,99805,100,100094,100,,,100190,100,,,,,,,,,,,,,,
2019-06-28 09:30:00.000000034,99996,200,99982,100,100023,100,99961,100,100024,100,99940,100,100078,100,99915,100,100092,100,99867,100,100094,100,99805,100,100190,100,,,,,,,,,,,,,,
2019-06-28 09:30:00.000000035,99996,200,99982,100,100023,100,99964,100,100024,100,99961,100,100078,100,99940,100,100092,100,99915,100,100094,100,99867,100,100190,100,99805,100,,,,,,,,,,,,
2019-06-28 09:30:00.000000036,99996,200,99982,100,100023,100,99964,100,100024,100,99961,100,100078,100,99940,100,100092,100,99915,100,100094,100,99908,100,100116,100,99867,100,100190,100,99805,100,,,,,,,,
2019-06-28 09:30:00.000000037,99996,200,99982,100,100023,100,99964,100,100024,100,99961,100,100078,100,99940,100,100092,100,99915,100,100094,100,99908,100,100116,100,99867,100,100141,100,99805,100,100190,100,,,,,,
2019-06-28 09:30:00.000000038,99996,200,99982,100,100006,100,99964,100,100023,100,99961,100,100024,100,99940,100,100078,100,99915,100,100092,100,99908,100,100094,100,99867,100,100116,100,99805,100,100141,100,,,100190,100,,
2019-06-28 09:30:00.000000040,99996,200,99982,100,100006,100,99964,100,100023,100,99961,100,100024,100,99940,100,100049,100,99915,100,100078,100,99908,100,100092,100,99867,100,100094,100,99805,100,100116,100,,,100141,100,,
2019-06-28 09:30:00.000000043,99996,200,99982,100,100006,100,99964,100,100023,100,99961,100,100024,100,99940,100,100049,100,99915,100,100078,100,99908,100,100092,100,99899,100,100094,100,99867,100,100116,100,99805,100,100141,100,,
2019-06-28 09:30:00.000000044,99996,300,99982,100,100006,100,99964,100,100023,100,99961,100,100024,100,99940,100,100049,100,99915,100,100078,100,99912,100,100092,100,99908,100,100094,100,99899,100,100097,100,99867,100,100116,100,99805,100
2019-06-28 09:30:00.000000046,99996,300,99989,100,100006,100,99982,100,100023,100,99964,100,100024,100,99961,100,100049,100,99940,100,100078,100,99915,100,100092,100,99912,100,100094,100,99908,100,100097,100,99899,100,100116,100,99867,100
2019-06-28 09:30:00.000000047,99996,300,99989,100,100006,100,99982,100,100023,100,99964,100,100024,100,99961,100,100049,100,99940,100,100078,100,99915,100,100092,100,99912,100,100094,100,99908,100,100097,100,99899,100,100103,100,99867,100
2019-06-28 09:30:00.000000048,99996,100,99989,100,100006,100,99982,100,100023,100,99964,100,100024,100,99961,100,100049,100,99940,100,100078,100,99915,100,100092,100,99912,100,100094,100,99908,100,100097,100,99899,100,100103,100,99867,100
2019-06-28 09:30:00.000000049,99996,100,99989,100,100006,100,99982,100,100023,100,99964,100,100024,100,99961,100,100049,100,99940,100,100078,100,99915,100,100092,100,99912,100,100094,100,99908,100,100097,100,99899,100,100103,100,99867,100
2019-06-28 09:30:00.000000050,100006,100,99989,100,100023,100,99982,100,100024,100,99964,100,100049,100,99961,100,100078,100,99940,100,100092,100,99915,100,100094,100,99912,100,100097,100,99908,100,100103,100,99899,100,100116,100,99867,100
2019-06-28 09:30:00.000000054,100006,100,99989,100,100023,100,99982,100,100024,100,99966,100,100049,100,99964,100,100069,100,99961,100,100078,100,99940,100,100092,200,99915,100,100094,100,99912,100,100097,100,99908,100,100103,100,99899,100
2019-06-28 09:30:00.000000064,100006,100,99989,100,100023,100,99982,100,100024,100,99966,100,100049,100,99964,100,100069,100,99961,100,100078,100,99940,100,100092,200,99915,100,100094,100,99912,100,100097,100,99908,100,100103,200,99899,100
2019-06-28 09:30:00.000000065,100006,100,99989,100,100023,100,99982,100,100024,100,99966,100,100049,100,99964,100,100058,100,99961,100,100069,100,99940,100,100078,100,99915,100,100092,200,99912,100,100094,100,99908,100,100097,100,99899,100
2019-06-28 09:30:00.000000066,100006,100,99989,100,100023,100,99982,100,100024,100,99966,100,100049,100,99964,100,100058,100,99961,100,100069,100,99940,100,100078,100,99915,100,100092,200,99912,100,100094,100,99908,100,100097,100,99899,100
2019-06-28 09:30:00.000000068,100006,100,99989,100,100023,100,99982,100,100024,100,99966,100,100049,100,99964,100,100058,100,99961,100,100069,100,99940,100,100078,100,99915,100,100092,200,99912,100,100094,100,99908,100,100097,100,99899,100
2019-06-28 09:30:00.000000070,100006,100,99996,100,100023,100,99989,100,100024,100,99982,100,100049,100,99966,100,100058,100,99964,100,100069,100,99961,100,100078,100,99940,100,100092,200,99915,100,100094,100,99912,100,100097,100,99908,100
2019-06-28 09:30:00.000000071,100006,100,99996,100,100023,100,99989,100,100024,100,99982,100,100049,100,99966,100,100058,100,99964,100,100069,100,99961,100,100078,100,99940,100,100092,200,99915,100,100094,100,99912,100,100097,100,99908,100
2019-06-28 09:30:00.000000072,100006,100,99996,100,100023,100,99989,100,100024,100,99982,100,100049,100,99966,100,100058,100,99964,100,100068,100,99961,100,100069,100,99940,100,100078,100,99915,100,100092,200,99912,100,100094,100,99908,100
2019-06-28 09:30:00.000000073,100006,100,99996,200,100023,100,99989,100,100024,100,99982,100,100049,100,99966,100,100058,100,99964,100,100068,100,99961,100,100069,100,99940,100,100078,100,99915,100,100092,200,99912,100,100094,100,99908,100
2019-06-28 09:30:00.000000074,100006,100,99996,100,100023,100,99989,100,100024,100,99982,100,100049,100,99966,100,100058,100,99964,100,100068,100,99961,100,100069,100,99940,100,100078,100,99915,100,100092,200,99912,100,100094,100,99908,100
2019-06-28 09:30:00.000000077,100006,100,99997,100,100023,100,99996,100,100024,100,99989,100,100049,100,99982,100,100058,100,99966,100,100068,100,99964,100,100069,100,99961,100,100078,100,99940,100,100092,200,99915,100,100094,100,99912,100
2019-06-28 09:30:00.000000079,100006,100,99996,100,100023,100,99989,100,100024,100,99982,100,100049,100,99966,100,100058,100,99964,100,100068,100,99961,100,100069,100,99940,100,100078,100,99915,100,100092,200,99912,100,100094,100,99908,100
2019-06-28 09:30:00.000000080,100006,100,99996,100,100023,100,99989,100,100024,100,99982,100,100049,100,99966,100,100058,100,99964,100,100068,100,99961,100,100069,100,99940,100,100078,100,99915,100,100092,200,99912,100,100094,100,99908,100
2019-06-28 09:30:00.000000081,99997,100,99996,100,100006,100,99989,100,100023,100,99982,100,100024,100,99966,100,100049,100,99964,100,100058,100,99961,100,100068,100,99940,100,100069,100,99915,100,100078,100,99912,100,100092,200,99908,100
2019-06-28 09:30:00.000000082,100006,100,99996,100,100023,100,99989,100,100024,100,99982,100,100049,100,99966,100,100058,100,99964,100,100068,100,99961,100,100069,100,99940,100,100078,100,99915,100,100092,200,99912,100,100094,100,99908,100
2019-06-28 09:30:00.000000084,99997,100,99996,100,100006,100,99989,100,100023,100,99982,100,100024,100,99966,100,100043,100,99964,100,100049,100,99961,100,100058,100,99940,100,100068,100,99915,100,100069,100,99912,100,100078,100,99908,100
2019-06-28 09:30:00.000000085,99997,100,99996,100,100006,100,99989,100,100023,100,99982,100,100024,100,99966,100,100043,100,99964,100,100049,100,99961,100,100058,100,99940,100,100068,100,99915,100,100069,100,99912,100,100078,100,99908,100
2019-06-28 09:30:00.000000086,99997,100,99996,100,100006,100,99989,100,100023,100,99982,100,100024,100,99966,100,100043,100,99964,100,100049,100,99961,100,100058,100,99940,100,100068,100,99915,100,100069,100,99912,100,100078,100,99908,100
2019-06-28 09:30:00.000000087,99997,100,99996,100,100006,100,99989,100,100023,100,99982,100,100024,100,99966,100,100043,100,99964,100,100049,100,99961,100,100058,100,99940,100,100068,100,99935,100,100069,100,99915,100,100078,100,99912,100
2019-06-28 09:30:00.000000088,99997,100,99996,100,100006,100,99989,100,100019,100,99982,100,100023,100,99966,100,100024,100,99964,100,100043,100,99961,100,100049,100,99940,100,100058,100,99939,100,100068,100,99935,100,100069,100,99915,100
2019-06-28 09:30:00.000000093,99997,100,99996,100,100006,100,99989,100,100019,100,99982,100,100023,100,99966,100,100024,100,99964,100,100043,100,99961,100,100049,100,99940,100,100058,100,99939,100,100068,100,99935,100,100069,100,99915,100
2019-06-28 09:30:00.000000094,99997,100,99996,100,100006,100,99989,100,100019,100,99982,100,100023,100,99966,100,100024,100,99964,100,100043,100,99961,100,100049,100,99956,100,100058,100,99940,100,100068,100,99939,100,100069,100,99935,100
2019-06-28 09:30:00.000000099,99997,100,99996,100,100006,100,99989,100,100019,100,99982,100,100023,100,99966,100,100024,100,99964,100,100043,100,99961,100,100049,100,99956,100,100058,100,99940,100,100062,100,99939,100,100068,100,99935,100
2019-06-28 09:30:03.442268797,100006,100,99996,100,100019,100,99989,100,100023,100,99982,100,100024,100,99966,100,100043,100,99964,100,100049,100,99961,100,100058,100,99956,100,100062,100,99940,100,100068,100,99939,100,100069,100,99935,100
2019-06-28 09:30:10.000000000,100006,352,99996,352,100019,100,99989,100,100023,100,99982,100,100024,100,99966,100,100043,100,99964,100,100049,100,99961,100,100058,100,99956,100,100062,100,99940,100,100068,100,99939,100,100069,100,99935,100
2019-06-28 09:30:20.000000000,100006,226,99996,226,100019,226,99989,226,100023,100,99982,100,100024,100,99966,100,100043,100,99964,100,100049,100,99961,100,100058,100,99956,100,100062,100,99940,100,100068,100,99939,100,100069,100,99935,100
2019-06-28 09:30:30.000000000,100006,226,99996,226,100019,226,99989,226,100023,100,99982,100,100024,100,99966,100,100043,100,99964,100,100049,100,99961,100,100058,100,99956,100,100062,100,99940,100,100068,100,99939,100,100069,100,99935,100
2019-06-28 09:30:40.000000000,100006,163,99996,163,100019,163,99989,163,100023,163,99982,163,100024,163,99966,163,100043,100,99964,100,100049,100,99961,100,100058,100,99956,100,100062,100,99940,100,100068,100,99939,100,100069,100,99935,100
2019-06-28 09:30:47.916923938,100006,63,99996,163,100019,163,99989,163,100023,163,99982,163,100024,163,99966,163,100043,100,99964,100,100049,100,99961,100,100058,100,99956,100,100062,100,99940,100,100068,100,99939,100,100069,100,99935,100
2019-06-28 09:30:50.000000000,100019,150,99996,150,100023,150,99989,150,100024,150,99982,150,100043,150,99966,150,100049,150,99964,150,100058,100,99961,100,100062,100,99956,100,100068,100,99940,100,100069,100,99939,100,100078,100,99935,100
2019-06-28 09:31:00.000000000,100019,150,99996,150,100023,150,99989,150,100024,150,99982,150,100043,150,99966,150,100049,150,99964,150,100058,100,99961,100,100062,100,99956,100,100068,100,99940,100,100069,100,99939,100,100078,100,99935,100
2019-06-28 09:31:10.000000000,100019,352,99996,352,100023,100,99989,100,100024,100,99982,100,100043,100,99966,100,100049,100,99964,100,100058,100,99961,100,100062,100,99956,100,100068,100,99940,100,100069,100,99939,100,100078,100,99935,100
2019-06-28 09:31:10.593119210,100019,352,99996,352,100023,100,99989,100,100024,100,99982,100,100043,100,99966,100,100049,100,99964,100,100058,100,99961,100,100062,100,99956,100,100068,100,99940,100,100069,100,99939,100,100078,100,99935,100
2019-06-28 09:31:16.643493035,100019,352,99996,352,100023,100,99989,100,100024,100,99982,100,100043,100,99966,100,100049,100,99964,100,100058,100,99961,100,100062,100,99956,100,100068,100,99940,100,100069,100,99939,100,100078,100,99935,100
2019-06-28 09:31:20.000000000,100019,352,99996,352,100023,100,99989,100,100024,100,99982,100,100043,100,99966,100,100049,100,99964,100,100058,100,99961,100,100062,100,99956,100,100068,100,99940,100,100069,100,99939,100,100078,100,99935,100
2019-06-28 09:31:29.535818877,100019,252,99996,352,100023,100,99989,100,100024,100,99982,100,100043,100,99966,100,100049,100,99964,100,100058,100,99961,100,100062,100,99956,100,100068,100,99940,100,100069,100,99939,100,100078,100,99935,100
2019-06-28 09:31:30.000000000,100023,226,99996,226,100024,226,99989,226,100043,100,99982,100,100049,100,99966,100,100058,100,99964,100,100062,100,99961,100,100068,100,99956,100,100069,100,99940,100,100078,100,99939,100,100092,200,99935,100
2019-06-28 09:31:40.000000000,100023,186,99996,186,100024,183,99989,183,100043,183,99982,183,100049,100,99966,100,100058,100,99964,100,100062,100,99961,100,100068,100,99956,100,100069,100,99940,100,100078,100,99939,100,100092,200,99935,100
2019-06-28 09:31:50.000000000,100023,150,99996,150,100024,150,99989,150,100043,150,99982,150,100049,150,99966,150,100058,150,99964,150,100062,100,99961,100,100068,100,99956,100,100069,100,99940,100,100078,100,99939,100,100092,200,99935,100
2019-06-28 09:31:56.950310188,100023,50,99996,150,100024,150,99989,150,100043,150,99982,150,100049,150,99966,150,100058,150,99964,150,100062,100,99961,100,100068,100,99956,100,100069,100,99940,100,100078,100,99939,100,100092,200,99935,100
2019-06-28 09:32:00.000000000,100024,226,99996,226,100043,226,99989,226,100049,100,99982,100,100058,100,99966,100,100062,100,99964,100,100068,100,99961,100,100069,100,99956,100,100078,100,99940,100,100092,200,99939,100,100094,100,99935,100
2019-06-28 09:32:10.000000000,100024,186,99996,186,100043,183,99989,183,100049,183,99982,183,100058,100,99966,100,100062,100,99964,100,100068,100,99961,100,100069,100,99956,100,100078,100,99940,100,100092,200,99939,100,100094,100,99935,100
2019-06-28 09:32:20.000000000,100024,150,99996,150,100043,150,99989,150,100049,150,99982,150,100058,150,99966,150,100062,150,99964,150,100068,100,99961,100,100069,100,99956,100,100078,100,99940,100,100092,200,99939,100,100094,100,99935,100
2019-06-28 09:32:30.000000000,100024,186,99996,186,100043,183,99989,183,100049,183,99982,183,100058,100,99966,100,100062,100,99964,100,100068,100,99961,100,100069,100,99956,100,100078,100,99940,100,100092,200,99939,100,100094,100,99935,100
2019-06-28 09:32:34.530667574,100024,86,99996,186,100043,183,99989,183,100049,183,99982,83,100058,100,99966,100,100062,100,99964,100,100068,100,99961,100,100069,100,99956,100,100078,100,99940,100,100092,200,99939,100,100094,100,99935,100
2019-06-28 09:32:40.000000000,100043,186,99996,186,100049,183,99989,183,100058,183,99966,183,100062,100,99964,100,100068,100,99961,100,100069,100,99956,100,100078,100,99940,100,100092,200,99939,100,100094,100,99935,100,100097,100,99915,100
2019-06-28 09:32:50.000000000,100043,352,99996,352,100049,100,99989,100,100058,100,99966,100,100062,100,99964,100,100068,100,99961,100,100069,100,99956,100,100078,100,99940,100,100092,200,99939,100,100094,100,99935,100,100097,100,99915,100
2019-06-28 09:32:50.910738358,100043,352,99996,352,100049,100,99989,100,100058,100,99966,100,100062,100,99964,100,100068,100,99961,100,100069,100,99956,100,100078,100,99940,100,100092,200,99939,100,100094,100,99935,100,100097,100,99915,100
2019-06-28 09:32:54.041505388,100043,252,99996,352,100049,100,99989,100,100058,100,99966,100,100062,100,99964,100,100068,100,99961,100,100069,100,99956,100,100078,100,99940,100,100092,200,99939,100,100094,100,99935,100,100097,100,99915,100
2019-06-28 09:33:00.000000000,100049,186,99996,186,100058,183,99989,183,100062,183,99966,183,100068,100,99964,100,100069,100,99961,100,100078,100,99956,100,100092,200,99940,100,100094,100,99939,100,100097,100,99935,100,100103,100,99915,100
2019-06-28 09:33:00.836949736,100049,86,99996,186,100058,183,99989,183,100062,183,99966,183,100068,100,99964,100,100069,100,99961,100,100078,100,99956,100,100092,200,99940,100,100094,100,99939,100,100097,100,99935,100,100103,100,99915,100
2019-06-28 09:33:10.000000000,100058,163,99996,163,100062,163,99989,163,100068,163,99966,163,100069,163,99964,163,100078,100,99961,100,100092,200,99956,100,100094,100,99940,100,100097,100,99939,100,100103,100,99935,100,100116,100,99915,100
2019-06-28 09:33:20.000000000,100058,226,99996,226,100062,226,99989,226,100068,100,99966,100,100069,100,99964,100,100078,100,99961,100,100092,200,99956,100,100094,100,99940,100,100097,100,99939,100,100103,100,99935,100,100116,100,99915,100
2019-06-28 09:33:30.000000000,100058,226,99996,226,100062,226,99989,226,100068,100,99966,100,100069,100,99964,100,100078,100,99961,100,100092,200,99956,100,100094,100,99940,100,100097,100,99939,100,100103,100,99935,100,100116,100,99915,100
2019-06-28 09:33:39.922004676,100058,126,99996,226,100062,226,99989,226,100068,100,99966,100,100078,100,99964,100,100092,200,99961,100,100094,100,99956,100,100097,100,99940,100,100103,100,99939,100,100116,100,99935,100,100132,100,99915,100
2019-06-28 09:33:40.000000000,100062,150,99996,150,100068,150,99989,150,100078,150,99966,150,100092,250,99964,150,100094,150,99961,150,100097,100,99956,100,100103,100,99940,100,100116,100,99939,100,100132,100,99935,100,100141,100,99915,100
2019-06-28 09:33:50.000000000,100062,150,99996,150,100068,150,99989,150,100078,150,99966,150,100092,250,99964,150,100094,150,99961,150,100097,100,99956,100,100103,100,99940,100,100116,100,99939,100,100132,100,99935,100,100141,100,99915,100
2019-06-28 09:33:56.762075359,100062,150,100049,100,100068,150,99996,150,100078,150,99989,150,100092,250,99966,150,100094,150,99964,150,100097,100,99961,150,100103,100,99956,100,100116,100,99940,100,100132,100,99939,100,100141,100,99935,100
2019-06-28 09:34:00.000000000,100062,186,100049,186,100068,183,99996,183,100078,183,99989,183,100092,200,99966,100,100094,100,99964,100,100097,100,99961,100,100103,100,99956,100,100116,100,99940,100,100132,100,99939,100,100141,100,99935,100
2019-06-28 09:34:10.000000000,100062,226,100049,226,100068,226,99996,226,100078,100,99989,100,100092,200,99966,100,100094,100,99964,100,100097,100,99961,100,100103,100,99956,100,100116,100,99940,100,100132,100,99939,100,100141,100,99935,100
2019-06-28 09:34:14.276681067,100062,226,100049,226,100068,226,99996,226,100078,100,99989,100,100092,200,99966,100,100094,100,99964,100,100097,100,99961,100,100103,100,99956,100,100116,100,99940,100,100132,100,99939,100,100141,100,99935,100
2019-06-28 09:34:20.000000000,100062,150,100049,150,100068,150,99996,150,100078,150,99989,150,100092,250,99966,150,100094,150,99964,150,100097,100,99961,100,100103,100,99956,100,100116,100,99940,100,100132,100,99939,100,100141,100,99935,100
2019-06-28 09:34:30.000000000,100062,163,100049,163,100068,163,99996,163,100078,163,99989,163,100092,263,99966,163,100094,100,99964,100,100097,100,99961,100,100103,100,99956,100,100116,100,99940,100,100132,100,99939,100,100141,100,99935,100
2019-06-28 09:34:32.357201377,100062,163,100049,263,100068,163,99996,163,100078,163,99989,163,100092,263,99966,163,100094,100,99964,100,100097,100,99961,100,100103,100,99956,100,100116,100,99940,100,100132,100,99939,100,100141,100,99935,100
2019-06-28 09:34:40.000000000,100062,150,100049,250,100068,150,99996,150,100078,150,99989,150,100092,250,99966,150,100094,150,99964,150,100097,100,99961,100,100103,100,99956,100,100116,100,99940,100,100132,100,99939,100,100141,100,99935,100
2019-06-28 09:34:50.000000000,100062,163,100049,263,100068,163,99996,163,100078,163,99989,163,100092,263,99966,163,100094,100,99964,100,100097,100,99961,100,100103,100,99956,100,100116,100,99940,100,100132,100,99939,100,100141,100,99935,100
2019-06-28 09:34:57.358359789,100062,63,100049,263,100068,163,99996,163,100078,163,99989,163,100092,263,99966,163,100094,100,99964,100,100097,100,99961,100,100103,100,99956,100,100116,100,99940,100,100132,100,99939,100,100141,100,99935,100
2019-06-28 09:34:59.558942513,100068,163,100062,37,100078,163,100049,263,100092,263,99996,163,100094,100,99989,163,100097,100,99966,163,100103,100,99964,100,100116,100,99961,100,100132,100,99956,100,100141,100,99940,100,100158,100,99939,100
2019-06-28 09:35:00.000000000,100068,226,100062,163,100078,226,100049,326,100092,200,99996,100,100094,100,99989,100,100097,100,99966,100,100103,100,99964,100,100116,100,99961,100,100132,100,99956,100,100141,100,99940,100,100158,100,99939,100
2019-06-28 09:35:10.000000000,100068,150,100062,87,100078,150,100049,250,100092,250,99996,150,100094,150,99989,150,100097,150,99966,150,100103,100,99964,100,100116,100,99961,100,100132,100,99956,100,100141,100,99940,100,100158,100,99939,100
2019-06-28 09:35:14.056350952,100068,150,100062,87,100078,150,100049,250,100092,250,99996,150,100094,150,99989,150,100097,150,99966,150,100103,100,99964,100,100116,100,99961,100,100132,100,99956,100,100141,100,99940,100,100158,100,99939,100
2019-06-28 09:35:20.000000000,100068,186,100062,123,100078,183,100049,283,100092,283,99996,183,100094,100,99989,100,100097,100,99966,100,100103,100,99964,100,100116,100,99961,100,100132,100,99956,100,100141,100,99940,100,100158,100,99939,100
2019-06-28 09:35:27.740961995,100068,186,100062,123,100078,183,100049,183,100092,283,99996,183,100094,100,99989,100,100097,100,99966,100,100103,100,99964,100,100116,100,99961,100,100132,100,99956,100,100141,100,99940,100,100158,100,99939,100
2019-06-28 09:35:30.000000000,100068,150,100062,87,100078,150,100049,150,100092,250,99996,150,100094,150,99989,150,100097,150,99966,150,100103,100,99964,100,100116,100,99961,100,100132,100,99956,100,100141,100,99940,100,100158,100,99939,100
2019-06-28 09:35:40.000000000,100068,150,100062,87,100078,150,100049,150,100092,250,99996,150,100094,150,99989,150,100097,150,99966,150,100103,100,99964,100,100116,100,99961,100,100132,100,99956,100,100141,100,99940,100,100158,100,99939,100
2019-06-28 09:35:47.545959891,100068,150,100062,50,100078,150,100049,150,100092,250,99996,150,100094,150,99989,150,100097,150,99966,150,100103,100,99964,100,100116,100,99961,100,100132,100,99956,100,100141,100,99940,100,100158,100,99939,100
2019-06-28 09:35:50.000000000,100068,226,100049,226,100078,226,99996,226,100092,200,99989,100,100094,100,99966,100,100097,100,99964,100,100103,100,99961,100,100116,100,99956,100,100132,100,99940,100,100141,100,99939,100,100158,100,99935,100
2019-06-28 09:36:00.000000000,100068,226,100049,226,100078,226,99996,226,100092,200,99989,100,100094,100,99966,100,100097,100,99964,100,100103,100,99961,100,100116,100,99956,100,100132,100,99940,100,100141,100,99939,100,100158,100,99935,100
2019-06-28 09:36:06.806183708,100068,226,100062,100,100078,226,100049,226,100092,200,99996,226,100097,100,99989,100,100103,100,99966,100,100116,100,99964,100,100132,100,99961,100,100141,100,99956,100,100158,100,99940,100,100159,100,99939,100
2019-06-28 09:36:07.839212997,100068,226,100062,200,100078,226,100049,226,100092,200,99996,226,100097,100,99989,100,100103,100,99966,100,100116,100,99964,100,100132,100,99961,100,100141,100,99956,100,100158,100,99940,100,100159,100,99939,100
2019-06-28 09:36:10.000000000,100068,186,100062,286,100078,183,100049,183,100092,283,99996,183,100097,100,99989,100,100103,100,99966,100,100116,100,99964,100,100132,100,99961,100,100141,100,99956,100,100158,100,99940,100,100159,100,99939,100
2019-06-28 09:36:10.420420008,100068,86,100062,286,100078,183,100049,183,100092,283,99996,183,100097,100,99989,100,100103,100,99966,100,100116,100,99964,100,100132,100,99961,100,100141,100,99956,100,100158,100,99940,100,100159,100,99939,100
2019-06-28 09:36:15.697348098,100068,86,100062,286,100078,183,100049,183,100092,283,99996,183,100097,100,99989,100,100103,100,99966,200,100116,100,99964,100,100132,100,99961,100,100141,100,99956,100,100158,100,99940,100,100159,100,99939,100
2019-06-28 09:36:17.709780194,100068,86,100063,100,100078,183,100062,186,100092,283,100049,183,100097,100,99996,183,100103,100,99989,100,100116,100,99966,200,100132,100,99964,100,100141,100,99961,100,100158,100,99956,100,100159,100,99940,100
2019-06-28 09:36:20.000000000,100078,150,100063,150,100092,250,100062,150,100097,150,100049,150,100103,150,99996,150,100116,150,99989,150,100132,100,99966,200,100141,100,99964,100,100158,100,99961,100,100159,100,99956,100,100325,100,99940,100
2019-06-28 09:36:24.143884896,100078,150,100063,150,100092,250,100062,150,100097,150,100049,150,100103,150,99996,150,100116,150,99989,150,100132,100,99966,200,100141,100,99964,100,100158,100,99961,100,100159,100,99956,100,100325,100,99940,100
2019-06-28 09:36:30.000000000,100078,226,100063,226,100092,326,100062,226,100097,100,100049,100,100103,100,99996,100,100116,100,99989,100,100132,100,99966,200,100141,100,99964,100,100158,100,99961,100,100159,100,99956,100,100325,100,99940,100
2019-06-28 09:36:39.137656680,100078,126,100063,226,100092,326,100062,226,100097,100,100049,100,100103,100,99996,100,100116,100,99989,100,100132,100,99966,200,100141,100,99964,100,100158,100,99961,100,100159,100,99956,100,100325,100,99940,100
2019-06-28 09:36:40.000000000,100092,326,100063,226,100097,226,100062,226,100103,100,100049,100,100116,100,99996,100,100132,100,99989,100,100141,100,99966,200,100158,100,99964,100,100159,100,99961,100,100325,100,99956,100,100384,100,99940,100
2019-06-28 09:36:49.061694265,100092,326,100063,226,100097,226,100062,226,100103,100,100049,100,100116,100,99996,100,100132,100,99989,100,100141,100,99966,200,100158,100,99964,100,100159,100,99961,100,100274,100,99956,100,100325,100,99940,100
2019-06-28 09:36:50.000000000,100092,326,100063,226,100097,226,100062,226,100103,100,100049,100,100116,100,99996,100,100132,100,99989,100,100141,100,99966,200,100158,100,99964,100,100159,100,99961,100,100274,100,99956,100,100325,100,99940,100
2019-06-28 09:37:00.000000000,100092,263,100063,163,100097,163,100062,163,100103,163,100049,163,100116,163,99996,163,100132,100,99989,100,100141,100,99966,200,100158,100,99964,100,100159,100,99961,100,100274,100,99956,100,100325,100,99940,100
2019-06-28 09:37:05.596317250,100092,263,100063,163,100097,163,100062,163,100103,163,100049,163,100116,163,99996,163,100132,100,99989,100,100141,100,99966,200,100158,100,99964,100,100159,100,99961,100,100274,100,99956,100,100325,100,99945,100
2019-06-28 09:37:06.902560738,100092,263,100068,100,100097,163,100063,163,100103,163,100062,163,100116,163,100049,163,100132,100,99996,163,100141,100,99966,200,100158,100,99964,100,100159,100,99961,100,100274,100,99956,100,100325,100,99945,100
2019-06-28 09:37:10.000000000,100092,263,100068,163,100097,163,100063,163,100103,163,100062,163,100116,163,100049,163,100132,100,99996,100,100141,100,99966,200,100158,100,99964,100,100159,100,99961,100,100274,100,99956,100,100325,100,99945,100
2019-06-28 09:37:10.683014173,100092,263,100068,163,100097,163,100063,163,100103,163,100062,163,100116,163,100049,163,100132,100,99996,100,100141,100,99986,100,100158,100,99966,200,100159,100,99964,100,100274,100,99961,100,100325,100,99945,100
2019-06-28 09:37:20.000000000,100092,263,100068,163,100097,163,100063,163,100103,163,100062,163,100116,163,100049,163,100132,100,99996,100,100141,100,99986,100,100158,100,99966,200,100159,100,99964,100,100274,100,99961,100,100325,100,99945,100
2019-06-28 09:37:30.000000000,100092,326,100068,226,100097,226,100063,226,100103,100,100062,100,100116,100,100049,100,100132,100,99996,100,100141,100,99986,100,100158,100,99966,200,100159,100,99964,100,100274,100,99961,100,100325,100,99945,100
2019-06-28 09:37:40.000000000,100092,263,100068,163,100097,163,100063,163,100103,163,100062,163,100116,163,100049,163,100132,100,99996,100,100141,100,99986,100,100158,100,99966,200,100159,100,99964,100,100274,100,99961,100,100325,100,99945,100
2019-06-28 09:37:50.000000000,100092,263,100068,163,100097,163,100063,163,100103,163,100062,163,100116,163,100049,163,100132,100,99996,100,100141,100,99986,100,100158,100,99966,200,100159,100,99964,100,100274,100,99961,100,100325,100,99945,100
2019-06-28 09:38:00.000000000,100092,286,100068,186,100097,183,100063,183,100103,183,100062,183,100116,100,100049,100,100132,100,99996,100,100141,100,99986,100,100158,100,99966,200,100159,100,99964,100,100274,100,99961,100,100325,100,99945,100
2019-06-28 09:38:10.000000000,100092,263,100068,163,100097,163,100063,163,100103,163,100062,163,100116,163,100049,163,100132,100,99996,100,100141,100,99986,100,100158,100,99966,200,100159,100,99964,100,100274,100,99961,100,100325,100,99945,100
2019-06-28 09:38:20.000000000,100092,263,100068,163,100097,163,100063,163,100103,163,100062,163,100116,163,100049,163,100132,100,99996,100,100141,100,99986,100,100158,100,99966,200,100159,100,99964,100,100274,100,99961,100,100325,100,99945,100
2019-06-28 09:38:30.000000000,100092,263,100068,163,100097,163,100063,163,100103,163,100062,163,100116,163,100049,163,100132,100,99996,100,100141,100,99986,100,100158,100,99966,200,100159,100,99964,100,100274,100,99961,100,100325,100,99945,100
2019-06-28 09:38:36.783612261,100092,263,100068,163,100097,163,100063,163,100103,163,100062,163,100116,163,100049,163,100132,100,99996,100,100141,100,99986,100,100158,100,99966,200,100159,100,99964,100,100274,100,99961,100,100325,100,99945,100
2019-06-28 09:38:40.000000000,100092,452,100068,352,100097,100,100063,100,100103,100,100062,100,100116,100,100049,100,100132,100,99996,100,100141,100,99986,100,100158,100,99966,200,100159,100,99964,100,100274,100,99961,100,100325,100,99945,100
2019-06-28 09:38:43.010478223,100092,452,100068,352,100097,100,100063,100,100103,100,100062,100,100116,100,100049,100,100132,100,99996,100,100141,100,99986,100,100158,100,99966,200,100159,100,99964,100,100274,100,99961,100,100325,100,99945,100
2019-06-28 09:38:50.000000000,100092,263,100068,163,100097,163,100063,163,100103,163,100062,163,100116,163,100049,163,100132,100,99996,100,100141,100,99986,100,100158,100,99966,200,100159,100,99964,100,100274,100,99961,100,100325,100,99945,100
2019-06-28 09:38:52.766488926,100092,263,100068,163,100097,163,100063,163,100103,163,100062,163,100116,163,100049,163,100132,100,99996,100,100141,100,99986,100,100158,100,99966,200,100159,100,99964,100,100274,100,99961,100,100325,100,99945,100
2019-06-28 09:39:00.000000000,100092,286,100068,186,100097,183,100063,183,100103,183,100062,183,100116,100,100049,100,100132,100,99996,100,100141,100,99986,100,100158,100,99966,200,100159,100,99964,100,100274,100,99961,100,100325,100,99945,100
2019-06-28 09:39:10.000000000,100092,263,100068,163,100097,163,100063,163,100103,163,100062,163,100116,163,100049,163,100132,100,99996,100,100141,100,99986,100,100158,100,99966,200,100159,100,99964,100,100274,100,99961,100,100325,100,99945,100
2019-06-28 09:39:20.000000000,100092,263,100068,163,100097,163,100063,163,100103,163,100062,163,100116,163,100049,163,100132,100,99996,100,100141,100,99986,100,100158,100,99966,200,100159,100,99964,100,100274,100,99961,100,100325,100,99945,100
2019-06-28 09:39:30.000000000,100092,250,100068,150,100097,150,100063,150,100103,150,100062,150,100116,150,100049,150,100132,150,99996,150,100141,100,99986,100,100158,100,99966,200,100159,100,99964,100,100274,100,99961,100,100325,100,99945,100
2019-06-28 09:39:34.063267547,100092,250,100068,250,100097,150,100063,150,100103,150,100062,150,100116,150,100049,150,100132,150,99996,150,100141,100,99986,100,100158,100,99966,200,100159,100,99964,100,100274,100,99961,100,100325,100,99945,100
2019-06-28 09:39:36.636187370,100092,250,100068,350,100097,150,100063,150,100103,150,100062,150,100116,150,100049,150,100132,150,99996,150,100141,100,99986,100,100158,100,99966,200,100159,100,99964,100,100274,100,99961,100,100325,100,99945,100
2019-06-28 09:39:40.000000000,100092,263,100068,363,100097,163,100063,163,100103,163,100062,163,100116,163,100049,163,100132,100,99996,100,100141,100,99986,100,100158,100,99966,200,100159,100,99964,100,100274,100,99961,100,100325,100,99945,100
2019-06-28 09:39:50.000000000,100092,250,100068,350,100097,150,100063,150,100103,150,100062,150,100116,150,100049,150,100132,150,99996,150,100141,100,99986,100,100158,100,99966,200,100159,100,99964,100,100274,100,99961,100,100325,100,99945,100
2019-06-28 09:40:00.000000000,100092,326,100068,426,100097,226,100063,226,100103,100,100062,100,100116,100,100049,100,100132,100,99996,100,100141,100,99986,100,100158,100,99966,200,100159,100,99964,100,100274,100,99961,100,100325,100,99945,100
2019-06-28 09:40:00.981981693,100092,226,100068,426,100097,226,100063,226,100103,100,100062,100,100116,100,100049,100,100132,100,99996,100,100141,100,99986,100,100158,100,99966,200,100159,100,99964,100,100274,100,99961,100,100325,100,99945,100
2019-06-28 09:40:06.049662889,100092,126,100068,426,100097,226,100063,226,100103,100,100062,100,100116,100,100049,100,100132,100,99996,100,100141,100,99986,100,100158,100,99966,200,100159,100,99964,100,100274,100,99961,100,100325,100,99945,100
2019-06-28 09:40:10.000000000,100097,150,100068,350,100103,150,100063,150,100116,150,100062,150,100132,150,100049,150,100141,150,99996,150,100158,100,99986,100,100159,100,99966,200,100274,100,99964,100,100325,100,99961,100,100554,100,99945,100
2019-06-28 09:40:18.402551465,100097,150,100068,350,100103,150,100063,150,100116,150,100062,150,100132,150,100049,150,100141,150,99996,150,100158,100,99986,100,100159,100,99966,200,100274,100,99964,100,100325,100,99961,100,100554,100,99945,100
2019-06-28 09:40:20.000000000,100097,226,100068,426,100103,226,100063,226,100116,100,100062,100,100132,100,100049,100,100141,100,99996,100,100158,100,99986,100,100159,100,99966,200,100274,100,99964,100,100325,100,99961,100,100554,100,99945,100
2019-06-28 09:40:30.000000000,100097,352,100068,552,100103,100,100063,100,100116,100,100062,100,100132,100,100049,100,100141,100,99996,100,100158,100,99986,100,100159,100,99966,200,100274,100,99964,100,100325,100,99961,100,100554,100,99945,100
2019-06-28 09:40:40.000000000,100097,150,100068,350,100103,150,100063,150,100116,150,100062,150,100132,150,100049,150,100141,150,99996,150,100158,100,99986,100,100159,100,99966,200,100274,100,99964,100,100325,100,99961,100,100554,100,99945,100
2019-06-28 09:40:50.000000000,100097,352,100068,552,100103,100,100063,100,100116,100,100062,100,100132,100,100049,100,100141,100,99996,100,100158,100,99986,100,100159,100,99966,200,100274,100,99964,100,100325,100,99961,100,100554,100,99945,100
2019-06-28 09:41:00.000000000,100097,186,100068,386,100103,183,100063,183,100116,183,100062,183,100132,100,100049,100,100141,100,99996,100,100158,100,99986,100,100159,100,99966,200,100274,100,99964,100,100325,100,99961,100,100554,100,99945,100
2019-06-28 09:41:10.000000000,100097,226,100068,426,100103,226,100063,226,100116,100,100062,100,100132,100,100049,100,100141,100,99996,100,100158,100,99986,100,100159,100,99966,200,100274,100,99964,100,100325,100,99961,100,100554,100,99945,100
2019-06-28 09:41:20.000000000,100097,186,100068,386,100103,183,100063,183,100116,183,100062,183,100132,100,100049,100,100141,100,99996,100,100158,100,99986,100,100159,100,99966,200,100274,100,99964,100,100325,100,99961,100,100554,100,99945,100
2019-06-28 09:41:20.037024556,100097,186,100092,100,100103,183,100068,386,100116,183,100063,183,100132,100,100062,183,100141,100,100049,100,100158,100,99996,100,100159,100,99986,100,100274,100,99966,200,100325,100,99964,100,100554,100,99961,100
2019-06-28 09:41:23.897761370,100097,186,100092,100,100103,183,100068,386,100116,183,100063,183,100132,100,100062,183,100141,100,100049,100,100158,100,99996,100,100159,100,99986,100,100274,100,99966,200,100325,100,99964,100,100554,100,99961,100
2019-06-28 09:41:30.000000000,100097,226,100092,226,100103,226,100068,426,100116,100,100063,100,100132,100,100062,100,100141,100,100049,100,100158,100,99996,100,100159,100,99986,100,100274,100,99966,200,100325,100,99964,100,100554,100,99961,100
2019-06-28 09:41:37.534343811,100097,226,100092,226,100103,226,100068,426,100116,100,100063,100,100132,100,100062,100,100141,100,100049,100,100158,100,99996,100,100159,100,99986,100,100274,100,99966,200,100325,100,99964,100,100554,100,99961,100
2019-06-28 09:41:40.000000000,100097,163,100092,163,100103,163,100068,363,100116,163,100063,163,100132,163,100062,163,100141,100,100049,100,100158,100,99996,100,100159,100,99986,100,100274,100,99966,200,100325,100,99964,100,100554,100,99961,100
2019-06-28 09:41:47.248538135,100097,63,100092,163,100103,163,100068,363,100116,163,100063,163,100132,63,100062,163,100141,100,100049,100,100158,100,99996,100,100159,100,99986,100,100274,100,99966,200,100325,100,99964,100,100554,100,99961,100
2019-06-28 09:41:50.000000000,100103,186,100092,186,100116,183,100068,383,100141,183,100063,183,100158,100,100062,100,100159,100,100049,100,100274,100,99996,100,100325,100,99986,100,100554,100,99966,200,100616,200,99964,100,101003,100,99961,100
2019-06-28 09:41:55.853141786,100103,186,100092,186,100116,183,100068,383,100141,183,100063,183,100158,100,100062,100,100159,100,100049,100,100274,100,99996,100,100325,100,99986,100,100554,100,99966,200,100616,200,99964,100,100754,100,99961,100
2019-06-28 09:41:58.655795949,100103,186,100092,186,100116,183,100068,283,100141,183,100063,183,100158,100,100062,100,100159,100,100049,100,100274,100,99996,100,100325,100,99986,100,100554,100,99966,200,100616,200,99964,100,100754,100,99961,100
2019-06-28 09:42:00.000000000,100103,352,100092,352,100116,100,100068,200,100141,100,100063,100,100158,100,100062,100,100159,100,100049,100,100274,100,99996,100,100325,100,99986,100,100554,100,99966,200,100616,200,99964,100,100754,100,99961,100
2019-06-28 09:42:10.000000000,100103,163,100092,163,100116,163,100068,263,100141,163,100063,163,100158,163,100062,163,100159,100,100049,100,100274,100,99996,100,100325,100,99986,100,100554,100,99966,200,100616,200,99964,100,100754,100,99961,100
2019-06-28 09:42:15.785527243,100103,163,100093,100,100116,163,100092,163,100141,163,100068,263,100158,163,100063,163,100159,100,100062,163,100274,100,100049,100,100325,100,99986,100,100554,100,99966,200,100616,200,99964,100,100754,100,99961,100
2019-06-28 09:42:20.000000000,100103,352,100093,352,100116,100,100092,100,100141,100,100068,200,100158,100,100063,100,100159,100,100062,100,100274,100,100049,100,100325,100,99986,100,100554,100,99966,200,100616,200,99964,100,100754,100,99961,100
2019-06-28 09:42:24.008409293,100103,352,100093,452,100116,100,100092,100,100141,100,100068,100,100158,100,100063,100,100159,100,100062,100,100274,100,100049,100,100325,100,99986,100,100554,100,99966,200,100616,200,99964,100,100754,100,99961,100
2019-06-28 09:42:28.342493367,100103,252,100093,452,100116,100,100092,100,100141,100,100068,100,100158,100,100063,100,100159,100,100062,100,100274,100,100049,100,100325,100,99986,100,100554,100,99966,200,100616,100,99964,100,100754,100,99961,100
2019-06-28 09:42:30.000000000,100116,226,100093,326,100141,226,100092,226,100158,100,100068,100,100159,100,100063,100,100274,100,100062,100,100325,100,100049,100,100554,100,99986,100,100616,100,99966,200,100754,100,99964,100,101003,100,99961,100
2019-06-28 09:42:40.000000000,100116,226,100093,326,100141,226,100092,226,100158,100,100068,100,100159,100,100063,100,100274,100,100062,100,100325,100,100049,100,100554,100,99986,100,100616,100,99966,200,100754,100,99964,100,101003,100,99961,100
2019-06-28 09:42:41.383525189,100116,226,100097,100,100141,226,100093,326,100158,100,100092,226,100159,100,100068,100,100274,100,100063,100,100325,100,100062,100,100554,100,100049,100,100616,100,99986,100,100754,100,99966,200,101003,100,99964,100
2019-06-28 09:42:50.000000000,100116,226,100097,226,100141,226,100093,326,100158,100,100092,100,100159,100,100068,100,100274,100,100063,100,100325,100,100062,100,100554,100,100049,100,100616,100,99986,100,100754,100,99966,200,101003,100,99964,100
2019-06-28 09:42:58.722436135,100116,126,100097,226,100141,226,100093,326,100158,100,100092,100,100159,100,100068,100,100274,100,100063,100,100325,100,100062,100,100554,100,100049,100,100616,100,99986,100,100754,100,99966,200,101003,100,99964,100
2019-06-28 09:43:00.000000000,100141,226,100097,226,100158,226,100093,326,100159,100,100092,100,100274,100,100068,100,100325,100,100063,100,100554,100,100062,100,100616,100,100049,100,100754,100,99986,100,101003,100,99966,200,101030,100,99964,100
2019-06-28 09:43:10.000000000,100141,186,100097,186,100158,183,100093,283,100159,183,100092,183,100274,100,100068,100,100325,100,100063,100,100554,100,100062,100,100616,100,100049,100,100754,100,99986,100,101003,100,99966,200,101030,100,99964,100
2019-06-28 09:43:20.000000000,100141,163,100097,163,100158,163,100093,263,100159,163,100092,163,100274,163,100068,163,100325,100,100063,100,100554,100,100062,100,100616,100,100049,100,100754,100,99986,100,101003,100,99966,200,101030,100,99964,100
2019-06-28 09:43:30.000000000,100141,150,100097,150,100158,150,100093,250,100159,150,100092,150,100274,150,100068,150,100325,150,100063,150,100554,100,100062,100,100616,100,100049,100,100754,100,99986,100,101003,100,99966,200,101030,100,99964,100
2019-06-28 09:43:33.014677666,100141,150,100097,150,100158,150,100093,250,100159,50,100092,150,100274,150,100068,150,100325,150,100063,150,100554,100,100062,100,100616,100,100049,100,100754,100,99986,100,101003,100,99966,200,101030,100,99964,100
2019-06-28 09:43:40.000000000,100141,226,100097,226,100158,226,100093,326,100274,100,100092,100,100325,100,100068,100,100554,100,100063,100,100616,100,100062,100,100754,100,100049,100,101003,100,99986,100,101030,100,99966,200,101048,100,99964,100
2019-06-28 09:43:50.000000000,100141,186,100097,186,100158,183,100093,283,100274,183,100092,183,100325,100,100068,100,100554,100,100063,100,100616,100,100062,100,100754,100,100049,100,101003,100,99986,100,101030,100,99966,200,101048,100,99964,100
2019-06-28 09:44:00.000000000,100141,226,100097,226,100158,226,100093,326,100274,100,100092,100,100325,100,100068,100,100554,100,100063,100,100616,100,100062,100,100754,100,100049,100,101003,100,99986,100,101030,100,99966,200,101048,100,99964,100
2019-06-28 09:44:00.856199972,100141,226,100103,100,100158,226,100097,226,100274,100,100093,326,100325,100,100092,100,100554,100,100068,100,100616,100,100062,100,100754,100,100049,100,101003,100,99986,100,101030,100,99966,200,101048,100,99964,100
2019-06-28 09:44:02.358517777,100141,126,100103,100,100158,226,100097,226,100274,100,100093,326,100325,100,100092,100,100554,100,100068,100,100616,100,100062,100,100754,100,100049,100,101003,100,99986,100,101030,100,99966,200,101048,100,99964,100
2019-06-28 09:44:03.000165199,100141,126,100103,100,100158,226,100097,226,100274,100,100093,326,100325,100,100092,100,100554,100,100068,100,100575,100,100062,100,100616,100,100049,100,100754,100,99986,100,101003,100,99966,200,101030,100,99964,100
2019-06-28 09:44:09.942604549,100141,26,100103,100,100158,226,100097,226,100274,100,100093,326,100325,100,100092,100,100554,100,100068,100,100575,100,100062,100,100616,100,100049,100,100754,100,99986,100,101003,100,99966,200,101030,100,99964,100
2019-06-28 09:44:10.000000000,100158,163,100103,163,100274,163,100097,163,100325,163,100093,263,100554,163,100092,163,100575,100,100068,100,100616,100,100062,100,100754,100,100049,100,101003,100,99986,100,101030,100,99966,200,101048,100,99964,100
2019-06-28 09:44:20.000000000,100158,150,100103,150,100274,150,100097,150,100325,150,100093,250,100554,150,100092,150,100575,150,100068,150,100616,100,100062,100,100754,100,100049,100,101003,100,99986,100,101030,100,99966,200,101048,100,99964,100
2019-06-28 09:44:28.567641941,100158,150,100103,150,100274,150,100097,150,100325,150,100093,250,100554,150,100092,150,100575,150,100068,150,100616,100,100062,100,100754,100,100049,100,100854,100,99986,100,101003,100,99966,200,101030,100,99964,100
2019-06-28 09:44:30.000000000,100158,352,100103,352,100274,100,100097,100,100325,100,100093,200,100554,100,100092,100,100575,100,100068,100,100616,100,100062,100,100754,100,100049,100,100854,100,99986,100,101003,100,99966,200,101030,100,99964,100
2019-06-28 09:44:40.000000000,100158,186,100103,186,100274,183,100097,183,100325,183,100093,283,100554,100,100092,100,100575,100,100068,100,100616,100,100062,100,100754,100,100049,100,100854,100,99986,100,101003,100,99966,200,101030,100,99964,100
2019-06-28 09:44:50.000000000,100158,186,100103,186,100274,183,100097,183,100325,183,100093,283,100554,100,100092,100,100575,100,100068,100,100616,100,100062,100,100754,100,100049,100,100854,100,99986,100,101003,100,99966,200,101030,100,99964,100
2019-06-28 09:44:54.879353034,100158,86,100103,186,100274,183,100097,183,100325,183,100093,283,100554,100,100092,100,100575,100,100068,100,100616,100,100062,100,100754,100,100049,100,100854,100,99986,100,101003,100,99966,200,101030,100,99964,100
2019-06-28 09:44:56.188357114,100158,86,100103,186,100274,183,100097,183,100325,183,100093,283,100554,100,100092,100,100575,100,100068,100,100616,100,100062,100,100679,100,100049,100,100754,100,99986,100,100854,100,99966,200,101003,100,99964,100
2019-06-28 09:45:00.000000000,100274,226,100103,226,100325,226,100097,226,100554,100,100093,200,100575,100,100092,100,100616,100,100068,100,100679,100,100062,100,100754,100,100049,100,100854,100,99986,100,101003,100,99966,200,101030,100,99964,100
2019-06-28 09:45:05.566920305,100274,226,100141,100,100325,226,100103,226,100554,100,100097,226,100575,100,100093,200,100616,100,100092,100,100679,100,100068,100,100754,100,100062,100,100854,100,100049,100,101003,100,99986,100,101030,100,99966,200
2019-06-28 09:45:10.000000000,100274,352,100141,352,100325,100,100103,100,100554,100,100097,100,100575,100,100093,200,100616,100,100092,100,100679,100,100068,100,100754,100,100062,100,100854,100,100049,100,101003,100,99986,100,101030,100,99966,200
2019-06-28 09:45:18.700223155,100274,352,100141,352,100426,100,100103,100,100554,100,100097,100,100575,100,100093,200,100616,100,100092,100,100679,100,100068,100,100754,100,100062,100,100854,100,100049,100,101003,100,99986,100,101030,100,99966,200
2019-06-28 09:45:20.000000000,100274,352,100141,352,100426,100,100103,100,100554,100,100097,100,100575,100,100093,200,100616,100,100092,100,100679,100,100068,100,100754,100,100062,100,100854,100,100049,100,101003,100,99986,100,101030,100,99966,200
2019-06-28 09:45:30.000000000,100274,163,100141,163,100426,163,100103,163,100554,163,100097,163,100575,163,100093,263,100616,100,100092,100,100679,100,100068,100,100754,100,100062,100,100854,100,100049,100,101003,100,99986,100,101030,100,99966,200
2019-06-28 09:45:30.383112718,100274,63,100141,163,100426,163,100103,163,100554,163,100097,163,100575,163,100093,263,100616,100,100092,100,100679,100,100068,100,100754,100,100062,100,100854,100,100049,100,101003,100,99986,100,101030,100,99966,200
2019-06-28 09:45:40.000000000,100426,163,100141,163,100554,163,100103,163,100575,163,100097,163,100616,163,100093,263,100679,100,100092,100,100754,100,100068,100,100854,100,100062,100,101003,100,100049,100,101030,100,99986,100,101048,100,99966,200
2019-06-28 09:45:50.000000000,100426,226,100141,226,100554,226,100103,226,100575,100,100097,100,100616,100,100093,200,100679,100,100092,100,100754,100,100068,100,100854,100,100062,100,101003,100,100049,100,101030,100,99986,100,101048,100,99966,200
2019-06-28 09:46:00.000000000,100426,150,100141,150,100554,150,100103,150,100575,150,100097,150,100616,150,100093,250,100679,150,100092,150,100754,100,100068,100,100854,100,100062,100,101003,100,100049,100,101030,100,99986,100,101048,100,99966,200
2019-06-28 09:46:10.000000000,100426,150,100141,150,100554,150,100103,150,100575,150,100097,150,100616,150,100093,250,100679,150,100092,150,100754,100,100068,100,100854,100,100062,100,101003,100,100049,100,101030,100,99986,100,101048,100,99966,200
2019-06-28 09:46:13.605473434,100426,150,100141,150,100554,150,100103,150,100575,150,100097,150,100616,150,100093,250,100679,150,100092,150,100754,100,100068,100,100854,100,100062,100,101003,100,100049,100,101030,100,100021,100,101048,100,99986,100
2019-06-28 09:46:20.000000000,100426,226,100141,226,100554,226,100103,226,100575,100,100097,100,100616,100,100093,200,100679,100,100092,100,100754,100,100068,100,100854,100,100062,100,101003,100,100049,100,101030,100,100021,100,101048,100,99986,100
2019-06-28 09:46:30.000000000,100426,163,100141,163,100554,163,100103,163,100575,163,100097,163,100616,163,100093,263,100679,100,100092,100,100754,100,100068,100,100854,100,100062,100,101003,100,100049,100,101030,100,100021,100,101048,100,99986,100
2019-06-28 09:46:34.424891495,100426,163,100141,63,100554,163,100103,163,100575,163,100097,163,100616,163,100093,263,100679,100,100092,100,100754,100,100068,100,101003,100,100062,100,101030,100,100049,100,101048,100,100021,100,101066,100,99986,100
2019-06-28 09:46:37.488301507,100426,163,100141,63,100554,163,100103,163,100575,163,100097,163,100616,163,100093,263,100679,100,100092,100,100754,100,100068,100,101003,100,100062,100,101030,100,100049,100,101048,100,100021,100,101066,100,99986,100
2019-06-28 09:46:37.955967054,100426,163,100141,63,100554,163,100103,163,100575,163,100097,163,100616,163,100093,263,100679,100,100092,100,100754,100,100068,100,101003,100,100062,100,101030,100,100049,100,101048,100,100021,100,101066,100,99986,100
2019-06-28 09:46:40.000000000,100426,163,100103,163,100554,163,100097,163,100575,163,100093,263,100616,163,100092,163,100679,100,100068,100,100754,100,100062,100,101003,100,100049,100,101030,100,100021,100,101048,100,99986,100,101066,100,99966,200
2019-06-28 09:46:42.308167075,100426,163,100103,163,100554,163,100097,163,100575,163,100093,263,100616,163,100092,163,100679,100,100068,100,101003,100,100062,100,101030,100,100049,100,101048,100,100021,100,101066,100,99986,100,101182,100,99966,200
2019-06-28 09:46:47.754808536,100426,163,100103,163,100554,163,100097,163,100575,163,100093,263,100616,163,100092,163,100679,100,100068,100,101003,100,100062,100,101030,100,100049,100,101048,100,100021,100,101182,100,99986,100,,,99966,200
2019-06-28 09:46:50.000000000,100426,163,100103,163,100554,163,100097,163,100575,163,100093,263,100616,163,100092,163,100679,100,100068,100,101003,100,100062,100,101030,100,100049,100,101048,100,100021,100,101182,100,99986,100,,,99966,200
2019-06-28 09:46:59.989588853,100426,63,100103,63,100554,163,100097,163,100575,163,100093,263,100616,163,100092,163,100679,100,100068,100,101003,100,100062,100,101030,100,100049,100,101048,100,100021,100,101182,100,99986,100,,,99966,200
2019-06-28 09:47:00.000000000,100554,163,100097,163,100575,163,100093,263,100616,163,100092,163,100679,163,100068,163,101003,100,100062,100,101030,100,100049,100,101048,100,100021,100,101182,100,99986,100,,,99966,200,,,99964,100
2019-06-28 09:47:08.884967642,100175,100,100097,163,100554,163,100093,263,100575,163,100092,163,100616,163,100068,163,100679,163,100062,100,101003,100,100049,100,101030,100,100021,100,101048,100,99986,100,101182,100,99966,200,,,99964,100
2019-06-28 09:47:10.000000000,100175,150,100097,150,100554,150,100093,250,100575,150,100092,150,100616,150,100068,150,100679,150,100062,150,101003,100,100049,100,101030,100,100021,100,101048,100,99986,100,101182,100,99966,200,,,99964,100
2019-06-28 09:47:14.947441583,100175,150,100097,150,100279,100,100093,250,100554,150,100092,150,100575,150,100068,150,100616,150,100062,150,100679,150,100049,100,101003,100,100021,100,101030,100,99986,100,101048,100,99966,200,101182,100,99964,100
2019-06-28 09:47:20.000000000,100175,150,100097,150,100279,150,100093,250,100554,150,100092,150,100575,150,100068,150,100616,150,100062,150,100679,100,100049,100,101003,100,100021,100,101030,100,99986,100,101048,100,99966,200,101182,100,99964,100
2019-06-28 09:47:30.000000000,100175,150,100097,150,100279,150,100093,250,100554,150,100092,150,100575,150,100068,150,100616,150,100062,150,100679,100,100049,100,101003,100,100021,100,101030,100,99986,100,101048,100,99966,200,101182,100,99964,100
2019-06-28 09:47:40.000000000,100175,150,100097,150,100279,150,100093,250,100554,150,100092,150,100575,150,100068,150,100616,150,100062,150,100679,100,100049,100,101003,100,100021,100,101030,100,99986,100,101048,100,99966,200,101182,100,99964,100
2019-06-28 09:47:42.194073929,100175,150,100097,150,100279,150,100093,250,100554,150,100092,150,100575,50,100073,100,100616,150,100068,150,100679,100,100062,150,101003,100,100049,100,101030,100,100021,100,101048,100,99986,100,101182,100,99966,200
2019-06-28 09:47:50.000000000,100175,163,100097,163,100279,163,100093,263,100554,163,100092,163,100616,163,100073,163,100679,100,100068,100,101003,100,100062,100,101030,100,100049,100,101048,100,100021,100,101182,100,99986,100,,,99966,200
2019-06-28 09:48:00.000000000,100175,150,100097,150,100279,150,100093,250,100554,150,100092,150,100616,150,100073,150,100679,150,100068,150,101003,100,100062,100,101030,100,100049,100,101048,100,100021,100,101182,100,99986,100,,,99966,200
2019-06-28 09:48:00.501697909,100175,50,100097,150,100279,150,100093,250,100554,150,100092,150,100616,150,100073,150,100679,150,100068,150,101003,100,100062,100,101048,100,100049,100,101182,100,100021,100,,,99986,100,,,99966,200
2019-06-28 09:48:05.664620689,100279,150,100175,50,100554,150,100097,150,100616,150,100093,250,100679,150,100092,150,101003,100,100073,150,101048,100,100068,150,101182,100,100062,100,,,100049,100,,,100021,100,,,99986,100
2019-06-28 09:48:07.953237939,100228,100,100175,50,100279,150,100097,150,100554,150,100093,250,100616,150,100092,150,100679,150,100073,150,101003,100,100068,150,101048,100,100062,100,101182,100,100049,100,,,100021,100,,,99986,100
2019-06-28 09:48:10.000000000,100228,352,100175,302,100279,100,100097,100,100554,100,100093,200,100616,100,100092,100,100679,100,100073,100,101003,100,100068,100,101048,100,100062,100,101182,100,100049,100,,,100021,100,,,99986,100
2019-06-28 09:48:20.000000000,100228,150,100175,100,100279,150,100097,150,100554,150,100093,250,100616,150,100092,150,100679,150,100073,150,101003,100,100068,100,101048,100,100062,100,101182,100,100049,100,,,100021,100,,,99986,100
2019-06-28 09:48:22.197766877,100228,150,100175,100,100279,150,100097,150,100554,150,100093,250,100616,150,100092,150,100679,150,100073,150,101003,100,100062,100,101048,100,100049,100,101182,100,100021,100,,,99986,100,,,99966,200
2019-06-28 09:48:30.000000000,100228,186,100175,136,100279,183,100097,183,100554,183,100093,283,100616,100,100092,100,100679,100,100073,100,101003,100,100062,100,101048,100,100049,100,101182,100,100021,100,,,99986,100,,,99966,200
2019-06-28 09:48:32.181215381,100228,186,100175,136,100279,183,100097,183,100554,183,100093,283,100616,100,100092,100,100679,100,100073,100,101003,100,100062,100,101048,100,100049,100,101182,100,100021,100,,,99986,100,,,99966,200
2019-06-28 09:48:40.000000000,100228,150,100175,100,100279,150,100097,150,100554,150,100093,250,100616,150,100092,150,100679,150,100073,150,101003,100,100062,100,101048,100,100049,100,101182,100,100021,100,,,99986,100,,,99966,200
2019-06-28 09:48:50.000000000,100228,150,100175,100,100279,150,100097,150,100554,150,100093,250,100616,150,100092,150,100679,150,100073,150,101003,100,100062,100,101048,100,100049,100,101182,100,100021,100,,,99986,100,,,99966,200
2019-06-28 09:48:57.989027027,100228,150,100097,150,100279,150,100093,250,100554,150,100092,150,100616,150,100073,150,100679,150,100062,100,101003,100,100049,100,101048,100,100021,100,101182,100,99986,100,,,99966,200,,,99961,100
2019-06-28 09:49:00.000000000,100228,150,100097,150,100279,150,100093,250,100554,150,100092,150,100616,150,100073,150,100679,150,100062,150,101003,100,100049,100,101048,100,100021,100,101182,100,99986,100,,,99966,200,,,99961,100
2019-06-28 09:49:08.331973571,100228,150,100097,150,100279,150,100093,250,100554,150,100092,150,100616,150,100073,150,100679,150,100062,150,101003,100,100049,100,101048,100,100021,100,101182,100,99986,100,,,99966,100,,,99961,100
2019-06-28 09:49:10.000000000,100228,163,100097,163,100279,163,100093,263,100554,163,100092,163,100616,163,100073,163,100679,100,100062,100,101003,100,100049,100,101048,100,100021,100,101182,100,99986,100,,,99966,100,,,99961,100
2019-06-28 09:49:20.000000000,100228,186,100097,186,100279,183,100093,283,100554,183,100092,183,100616,100,100073,100,100679,100,100062,100,101003,100,100049,100,101048,100,100021,100,101182,100,99986,100,,,99966,100,,,99961,100
2019-06-28 09:49:30.000000000,100228,186,100097,186,100279,183,100093,283,100554,183,100092,183,100616,100,100073,100,100679,100,100062,100,101003,100,100049,100,101048,100,100021,100,101182,100,99986,100,,,99966,100,,,99961,100
2019-06-28 09:49:40.000000000,100228,226,100097,226,100279,226,100093,326,100554,100,100092,100,100616,100,100073,100,100679,100,100062,100,101003,100,100049,100,101048,100,100021,100,101182,100,99986,100,,,99966,100,,,99961,100
2019-06-28 09:49:49.147316749,100228,226,100097,226,100279,226,100093,326,100554,100,100092,100,100616,100,100073,100,100679,100,100062,100,100734,100,100049,100,101003,100,100021,100,101048,100,99986,100,101182,100,99966,100,,,99961,100
2019-06-28 09:49:50.000000000,100228,163,100097,163,100279,163,100093,263,100554,163,100092,163,100616,163,100073,163,100679,100,100062,100,100734,100,100049,100,101003,100,100021,100,101048,100,99986,100,101182,100,99966,100,,,99961,100
2019-06-28 09:50:00.000000000,100228,352,100097,352,100279,100,100093,200,100554,100,100092,100,100616,100,100073,100,100679,100,100062,100,100734,100,100049,100,101003,100,100021,100,101048,100,99986,100,101182,100,99966,100,,,99961,100
2019-06-28 09:50:07.646981391,100228,352,100097,352,100279,100,100093,200,100554,100,100092,100,100616,100,100073,100,100627,100,100062,100,100679,100,100049,100,100734,100,100021,100,101003,100,99986,100,101048,100,99966,100,101182,100,99961,100
2019-06-28 09:50:10.000000000,100228,186,100097,186,100279,183,100093,283,100554,183,100092,183,100616,100,100073,100,100627,100,100062,100,100679,100,100049,100,100734,100,100021,100,101003,100,99986,100,101048,100,99966,100,101182,100,99961,100
2019-06-28 09:50:11.617597559,100228,186,100176,100,100279,183,100097,186,100554,183,100093,283,100616,100,100092,183,100627,100,100073,100,100679,100,100062,100,100734,100,100049,100,101003,100,100021,100,101048,100,99986,100,101182,100,99966,100
2019-06-28 09:50:15.586216131,100228,186,100176,200,100279,183,100097,186,100554,183,100093,283,100616,100,100092,183,100627,100,100073,100,100679,100,100062,100,100734,100,100049,100,101003,100,100021,100,101048,100,99986,100,101182,100,99966,100
2019-06-28 09:50:16.496939568,100228,186,100176,200,100279,183,100097,186,100554,183,100093,283,100570,100,100092,183,100616,100,100073,100,100627,100,100062,100,100679,100,100049,100,100734,100,100021,100,101003,100,99986,100,101048,100,99966,100
2019-06-28 09:50:20.000000000,100228,186,100176,286,100279,183,100097,183,100554,183,100093,283,100570,100,100092,100,100616,100,100073,100,100627,100,100062,100,100679,100,100049,100,100734,100,100021,100,101003,100,99986,100,101048,100,99966,100
2019-06-28 09:50:25.744861665,100228,86,100176,286,100279,83,100097,183,100554,183,100093,283,100570,100,100092,100,100616,100,100073,100,100627,100,100062,100,100679,100,100049,100,100734,100,100021,100,101003,100,99986,100,101048,100,99966,100
2019-06-28 09:50:30.000000000,100554,163,100176,263,100570,163,100097,163,100616,163,100093,263,100627,163,100092,163,100679,100,100073,100,100734,100,100062,100,101003,100,100049,100,101048,100,100021,100,101182,100,99986,100,,,99966,100
2019-06-28 09:50:40.000000000,100554,150,100176,250,100570,150,100097,150,100616,150,100093,250,100627,150,100092,150,100679,150,100073,150,100734,100,100062,100,101003,100,100049,100,101048,100,100021,100,101182,100,99986,100,,,99966,100
2019-06-28 09:50:50.000000000,100554,352,100176,452,100570,100,100097,100,100616,100,100093,200,100627,100,100092,100,100679,100,100073,100,100734,100,100062,100,101003,100,100049,100,101048,100,100021,100,101182,100,99986,100,,,99966,100
2019-06-28 09:51:00.000000000,100554,150,100176,250,100570,150,100097,150,100616,150,100093,250,100627,150,100092,150,100679,150,100073,150,100734,100,100062,100,101003,100,100049,100,101048,100,100021,100,101182,100,99986,100,,,99966,100
2019-06-28 09:51:05.818652284,100554,150,100176,250,100570,150,100097,150,100616,150,100093,250,100627,150,100092,150,100679,150,100073,150,100734,100,100062,100,100816,100,100049,100,101003,100,100021,100,101048,100,99986,100,101182,100,99966,100
2019-06-28 09:51:10.000000000,100554,186,100176,286,100570,183,100097,183,100616,183,100093,283,100627,100,100092,100,100679,100,100073,100,100734,100,100062,100,100816,100,100049,100,101003,100,100021,100,101048,100,99986,100,101182,100,99966,100
2019-06-28 09:51:17.489128047,100554,186,100176,286,100570,183,100097,183,100616,183,100093,283,100627,100,100092,100,100679,100,100073,100,100734,100,100062,100,100816,100,100049,100,101003,100,100021,100,101048,100,99986,100,101051,100,99966,100
2019-06-28 09:51:20.000000000,100554,186,100176,286,100570,183,100097,183,100616,183,100093,283,100627,100,100092,100,100679,100,100073,100,100734,100,100062,100,100816,100,100049,100,101003,100,100021,100,101048,100,99986,100,101051,100,99966,100
2019-06-28 09:51:30.000000000,100554,226,100176,326,100570,226,100097,226,100616,100,100093,200,100627,100,100092,100,100679,100,100073,100,100734,100,100062,100,100816,100,100049,100,101003,100,100021,100,101048,100,99986,100,101051,100,99966,100
2019-06-28 09:51:31.477897332,100554,226,100176,326,100570,226,100097,226,100627,100,100093,200,100679,100,100092,100,100723,100,100073,100,100734,100,100062,100,100816,100,100049,100,101003,100,100021,100,101048,100,99986,100,101051,100,99966,100
2019-06-28 09:51:34.469626607,100554,126,100176,326,100570,226,100097,226,100627,100,100093,200,100679,100,100092,100,100723,100,100073,100,100734,100,100062,100,100816,100,100049,100,101003,100,100021,100,101014,100,99986,100,101048,100,99966,100
2019-06-28 09:51:35.281147181,100554,126,100176,326,100570,226,100097,226,100627,100,100093,200,100679,100,100092,100,100723,100,100073,100,100734,100,100062,100,100816,100,100049,100,100921,100,100021,100,101014,100,99986,100,101048,100,99966,100
2019-06-28 09:51:40.000000000,100570,226,100176,326,100627,226,100097,226,100679,100,100093,200,100723,100,100092,100,100734,100,100073,100,100816,100,100062,100,100921,100,100049,100,101014,100,100021,100,101048,100,99986,100,101051,100,99966,100
2019-06-28 09:51:42.235162214,100570,226,100176,326,100627,226,100097,226,100679,100,100093,200,100723,100,100092,100,100734,100,100073,100,100816,100,100062,100,100921,100,100021,100,101014,100,99986,100,101048,100,99966,100,101051,100,99961,100
2019-06-28 09:51:50.000000000,100570,186,100176,286,100627,183,100097,183,100679,183,100093,283,100723,100,100092,100,100734,100,100073,100,100816,100,100062,100,100921,100,100021,100,101014,100,99986,100,101048,100,99966,100,101051,100,99961,100
2019-06-28 09:52:00.000000000,100570,226,100176,326,100627,226,100097,226,100679,100,100093,200,100723,100,100092,100,100734,100,100073,100,100816,100,100062,100,100921,100,100021,100,101014,100,99986,100,101048,100,99966,100,101051,100,99961,100
2019-06-28 09:52:08.896433783,100570,226,100177,100,100627,226,100176,326,100679,100,100097,226,100723,100,100093,200,100734,100,100092,100,100816,100,100073,100,100921,100,100062,100,101014,100,100021,100,101048,100,99986,100,101051,100,99966,100
2019-06-28 09:52:10.000000000,100570,352,100177,352,100627,100,100176,200,100679,100,100097,100,100723,100,100093,200,100734,100,100092,100,100816,100,100073,100,100921,100,100062,100,101014,100,100021,100,101048,100,99986,100,101051,100,99966,100
2019-06-28 09:52:18.297264400,100570,352,100177,352,100627,100,100176,200,100679,100,100097,100,100723,100,100093,200,100734,100,100092,100,100816,100,100073,100,100921,100,100062,100,101014,100,99986,100,101048,100,99966,100,101051,100,99961,100
2019-06-28 09:52:20.000000000,100570,186,100177,186,100627,183,100176,283,100679,183,100097,183,100723,100,100093,200,100734,100,100092,100,100816,100,100073,100,100921,100,100062,100,101014,100,99986,100,101048,100,99966,100,101051,100,99961,100
2019-06-28 09:52:28.042494769,100570,86,100177,186,100627,183,100176,283,100679,183,100097,183,100723,100,100093,200,100734,100,100092,100,100816,100,100073,100,100921,100,100062,100,101014,100,99986,100,101048,100,99966,100,101051,100,99961,100
2019-06-28 09:52:30.000000000,100627,226,100177,226,100679,226,100176,326,100723,100,100097,100,100734,100,100093,200,100816,100,100092,100,100921,100,100073,100,101014,100,100062,100,101048,100,99986,100,101051,100,99966,100,101166,100,99961,100
2019-06-28 09:52:32.862349722,100627,226,100177,226,100679,226,100176,326,100723,100,100097,100,100734,100,100093,200,100816,100,100092,100,100921,100,100073,100,101014,100,100062,100,101048,100,99986,100,101051,100,99966,100,101111,100,99961,100
2019-06-28 09:52:40.000000000,100627,186,100177,186,100679,183,100176,283,100723,183,100097,183,100734,100,100093,200,100816,100,100092,100,100921,100,100073,100,101014,100,100062,100,101048,100,99986,100,101051,100,99966,100,101111,100,99961,100
2019-06-28 09:52:50.000000000,100627,352,100177,352,100679,100,100176,200,100723,100,100097,100,100734,100,100093,200,100816,100,100092,100,100921,100,100073,100,101014,100,100062,100,101048,100,99986,100,101051,100,99966,100,101111,100,99961,100
2019-06-28 09:52:51.506542066,100627,352,100177,352,100679,100,100176,200,100723,100,100097,100,100734,100,100093,200,100816,100,100092,100,100921,100,100073,100,100999,100,100062,100,101014,100,99986,100,101048,100,99966,100,101051,100,99961,100
2019-06-28 09:53:00.000000000,100627,226,100177,226,100679,226,100176,326,100723,100,100097,100,100734,100,100093,200,100816,100,100092,100,100921,100,100073,100,100999,100,100062,100,101014,100,99986,100,101048,100,99966,100,101051,100,99961,100
2019-06-28 09:53:10.000000000,100627,163,100177,163,100679,163,100176,263,100723,163,100097,163,100734,163,100093,263,100816,100,100092,100,100921,100,100073,100,100999,100,100062,100,101014,100,99986,100,101048,100,99966,100,101051,100,99961,100
2019-06-28 09:53:12.791468268,100627,163,100177,163,100679,163,100176,263,100723,163,100097,163,100734,163,100093,263,100816,100,100092,100,100921,100,100073,100,100988,100,100062,100,100999,100,99986,100,101014,100,99966,100,101048,100,99961,100
2019-06-28 09:53:20.000000000,100627,163,100177,163,100679,163,100176,263,100723,163,100097,163,100734,163,100093,263,100816,100,100092,100,100921,100,100073,100,100988,100,100062,100,100999,100,99986,100,101014,100,99966,100,101048,100,99961,100
2019-06-28 09:53:30.000000000,100627,186,100177,186,100679,183,100176,283,100723,183,100097,183,100734,100,100093,200,100816,100,100092,100,100921,100,100073,100,100988,100,100062,100,100999,100,99986,100,101014,100,99966,100,101048,100,99961,100
2019-06-28 09:53:31.513892585,100627,186,100177,186,100679,183,100176,283,100723,183,100097,183,100734,100,100093,200,100816,100,100092,100,100921,100,100073,100,100988,100,100062,100,100999,100,99986,100,101014,100,99966,100,101048,100,99961,100
2019-06-28 09:53:31.568141203,100627,186,100177,186,100679,183,100176,283,100723,183,100097,183,100734,100,100093,200,100816,100,100092,100,100921,100,100073,100,100988,100,100062,100,100999,100,99986,100,101014,100,99966,100,101048,100,99961,100
2019-06-28 09:53:40.000000000,100627,226,100177,226,100679,226,100176,326,100723,100,100097,100,100734,100,100093,200,100816,100,100092,100,100921,100,100073,100,100988,100,100062,100,100999,100,99986,100,101014,100,99966,100,101048,100,99961,100
2019-06-28 09:53:44.145864243,100627,226,100228,100,100679,226,100177,226,100723,100,100176,326,100734,100,100097,100,100816,100,100093,200,100921,100,100092,100,100988,100,100073,100,100999,100,100062,100,101014,100,99986,100,101048,100,99966,100
2019-06-28 09:53:44.262900827,100627,226,100228,200,100679,226,100177,226,100723,100,100176,326,100734,100,100097,100,100816,100,100093,200,100921,100,100092,100,100988,100,100073,100,100999,100,100062,100,101014,100,99986,100,101048,100,99966,100
2019-06-28 09:53:44.658552607,100627,126,100228,200,100679,226,100177,226,100723,100,100176,326,100734,100,100097,100,100816,100,100093,200,100921,100,100092,100,100988,100,100073,100,100999,100,100062,100,101014,100,99986,100,101048,100,99966,100
2019-06-28 09:53:50.000000000,100679,163,100228,263,100723,163,100177,163,100734,163,100176,263,100816,163,100097,163,100921,100,100093,200,100988,100,100092,100,100999,100,100073,100,101014,100,100062,100,101048,100,99986,100,101111,100,99966,100
2019-06-28 09:53:53.740329748,100679,163,100228,263,100723,163,100177,163,100734,163,100176,263,100816,163,100097,163,100921,100,100093,200,100988,100,100092,100,100999,100,100073,100,101014,100,100062,100,101048,100,99966,100,101060,100,99961,100
2019-06-28 09:53:55.232452717,100679,163,100228,263,100723,163,100177,163,100734,163,100176,263,100816,163,100097,163,100921,100,100093,100,100988,100,100092,100,100999,100,100073,100,101014,100,100062,100,101048,100,99966,100,101060,100,99961,100
2019-06-28 09:54:00.000000000,100679,352,100228,452,100723,100,100177,100,100734,100,100176,200,100816,100,100097,100,100921,100,100093,100,100988,100,100092,100,100999,100,100073,100,101014,100,100062,100,101048,100,99966,100,101060,100,99961,100
2019-06-28 09:54:10.000000000,100679,226,100228,326,100723,226,100177,226,100734,100,100176,200,100816,100,100097,100,100921,100,100093,100,100988,100,100092,100,100999,100,100073,100,101014,100,100062,100,101048,100,99966,100,101060,100,99961,100
2019-06-28 09:54:20.000000000,100679,226,100228,326,100723,226,100177,226,100734,100,100176,200,100816,100,100097,100,100921,100,100093,100,100988,100,100092,100,100999,100,100073,100,101014,100,100062,100,101048,100,99966,100,101060,100,99961,100
2019-06-28 09:54:22.916051473,100679,226,100554,100,100723,226,100228,326,100734,100,100177,226,100816,100,100176,200,100921,100,100097,100,100988,100,100093,100,100999,100,100092,100,101014,100,100073,100,101048,100,100062,100,101060,100,99966,100
2019-06-28 09:54:30.000000000,100679,226,100554,226,100723,226,100228,326,100734,100,100177,100,100816,100,100176,200,100921,100,100097,100,100988,100,100093,100,100999,100,100092,100,101014,100,100073,100,101048,100,100062,100,101060,100,99966,100
2019-06-28 09:54:40.000000000,100679,163,100554,163,100723,163,100228,263,100734,163,100177,163,100816,163,100176,263,100921,100,100097,100,100988,100,100093,100,100999,100,100092,100,101014,100,100073,100,101048,100,100062,100,101060,100,99966,100
2019-06-28 09:54:50.000000000,100679,226,100554,226,100723,226,100228,326,100734,100,100177,100,100816,100,100176,200,100921,100,100097,100,100988,100,100093,100,100999,100,100092,100,101014,100,100073,100,101048,100,100062,100,101060,100,99966,100
2019-06-28 09:55:00.000000000,100679,163,100554,163,100723,163,100228,263,100734,163,100177,163,100816,163,100176,263,100921,100,100097,100,100988,100,100093,100,100999,100,100092,100,101014,100,100073,100,101048,100,100062,100,101060,100,99966,100
2019-06-28 09:55:00.028452585,100679,63,100554,163,100723,163,100228,263,100734,163,100177,163,100816,163,100176,263,100921,100,100097,100,100988,100,100093,100,100999,100,100092,100,101014,100,100073,100,101048,100,100062,100,101111,100,99966,100
2019-06-28 09:55:01.881934559,100679,63,100554,163,100723,163,100228,263,100734,163,100177,163,100816,163,100176,263,100921,100,100097,100,100988,100,100093,100,100999,100,100092,100,101014,100,100073,100,101048,100,100062,100,101111,100,99966,100
2019-06-28 09:55:10.000000000,100723,186,100554,186,100734,183,100228,283,100816,183,100177,183,100921,100,100176,200,100988,100,100097,100,100999,100,100093,100,101014,100,100092,100,101048,100,100073,100,101111,100,100062,100,101116,100,99966,100
2019-06-28 09:55:20.000000000,100723,186,100554,186,100734,183,100228,283,100816,183,100177,183,100921,100,100176,200,100988,100,100097,100,100999,100,100093,100,101014,100,100092,100,101048,100,100073,100,101111,100,100062,100,101116,100,99966,100
2019-06-28 09:55:30.000000000,100723,163,100554,163,100734,163,100228,263,100816,163,100177,163,100921,163,100176,263,100988,100,100097,100,100999,100,100093,100,101014,100,100092,100,101048,100,100073,100,101111,100,100062,100,101116,100,99966,100
2019-06-28 09:55:40.000000000,100723,352,100554,352,100734,100,100228,200,100816,100,100177,100,100921,100,100176,200,100988,100,100097,100,100999,100,100093,100,101014,100,100092,100,101048,100,100073,100,101111,100,100062,100,101116,100,99966,100
2019-06-28 09:55:50.000000000,100723,352,100554,352,100734,100,100228,200,100816,100,100177,100,100921,100,100176,200,100988,100,100097,100,100999,100,100093,100,101014,100,100092,100,101048,100,100073,100,101111,100,100062,100,101116,100,99966,100
2019-06-28 09:56:00.000000000,100723,186,100554,186,100734,183,100228,283,100816,183,100177,183,100921,100,100176,200,100988,100,100097,100,100999,100,100093,100,101014,100,100092,100,101048,100,100073,100,101111,100,100062,100,101116,100,99966,100
2019-06-28 09:56:10.000000000,100723,352,100554,352,100734,100,100228,200,100816,100,100177,100,100921,100,100176,200,100988,100,100097,100,100999,100,100093,100,101014,100,100092,100,101048,100,100073,100,101111,100,100062,100,101116,100,99966,100
2019-06-28 09:56:20.000000000,100723,186,100554,186,100734,183,100228,283,100816,183,100177,183,100921,100,100176,200,100988,100,100097,100,100999,100,100093,100,101014,100,100092,100,101048,100,100073,100,101111,100,100062,100,101116,100,99966,100
2019-06-28 09:56:30.000000000,100723,163,100554,163,100734,163,100228,263,100816,163,100177,163,100921,163,100176,263,100988,100,100097,100,100999,100,100093,100,101014,100,100092,100,101048,100,100073,100,101111,100,100062,100,101116,100,99966,100
2019-06-28 09:56:40.000000000,100723,186,100554,186,100734,183,100228,283,100816,183,100177,183,100921,100,100176,200,100988,100,100097,100,100999,100,100093,100,101014,100,100092,100,101048,100,100073,100,101111,100,100062,100,101116,100,99966,100
2019-06-28 09:56:50.000000000,100723,226,100554,226,100734,226,100228,326,100816,100,100177,100,100921,100,100176,200,100988,100,100097,100,100999,100,100093,100,101014,100,100092,100,101048,100,100073,100,101111,100,100062,100,101116,100,99966,100
2019-06-28 09:57:00.000000000,100723,150,100554,150,100734,150,100228,250,100816,150,100177,150,100921,150,100176,250,100988,150,100097,150,100999,100,100093,100,101014,100,100092,100,101048,100,100073,100,101111,100,100062,100,101116,100,99966,100
2019-06-28 09:57:03.107011324,100723,150,100554,150,100734,150,100228,250,100816,150,100177,150,100921,150,100176,250,100988,150,100097,150,100999,100,100093,100,101014,100,100092,100,101048,100,100073,100,101111,100,100062,100,101116,100,99966,100
2019-06-28 09:57:08.420335650,100734,150,100723,50,100816,150,100554,150,100921,150,100228,250,100988,150,100177,150,100999,100,100176,250,101014,100,100097,150,101048,100,100093,100,101111,100,100092,100,101116,100,100073,100,101149,100,100062,100
2019-06-28 09:57:10.000000000,100734,186,100723,136,100816,183,100554,183,100921,183,100228,283,100988,100,100177,100,100999,100,100176,200,101014,100,100097,100,101048,100,100093,100,101111,100,100092,100,101116,100,100073,100,101149,100,100062,100
2019-06-28 09:57:15.059082156,100734,86,100723,136,100816,183,100554,183,100921,183,100228,283,100988,100,100177,100,100999,100,100176,200,101014,100,100097,100,101048,100,100093,100,101111,100,100092,100,101116,100,100073,100,101149,100,100062,100
2019-06-28 09:57:20.000000000,100816,163,100723,113,100921,163,100554,163,100988,163,100228,263,100999,163,100177,163,101014,100,100176,200,101048,100,100097,100,101111,100,100093,100,101116,100,100092,100,101149,100,100073,100,101166,100,100062,100
2019-06-28 09:57:24.852997390,100816,163,100723,113,100921,163,100554,163,100988,163,100228,263,100999,163,100177,163,101014,100,100176,200,101048,100,100097,100,101111,100,100093,100,101116,100,100092,100,101149,100,100073,100,101166,100,100062,100
2019-06-28 09:57:25.314376091,100816,163,100723,113,100921,163,100554,163,100988,163,100228,263,100999,163,100177,163,101014,100,100176,200,101048,100,100097,100,101111,100,100093,100,101116,100,100092,100,101149,100,100073,100,101166,100,100062,100
2019-06-28 09:57:30.000000000,100816,150,100723,100,100921,150,100554,150,100988,150,100228,250,100999,150,100177,150,101014,150,100176,250,101048,100,100097,100,101111,100,100093,100,101116,100,100092,100,101149,100,100073,100,101166,100,100062,100
2019-06-28 09:57:40.000000000,100816,352,100723,302,100921,100,100554,100,100988,100,100228,200,100999,100,100177,100,101014,100,100176,200,101048,100,100097,100,101111,100,100093,100,101116,100,100092,100,101149,100,100073,100,101166,100,100062,100
2019-06-28 09:57:50.000000000,100816,352,100723,302,100921,100,100554,100,100988,100,100228,200,100999,100,100177,100,101014,100,100176,200,101048,100,100097,100,101111,100,100093,100,101116,100,100092,100,101149,100,100073,100,101166,100,100062,100
2019-06-28 09:57:57.583376872,100816,352,100723,302,100921,100,100554,100,100988,100,100228,200,100999,100,100177,100,101014,100,100176,200,101048,100,100097,100,101111,100,100093,100,101116,100,100092,100,101149,100,100073,100,101162,100,100062,100
2019-06-28 09:58:00.000000000,100816,150,100723,100,100921,150,100554,150,100988,150,100228,250,100999,150,100177,150,101014,150,100176,250,101048,100,100097,100,101111,100,100093,100,101116,100,100092,100,101149,100,100073,100,101162,100,100062,100
2019-06-28 09:58:10.000000000,100816,186,100723,136,100921,183,100554,183,100988,183,100228,283,100999,100,100177,100,101014,100,100176,200,101048,100,100097,100,101111,100,100093,100,101116,100,100092,100,101149,100,100073,100,101162,100,100062,100
2019-06-28 09:58:10.350910039,100816,186,100723,136,100921,183,100554,183,100988,183,100228,283,100999,100,100177,100,101014,100,100176,200,101048,100,100097,100,101111,100,100093,100,101116,100,100092,100,101149,100,100073,100,101162,100,100062,100
2019-06-28 09:58:19.230977172,100816,186,100723,136,100921,183,100554,183,100988,183,100228,283,100999,100,100177,100,101014,100,100176,200,101048,100,100097,100,101111,100,100093,100,101116,100,100092,100,101149,100,100073,100,101162,100,100062,100
2019-06-28 09:58:20.000000000,100816,226,100723,176,100921,226,100554,226,100988,100,100228,200,100999,100,100177,100,101014,100,100176,200,101048,100,100097,100,101111,100,100093,100,101116,100,100092,100,101149,100,100073,100,101162,100,100062,100
2019-06-28 09:58:20.633624221,100816,126,100723,176,100921,226,100554,226,100988,100,100228,200,100999,100,100177,100,101014,100,100176,200,101048,100,100097,100,101111,100,100093,100,101116,100,100092,100,101149,100,100073,100,101162,100,100062,100
2019-06-28 09:58:25.561843882,100816,126,100723,176,100921,226,100554,226,100988,100,100228,200,100999,100,100177,100,101014,100,100176,100,101048,100,100097,100,101111,100,100093,100,101116,100,100092,100,101149,100,100073,100,101162,100,100062,100
2019-06-28 09:58:30.000000000,100921,352,100723,302,100988,100,100554,100,100999,100,100228,200,101014,100,100177,100,101048,100,100176,100,101111,100,100097,100,101116,100,100093,100,101149,100,100092,100,101162,100,100073,100,101182,100,100062,100
2019-06-28 09:58:30.762891548,100921,352,100723,302,100988,100,100554,100,100999,100,100228,200,101014,100,100176,100,101048,100,100097,100,101111,100,100093,100,101116,100,100092,100,101149,100,100073,100,101162,100,100062,100,101182,100,99966,100
2019-06-28 09:58:40.000000000,100921,186,100723,136,100988,183,100554,183,100999,183,100228,283,101014,100,100176,100,101048,100,100097,100,101111,100,100093,100,101116,100,100092,100,101149,100,100073,100,101162,100,100062,100,101182,100,99966,100
2019-06-28 09:58:50.000000000,100921,352,100723,302,100988,100,100554,100,100999,100,100228,200,101014,100,100176,100,101048,100,100097,100,101111,100,100093,100,101116,100,100092,100,101149,100,100073,100,101162,100,100062,100,101182,100,99966,100
2019-06-28 09:58:53.758208408,100921,252,100723,302,100988,100,100554,100,100999,100,100228,200,101014,100,100176,100,101048,100,100097,100,101111,100,100093,100,101116,100,100092,100,101149,100,100073,100,101162,100,100062,100,101182,100,99966,100
2019-06-28 09:59:00.000000000,100988,352,100723,302,100999,100,100554,100,101014,100,100228,200,101048,100,100176,100,101111,100,100097,100,101116,100,100093,100,101149,100,100092,100,101162,100,100073,100,101182,100,100062,100,101201,100,99966,100
2019-06-28 09:59:06.779494973,100988,352,100723,302,100993,100,100554,100,100999,100,100228,200,101014,100,100176,100,101048,100,100097,100,101111,100,100093,100,101116,100,100092,100,101149,100,100073,100,101162,100,100062,100,101182,100,99966,100
2019-06-28 09:59:10.000000000,100988,163,100723,113,100993,163,100554,163,100999,163,100228,263,101014,163,100176,163,101048,100,100097,100,101111,100,100093,100,101116,100,100092,100,101149,100,100073,100,101162,100,100062,100,101182,100,99966,100
2019-06-28 09:59:20.000000000,100988,150,100723,100,100993,150,100554,150,100999,150,100228,250,101014,150,100176,150,101048,150,100097,150,101111,100,100093,100,101116,100,100092,100,101149,100,100073,100,101162,100,100062,100,101182,100,99966,100
2019-06-28 09:59:30.000000000,100988,163,100723,113,100993,163,100554,163,100999,163,100228,263,101014,163,100176,163,101048,100,100097,100,101111,100,100093,100,101116,100,100092,100,101149,100,100073,100,101162,100,100062,100,101182,100,99966,100
2019-06-28 09:59:40.000000000,100988,163,100723,113,100993,163,100554,163,100999,163,100228,263,101014,163,100176,163,101048,100,100097,100,101111,100,100093,100,101116,100,100092,100,101149,100,100073,100,101162,100,100062,100,101182,100,99966,100
2019-06-28 09:59:42.403119745,100988,63,100723,113,100993,163,100554,163,100999,163,100228,263,101014,163,100176,163,101048,100,100097,100,101111,100,100093,100,101116,100,100092,100,101149,100,100062,100,101162,100,99966,100,101182,100,99961,100
2019-06-28 09:59:50.000000000,100993,186,100723,136,100999,183,100554,183,101014,183,100228,283,101048,100,100176,100,101111,100,100097,100,101116,100,100093,100,101149,100,100092,100,101162,100,100062,100,101182,100,99966,100,101201,100,99961,100
2019-06-28 09:59:57.486160396,100993,186,100723,136,100999,183,100554,183,101014,183,100228,283,101048,100,100097,100,101111,100,100093,100,101116,100,100092,100,101149,100,100062,100,101162,100,99966,100,101182,100,99961,100,101201,100,99945,100
2019-06-28 10:00:00.000000000,100993,163,100723,113,100999,163,100554,163,101014,163,100228,263,101048,163,100097,163,101111,100,100093,100,101116,100,100092,100,101149,100,100062,100,101162,100,99966,100,101182,100,99961,100,101201,100,99945,100
2019-06-28 10:00:02.218661747,100993,63,100723,113,100999,163,100554,163,101014,163,100228,263,101048,163,100097,163,101111,100,100093,100,101116,100,100092,100,101149,100,100062,100,101162,100,99966,100,101182,100,99961,100,101201,100,99945,100
2019-06-28 10:00:10.000000000,100999,352,100723,302,101014,100,100554,100,101048,100,100228,200,101111,100,100097,100,101116,100,100093,100,101149,100,100092,100,101162,100,100062,100,101182,100,99966,100,101201,100,99961,100,101326,100,99945,100
2019-06-28 10:00:12.047802002,100999,352,100723,302,101014,100,100554,100,101048,100,100228,200,101111,100,100097,100,101116,100,100093,100,101149,100,100092,100,101162,100,100062,100,101182,100,99966,100,101201,100,99961,100,101326,100,99945,100
2019-06-28 10:00:20.000000000,100999,226,100723,176,101014,226,100554,226,101048,100,100228,200,101111,100,100097,100,101116,100,100093,100,101149,100,100092,100,101162,100,100062,100,101182,100,99966,100,101201,100,99961,100,101326,100,99945,100
2019-06-28 10:00:30.000000000,100999,150,100723,100,101014,150,100554,150,101048,150,100228,250,101111,150,100097,150,101116,150,100093,150,101149,100,100092,100,101162,100,100062,100,101182,100,99966,100,101201,100,99961,100,101326,100,99945,100
2019-06-28 10:00:33.181329764,100999,150,100723,100,101014,150,100554,150,101048,150,100228,250,101111,150,100097,150,101116,150,100093,150,101149,100,100092,100,101162,100,100062,100,101182,100,99966,100,101201,100,99961,100,101326,100,99945,100
2019-06-28 10:00:34.757304404,100999,150,100723,100,101014,150,100554,150,101048,150,100228,250,101111,150,100097,150,101116,150,100093,150,101149,100,100092,100,101162,100,100062,100,101182,100,99961,100,101201,100,99945,100,101326,100,99940,100
2019-06-28 10:00:40.000000000,100999,186,100723,136,101014,183,100554,183,101048,183,100228,283,101111,100,100097,100,101116,100,100093,100,101149,100,100092,100,101162,100,100062,100,101182,100,99961,100,101201,100,99945,100,101326,100,99940,100
2019-06-28 10:00:48.353821769,100999,186,100723,136,101014,83,100554,183,101048,183,100228,283,101111,100,100097,100,101116,100,100093,100,101149,100,100092,100,101162,100,100062,100,101182,100,99961,100,101201,100,99945,100,101326,100,99940,100
2019-06-28 10:00:50.000000000,100999,163,100723,113,101048,163,100554,163,101111,163,100228,263,101116,163,100097,163,101149,100,100093,100,101162,100,100092,100,101182,100,100062,100,101201,100,99961,100,101326,100,99945,100,101332,100,99940,100
2019-06-28 10:01:00.000000000,100999,186,100723,136,101048,183,100554,183,101111,183,100228,283,101116,100,100097,100,101149,100,100093,100,101162,100,100092,100,101182,100,100062,100,101201,100,99961,100,101326,100,99945,100,101332,100,99940,100
2019-06-28 10:01:10.000000000,100999,352,100723,302,101048,100,100554,100,101111,100,100228,200,101116,100,100097,100,101149,100,100093,100,101162,100,100092,100,101182,100,100062,100,101201,100,99961,100,101326,100,99945,100,101332,100,99940,100
2019-06-28 10:01:17.714416728,100999,352,100988,100,101048,100,100723,302,101111,100,100228,200,101116,100,100097,100,101149,100,100093,100,101162,100,100092,100,101182,100,100062,100,101201,100,99961,100,101326,100,99945,100,101332,100,99940,100
2019-06-28 10:01:18.335280163,100999,252,100988,100,101048,100,100723,302,101111,100,100228,200,101116,100,100097,100,101149,100,100093,100,101162,100,100092,100,101182,100,100062,100,101201,100,99961,100,101326,100,99945,100,101332,100,99940,100
2019-06-28 10:01:20.000000000,101048,150,100988,150,101111,150,100723,100,101116,150,100228,250,101149,150,100097,150,101162,150,100093,150,101182,100,100092,100,101201,100,100062,100,101326,100,99961,100,101332,100,99945,100,101335,100,99940,100
2019-06-28 10:01:30.000000000,101048,226,100988,226,101111,226,100723,176,101116,100,100228,200,101149,100,100097,100,101162,100,100093,100,101182,100,100092,100,101201,100,100062,100,101326,100,99961,100,101332,100,99945,100,101335,100,99940,100
2019-06-28 10:01:40.000000000,101048,352,100988,352,101111,100,100723,50,101116,100,100228,200,101149,100,100097,100,101162,100,100093,100,101182,100,100092,100,101201,100,100062,100,101326,100,99961,100,101332,100,99945,100,101335,100,99940,100
2019-06-28 10:01:50.000000000,101048,226,100988,226,101111,226,100723,176,101116,100,100228,200,101149,100,100097,100,101162,100,100093,100,101182,100,100092,100,101201,100,100062,100,101326,100,99961,100,101332,100,99945,100,101335,100,99940,100
2019-06-28 10:01:50.924007507,101048,226,100988,226,101111,226,100723,176,101116,100,100228,100,101149,100,100097,100,101162,100,100093,100,101182,100,100092,100,101201,100,100062,100,101326,100,99961,100,101332,100,99945,100,101335,100,99940,100
2019-06-28 10:01:53.836600407,101048,126,100988,226,101111,226,100723,176,101116,100,100228,100,101149,100,100097,100,101162,100,100093,100,101201,100,100092,100,101326,100,100062,100,101332,100,99961,100,101335,100,99945,100,101860,100,99940,100
2019-06-28 10:01:58.924204909,101048,126,100988,226,101111,226,100841,100,101116,100,100723,176,101149,100,100228,100,101162,100,100097,100,101201,100,100093,100,101326,100,100092,100,101332,100,100062,100,101335,100,99961,100,101860,100,99945,100
2019-06-28 10:02:00.000000000,101111,163,100988,163,101116,163,100841,163,101149,163,100723,113,101162,163,100228,163,101201,100,100097,100,101326,100,100093,100,101332,100,100092,100,101335,100,100062,100,101860,100,99961,100,101870,100,99945,100
2019-06-28 10:02:02.512390028,101111,163,101066,100,101116,163,100988,163,101149,163,100841,163,101162,163,100723,113,101201,100,100228,163,101326,100,100097,100,101332,100,100093,100,101335,100,100092,100,101860,100,100062,100,101870,100,99961,100
2019-06-28 10:02:10.000000000,101111,352,101066,352,101116,100,100988,100,101149,100,100841,100,101162,100,100723,50,101201,100,100228,100,101326,100,100097,100,101332,100,100093,100,101335,100,100092,100,101860,100,100062,100,101870,100,99961,100
2019-06-28 10:02:14.588787411,101111,352,101066,352,101116,100,100999,100,101149,100,100988,100,101162,100,100841,100,101201,100,100723,50,101326,100,100228,100,101332,100,100097,100,101335,100,100093,100,101860,100,100092,100,101870,100,100062,100
2019-06-28 10:02:15.741036857,101111,352,101066,352,101116,100,100999,100,101149,100,100988,100,101162,100,100841,100,101201,100,100723,50,101232,100,100228,100,101326,100,100097,100,101332,100,100093,100,101335,100,100092,100,101860,100,100062,100
2019-06-28 10:02:20.000000000,101111,150,101066,150,101116,150,100999,150,101149,150,100988,150,101162,150,100841,150,101201,150,100723,100,101232,100,100228,100,101326,100,100097,100,101332,100,100093,100,101335,100,100092,100,101860,100,100062,100
2019-06-28 10:02:30.000000000,101111,226,101066,226,101116,226,100999,226,101149,100,100988,100,101162,100,100841,100,101201,100,100723,50,101232,100,100228,100,101326,100,100097,100,101332,100,100093,100,101335,100,100092,100,101860,100,100062,100
2019-06-28 10:02:32.141697721,101111,226,101066,126,101116,226,100999,226,101149,100,100988,100,101162,100,100841,100,101201,100,100723,50,101232,100,100228,100,101326,100,100097,100,101335,100,100093,100,101860,100,100092,100,101870,100,100062,100
2019-06-28 10:02:40.000000000,101111,352,100999,352,101116,100,100988,100,101149,100,100841,100,101162,100,100723,50,101201,100,100228,100,101232,100,100097,100,101326,100,100093,100,101335,100,100092,100,101860,100,100062,100,101870,100,99961,100
2019-06-28 10:02:45.359891318,101111,352,101030,100,101116,100,100999,352,101149,100,100988,100,101162,100,100841,100,101201,100,100723,50,101326,100,100228,100,101335,100,100097,100,101860,100,100093,100,101870,100,100092,100,101926,100,100062,100
2019-06-28 10:02:50.000000000,101111,352,101030,352,101116,100,100999,100,101149,100,100988,100,101162,100,100841,100,101201,100,100723,50,101326,100,100228,100,101335,100,100097,100,101860,100,100093,100,101870,100,100092,100,101926,100,100062,100
2019-06-28 10:02:51.034220118,101111,352,101036,100,101116,100,101030,352,101149,100,100999,100,101162,100,100988,100,101201,100,100841,100,101326,100,100723,50,101335,100,100228,100,101860,100,100097,100,101870,100,100093,100,101926,100,100092,100
2019-06-28 10:02:52.837706896,101111,352,101036,100,101116,100,101030,352,101149,100,100999,100,101162,100,100988,100,101201,100,100841,100,101326,100,100723,50,101512,100,100228,100,101860,100,100097,100,101870,100,100093,100,101926,100,100092,100
2019-06-28 10:02:56.035520667,101111,352,101036,100,101116,100,101030,352,101149,100,100999,100,101162,100,100988,100,101201,100,100841,100,101296,100,100723,50,101326,100,100228,100,101512,100,100097,100,101860,100,100093,100,101870,100,100092,100
2019-06-28 10:02:58.856888923,101111,252,101036,100,101116,100,101030,352,101149,100,100999,100,101162,100,100988,100,101201,100,100841,100,101296,100,100723,50,101326,100,100228,100,101512,100,100097,100,101860,100,100093,100,101870,100,100092,100
2019-06-28 10:03:00.000000000,101116,226,101036,226,101149,226,101030,226,101162,100,100999,100,101201,100,100988,100,101296,100,100841,100,101326,100,100723,50,101512,100,100228,100,101860,100,100097,100,101870,100,100093,100,101926,100,100092,100
2019-06-28 10:03:04.391802064,101116,226,101036,226,101149,226,101030,226,101162,100,100999,100,101201,100,100988,100,101296,100,100841,100,101326,100,100723,50,101345,100,100228,100,101512,100,100097,100,101860,100,100093,100,101870,100,100092,100
2019-06-28 10:03:07.595672600,101116,126,101036,226,101149,226,101030,226,101162,100,100999,100,101201,100,100988,100,101296,100,100841,100,101326,100,100723,50,101345,100,100228,100,101512,100,100097,100,101860,100,100093,100,101870,100,100092,100
2019-06-28 10:03:10.000000000,101149,186,101036,186,101162,183,101030,183,101201,183,100999,183,101296,100,100988,100,101326,100,100841,100,101345,100,100723,50,101512,100,100228,100,101860,100,100097,100,101870,100,100093,100,101926,100,100092,100
2019-06-28 10:03:17.876853947,101149,86,101036,186,101162,183,101030,183,101186,100,100999,183,101201,183,100988,100,101296,100,100841,100,101326,100,100723,50,101345,100,100228,100,101512,100,100097,100,101860,100,100093,100,101870,100,100092,100
2019-06-28 10:03:20.000000000,101162,186,101036,186,101186,183,101030,183,101201,183,100999,183,101296,100,100988,100,101326,100,100841,100,101345,100,100723,50,101512,100,100228,100,101860,100,100097,100,101870,100,100093,100,101926,100,100092,100
2019-06-28 10:03:30.000000000,101162,352,101036,352,101186,100,101030,100,101201,100,100999,100,101296,100,100988,100,101326,100,100841,100,101345,100,100723,50,101512,100,100228,100,101860,100,100097,100,101870,100,100093,100,101926,100,100092,100
2019-06-28 10:03:40.000000000,101162,226,101036,226,101186,226,101030,226,101201,100,100999,100,101296,100,100988,100,101326,100,100841,100,101345,100,100723,50,101512,100,100228,100,101860,100,100097,100,101870,100,100093,100,101926,100,100092,100
2019-06-28 10:03:42.224489638,101162,126,101036,226,101186,226,101030,226,101201,100,100999,100,101296,100,100988,100,101326,100,100841,100,101345,100,100723,50,101512,100,100228,100,101860,100,100097,100,101870,100,100093,100,101926,100,100092,100
2019-06-28 10:03:50.000000000,101186,163,101036,163,101201,163,101030,163,101296,163,100999,163,101326,163,100988,163,101345,100,100841,100,101512,100,100723,50,101860,100,100228,100,101870,100,100097,100,101926,100,100093,100,102230,100,100092,100
2019-06-28 10:04:00.000000000,101186,186,101036,186,101201,183,101030,183,101296,183,100999,183,101326,100,100988,100,101345,100,100841,100,101512,100,100723,50,101860,100,100228,100,101870,100,100097,100,101926,100,100093,100,102230,100,100092,100
2019-06-28 10:04:10.000000000,101186,150,101036,150,101201,150,101030,150,101296,150,100999,150,101326,150,100988,150,101345,150,100841,150,101512,100,100723,50,101860,100,100228,100,101870,100,100097,100,101926,100,100093,100,102230,100,100092,100
2019-06-28 10:04:13.653750350,101186,150,101036,150,101201,150,101030,150,101296,150,100999,150,101326,150,100988,150,101345,150,100841,150,101512,100,100824,100,101860,100,100723,50,101870,100,100228,100,101926,100,100097,100,102230,100,100093,100
2019-06-28 10:04:17.192736818,101186,150,101036,50,101201,150,101030,150,101296,150,100999,150,101326,150,100988,150,101345,150,100841,150,101512,100,100824,100,101860,100,100723,50,101870,100,100228,100,101926,100,100097,100,102230,100,100093,100
2019-06-28 10:04:20.000000000,101186,352,101030,352,101201,100,100999,100,101296,100,100988,100,101326,100,100841,100,101345,100,100824,100,101512,100,100723,50,101860,100,100228,100,101870,100,100097,100,101926,100,100093,100,102230,100,100092,100
2019-06-28 10:04:28.387758085,101148,100,101030,352,101186,352,100999,100,101201,100,100988,100,101296,100,100841,100,101326,100,100824,100,101345,100,100723,50,101512,100,100228,100,101860,100,100097,100,101870,100,100093,100,101926,100,100092,100
2019-06-28 10:04:30.000000000,101148,226,101030,226,101186,226,100999,226,101201,100,100988,100,101296,100,100841,100,101326,100,100824,100,101345,100,100723,50,101512,100,100228,100,101860,100,100097,100,101870,100,100093,100,101926,100,100092,100
2019-06-28 10:04:40.000000000,101148,352,101030,352,101186,100,100999,100,101201,100,100988,100,101296,100,100841,100,101326,100,100824,100,101345,100,100723,50,101512,100,100228,100,101860,100,100097,100,101870,100,100093,100,101926,100,100092,100
2019-06-28 10:04:50.000000000,101148,352,101030,352,101186,100,100999,100,101201,100,100988,100,101296,100,100841,100,101326,100,100824,100,101345,100,100723,50,101512,100,100228,100,101860,100,100097,100,101870,100,100093,100,101926,100,100092,100
2019-06-28 10:04:56.552611207,101148,352,101030,352,101165,100,100999,100,101186,100,100988,100,101201,100,100841,100,101296,100,100824,100,101326,100,100723,50,101345,100,100228,100,101512,100,100097,100,101860,100,100093,100,101870,100,100092,100
2019-06-28 10:05:00.000000000,101148,163,101030,163,101165,163,100999,163,101186,163,100988,163,101201,163,100841,163,101296,100,100824,100,101326,100,100723,50,101345,100,100228,100,101512,100,100097,100,101860,100,100093,100,101870,100,100092,100
2019-06-28 10:05:10.000000000,101148,150,101030,150,101165,150,100999,150,101186,150,100988,150,101201,150,100841,150,101296,150,100824,150,101326,100,100723,50,101345,100,100228,100,101512,100,100097,100,101860,100,100093,100,101870,100,100092,100
2019-06-28 10:05:15.625576584,101148,150,101030,50,101165,150,100999,150,101186,150,100988,150,101201,150,100841,150,101296,150,100824,150,101326,100,100723,50,101345,100,100228,100,101512,100,100097,100,101860,100,100093,100,101870,100,100092,100
2019-06-28 10:05:20.000000000,101148,186,100999,186,101165,183,100988,183,101186,183,100841,183,101201,100,100824,100,101296,100,100723,50,101326,100,100228,100,101345,100,100097,100,101512,100,100093,100,101860,100,100092,100,101870,100,100062,100
2019-06-28 10:05:25.633663030,101148,186,100999,86,101165,183,100988,183,101186,183,100841,183,101201,100,100824,100,101296,100,100723,50,101326,100,100228,100,101345,100,100097,100,101512,100,100093,100,101860,100,100092,100,101870,100,100062,100
2019-06-28 10:05:30.000000000,101148,352,100988,352,101165,100,100841,100,101186,100,100824,100,101201,100,100723,50,101296,100,100228,100,101326,100,100097,100,101345,100,100093,100,101512,100,100092,100,101860,100,100062,100,101870,100,99961,100
2019-06-28 10:05:34.057775188,101148,352,100988,252,101165,100,100841,100,101186,100,100824,100,101201,100,100723,50,101296,100,100228,100,101326,100,100097,100,101345,100,100093,100,101512,100,100092,100,101860,100,100062,100,101926,100,99961,100
2019-06-28 10:05:40.000000000,101148,226,100841,226,101165,226,100824,226,101186,100,100723,50,101201,100,100228,100,101296,100,100097,100,101326,100,100093,100,101345,100,100092,100,101512,100,100062,100,101860,100,99961,100,101926,100,99945,100
