,ask_price_1,ask_size_1,bid_price_1,bid_size_1,ask_price_2,ask_size_2,bid_price_2,bid_size_2,ask_price_3,ask_size_3,bid_price_3,bid_size_3,ask_price_4,ask_size_4,bid_price_4,bid_size_4,ask_price_5,ask_size_5,bid_price_5,bid_size_5,ask_price_6,ask_size_6,bid_price_6,bid_size_6,ask_price_7,ask_size_7,bid_price_7,bid_size_7,ask_price_8,ask_size_8,bid_price_8,bid_size_8,ask_price_9,ask_size_9,bid_price_9,bid_size_9,ask_price_10,ask_size_10,bid_price_10,bid_size_10
2019-06-28 09:30:00.000000001,,,99961,100,,,,,,,,,,,,,,,,,,,,,,,,,,,,,,,,,,,,
2019-06-28 09:30:00.000000002,,,100026,100,,,99990,100,,,99961,100,,,,,,,,,,,,,,,,,,,,,,,,,,,,
2019-06-28 09:30:00.000000003,,,100069,100,,,99990,100,,,99961,100,,,99923,100,,,,,,,,,,,,,,,,,,,,,,,,
2019-06-28 09:30:00.000000007,,,99990,100,,,99961,100,,,99923,100,,,,,,,,,,,,,,,,,,,,,,,,,,,,
2019-06-28 09:30:00.000000011,100069,100,99990,100,,,99961,100,,,99923,100,,,99800,100,,,,,,,,,,,,,,,,,,,,,,,,
2019-06-28 09:30:00.000000013,100069,100,99990,100,,,99974,100,,,99961,100,,,99923,100,,,99800,100,,,,,,,,,,,,,,,,,,,,
2019-06-28 09:30:00.000000015,100069,100,100026,100,,,99990,100,,,99974,100,,,99961,100,,,99923,100,,,99800,100,,,,,,,,,,,,,,,,
2019-06-28 09:30:00.000000016,100069,100,100026,100,,,100007,100,,,99990,100,,,99974,100,,,99961,100,,,99923,100,,,99800,100,,,,,,,,,,,,
2019-06-28 09:30:00.000000018,100069,100,100026,200,,,100007,100,,,99990,100,,,99974,100,,,99961,100,,,99923,100,,,99800,100,,,,,,,,,,,,
2019-06-28 09:30:00.000000020,100044,100,100026,200,100069,100,100007,100,100137,100,99990,100,,,99974,100,,,99961,100,,,99923,100,,,99800,100,,,,,,,,,,,,
2019-06-28 09:30:00.000000021,100044,100,100026,200,100069,200,100007,100,100137,100,99990,100,,,99974,100,,,99961,100,,,99923,100,,,99800,100,,,,,,,,,,,,
2019-06-28 09:30:00.000000025,100044,100,100026,200,100065,100,100007,100,100069,200,99990,100,100137,100,99974,100,,,99961,100,,,99923,100,,,99800,100,,,,,,,,,,,,
2019-06-28 09:30:00.000000029,100044,100,100026,200,100065,100,100007,100,100069,200,99990,100,100137,100,99974,100,,,99961,100,,,99951,100,,,99923,100,,,99855,100,,,99800,100,,,,
2019-06-28 09:30:00.000000030,100044,100,100026,200,100065,100,100007,100,100069,200,99990,100,100137,100,99974,100,,,99961,100,,,99951,100,,,99927,100,,,99923,100,,,99855,100,,,99800,100
2019-06-28 09:30:00.000000032,100044,100,100026,200,100065,100,100007,100,100069,300,99990,100,100137,100,99974,100,100167,100,99961,100,,,99951,100,,,99927,100,,,99923,100,,,99855,100,,,99800,100
2019-06-28 09:30:00.000000033,100044,100,100026,200,100065,100,100007,100,100069,300,99994,100,100137,100,99990,100,100167,100,99974,100,,,99961,100,,,99951,100,,,99927,100,,,99923,100,,,99855,100
2019-06-28 09:30:00.000000037,100044,100,100026,200,100065,100,100007,100,100069,300,99994,100,100089,100,99990,100,100137,100,99974,100,100167,100,99961,100,,,99951,100,,,99927,100,,,99923,100,,,99855,100
2019-06-28 09:30:00.000000038,100044,100,100026,200,100065,100,100007,100,100069,300,99994,100,100089,100,99990,100,100137,100,99974,100,100167,100,99969,100,,,99961,100,,,99951,100,,,99927,100,,,99923,100
2019-06-28 09:30:00.000000039,100044,100,100026,200,100065,100,100007,100,100069,400,99994,100,100089,100,99990,100,100137,100,99974,100,100167,100,99969,100,,,99961,100,,,99951,100,,,99927,100,,,99923,100
2019-06-28 09:30:00.000000041,100044,100,100026,200,100065,100,100007,100,100069,500,99994,100,100089,100,99990,100,100137,100,99974,100,100167,100,99969,100,,,99961,100,,,99951,100,,,99927,100,,,99923,100
2019-06-28 09:30:00.000000042,100044,100,100026,200,100065,100,100007,100,100069,500,99994,100,100089,100,99990,100,100125,100,99974,100,100137,100,99969,100,100167,100,99961,100,,,99951,100,,,99927,100,,,99923,100
2019-06-28 09:30:00.000000044,100044,100,100026,200,100065,100,100007,100,100069,500,99994,100,100086,100,99990,100,100089,100,99974,100,100125,100,99969,100,100137,100,99961,100,100167,100,99951,100,,,99927,100,,,99923,100
2019-06-28 09:30:00.000000046,100029,100,100026,200,100044,100,100007,100,100065,100,99994,100,100069,500,99990,100,100086,100,99974,100,100089,100,99969,100,100125,100,99961,100,100137,100,99951,100,100167,100,99927,100,,,99923,100
2019-06-28 09:30:00.000000047,100029,100,100026,300,100044,100,100007,100,100065,100,99994,100,100069,500,99990,100,100086,100,99974,100,100089,100,99969,100,100125,100,99961,100,100137,100,99951,100,100167,100,99927,100,,,99923,100
2019-06-28 09:30:00.000000049,100029,100,100026,300,100044,100,100007,100,100065,100,99994,100,100069,500,99990,100,100086,100,99974,100,100089,100,99969,100,100125,100,99961,100,100137,100,99951,100,100147,100,99927,100,100167,100,99923,100
2019-06-28 09:30:00.000000051,100029,100,100026,200,100044,100,100007,100,100065,100,99994,100,100069,500,99990,100,100086,100,99974,100,100089,100,99969,100,100125,100,99961,100,100137,100,99951,100,100147,100,99927,100,100167,100,99923,100
2019-06-28 09:30:00.000000052,100029,100,100026,200,100044,100,100007,100,100065,100,99994,100,100069,500,99990,100,100086,100,99974,100,100089,200,99969,100,100125,100,99961,100,100137,100,99951,100,100147,100,99927,100,100167,100,99923,100
2019-06-28 09:30:00.000000055,100029,100,100026,200,100044,100,100007,100,100065,100,99994,100,100069,500,99990,100,100086,100,99974,100,100089,200,99969,100,100125,100,99961,100,100137,100,99951,100,100147,100,99927,100,100167,100,99923,100
2019-06-28 09:30:00.000000056,100029,100,100026,100,100044,100,100007,100,100065,100,99994,100,100069,500,99990,100,100086,100,99974,100,100089,200,99969,100,100125,100,99961,100,100137,100,99951,100,100147,100,99927,100,100167,100,99923,100
2019-06-28 09:30:00.000000057,100029,100,100007,100,100044,100,99994,100,100065,100,99990,100,100069,500,99974,100,100086,100,99969,100,100089,200,99961,100,100125,100,99951,100,100137,100,99927,100,100147,100,99923,100,100167,100,99905,100
2019-06-28 09:30:00.000000058,100044,100,100007,100,100065,100,99994,100,100069,500,99990,100,100086,100,99974,100,100089,200,99969,100,100125,100,99961,100,100137,100,99951,100,100147,100,99927,100,100167,100,99923,100,,,99905,100
2019-06-28 09:30:00.000000059,100044,100,100007,100,100065,100,99994,100,100069,500,99990,100,100086,100,99974,100,100089,200,99969,100,100125,100,99961,100,100137,100,99951,100,100147,100,99928,100,100167,100,99927,100,,,99923,100
2019-06-28 09:30:00.000000060,100044,100,100030,100,100065,100,100007,100,100069,500,99994,100,100086,100,99990,100,100089,200,99974,100,100125,100,99969,100,100137,100,99961,100,100147,100,99951,100,100167,100,99928,100,,,99927,100
2019-06-28 09:30:00.000000062,100044,100,100007,100,100065,100,99994,100,100069,500,99990,100,100086,100,99974,100,100089,300,99969,100,100125,100,99961,100,100137,100,99951,100,100147,100,99928,100,100167,100,99927,100,,,99923,100
2019-06-28 09:30:00.000000065,100030,100,100007,100,100044,100,99994,100,100065,100,99990,100,100069,500,99974,100,100086,100,99969,100,100089,300,99961,100,100125,100,99951,100,100137,100,99928,100,100147,100,99927,100,100167,100,99923,100
2019-06-28 09:30:00.000000067,100030,200,100007,100,100044,100,99994,100,100065,100,99990,100,100069,500,99974,100,100086,100,99969,100,100089,300,99961,100,100125,100,99951,100,100137,100,99928,100,100147,100,99927,100,100167,100,99923,100
2019-06-28 09:30:00.000000068,100030,200,100007,100,100044,100,99994,100,100065,100,99990,100,100069,500,99974,100,100086,100,99969,100,100089,300,99964,100,100125,100,99961,100,100137,100,99951,100,100147,100,99928,100,100167,100,99927,100
2019-06-28 09:30:00.000000074,100030,200,100021,100,100044,100,100007,100,100054,100,99994,100,100065,100,99990,100,100069,500,99974,100,100086,100,99969,100,100089,300,99964,100,100125,100,99961,100,100137,100,99951,100,100147,100,99928,100
2019-06-28 09:30:00.000000075,100030,200,100007,100,100044,100,99994,100,100054,100,99990,100,100065,100,99974,100,100067,100,99969,100,100069,500,99964,100,100086,100,99961,100,100089,300,99951,100,100125,100,99928,100,100137,100,99927,100
2019-06-28 09:30:00.000000076,100030,200,100007,100,100044,100,99994,100,100054,100,99990,100,100065,100,99974,100,100067,100,99969,100,100069,500,99964,100,100086,100,99961,100,100089,300,99951,100,100125,100,99928,100,100137,100,99927,100
2019-06-28 09:30:00.000000079,100030,200,100007,100,100044,100,99994,100,100054,100,99990,100,100060,100,99974,100,100065,100,99969,100,100067,100,99964,100,100069,500,99961,100,100086,100,99951,100,100089,300,99928,100,100125,100,99927,100
2019-06-28 09:30:00.000000082,100030,200,100007,100,100044,100,99997,100,100054,100,99994,100,100060,100,99990,100,100065,100,99974,100,100067,100,99969,100,100069,500,99964,100,100086,100,99961,100,100089,300,99951,100,100125,100,99928,100
2019-06-28 09:30:00.000000084,100030,200,100007,100,100044,100,99997,100,100054,100,99994,100,100060,100,99990,100,100065,100,99974,100,100067,100,99969,100,100069,500,99964,100,100086,100,99961,100,100089,300,99951,100,100108,100,99928,100
2019-06-28 09:30:00.000000085,100030,200,100007,100,100044,100,99997,100,100054,100,99994,100,100060,100,99990,100,100065,100,99974,100,100067,100,99969,100,100069,500,99964,100,100086,100,99961,100,100089,300,99951,100,100108,100,99928,100
2019-06-28 09:30:00.000000086,100030,200,100007,100,100044,100,99997,100,100054,100,99994,100,100060,100,99990,100,100065,100,99974,100,100067,100,99969,100,100069,500,99964,100,100086,100,99961,100,100089,300,99951,100,100108,100,99948,100
2019-06-28 09:30:00.000000088,100030,200,100007,100,100044,100,99997,100,100054,100,99994,100,100060,100,99990,100,100065,100,99974,100,100067,100,99969,100,100069,500,99964,100,100086,100,99961,100,100089,300,99951,100,100108,100,99948,100
2019-06-28 09:30:00.000000089,100030,200,100007,100,100044,100,99997,100,100054,100,99994,100,100060,100,99990,100,100065,100,99974,100,100067,100,99969,100,100069,500,99964,100,100086,100,99961,100,100089,300,99951,100,100108,100,99948,100
2019-06-28 09:30:00.000000094,100030,200,99997,100,100044,100,99994,100,100054,100,99990,100,100060,100,99974,100,100065,100,99969,100,100067,100,99964,100,100069,500,99961,100,100086,100,99951,100,100089,300,99948,100,100108,100,99931,100
2019-06-28 09:30:00.000000095,100030,200,99994,100,100044,100,99990,100,100054,100,99974,100,100060,100,99969,100,100065,100,99964,100,100067,100,99961,100,100069,500,99951,100,100086,100,99948,100,100089,300,99931,100,100108,100,99928,100
2019-06-28 09:30:00.000000097,100030,200,99994,100,100044,100,99990,100,100054,100,99974,100,100060,100,99969,100,100065,100,99964,100,100067,100,99961,100,100069,500,99951,100,100086,100,99948,100,100089,300,99931,100,100108,100,99928,100
2019-06-28 09:30:07.136197960,100009,100,99994,100,100030,200,99990,100,100044,100,99974,100,100054,100,99969,100,100060,100,99964,100,100065,100,99961,100,100067,100,99951,100,100069,500,99948,100,100086,100,99931,100,100089,300,99928,100
2019-06-28 09:30:08.859337870,99997,100,99994,100,100009,100,99990,100,100030,100,99974,100,100044,100,99969,100,100054,100,99964,100,100060,100,99961,100,100065,100,99951,100,100067,100,99948,100,100069,500,99931,100,100086,100,99928,100
2019-06-28 09:30:10.000000000,99997,156,99994,156,100009,156,99990,156,100030,156,99974,156,100044,156,99969,156,100054,156,99964,156,100060,100,99961,100,100065,100,99951,100,100067,100,99948,100,100069,500,99931,100,100086,100,99928,100
2019-06-28 09:30:20.000000000,99997,170,99994,170,100009,170,99990,170,100030,170,99974,170,100044,170,99969,170,100054,100,99964,100,100060,100,99961,100,100065,100,99951,100,100067,100,99948,100,100069,500,99931,100,100086,100,99928,100
2019-06-28 09:30:27.152496563,99997,270,99994,170,100009,170,99990,170,100030,170,99974,170,100044,170,99969,170,100054,100,99964,100,100060,100,99961,100,100065,100,99951,100,100067,100,99948,100,100069,400,99931,100,100086,100,99928,100
2019-06-28 09:30:30.000000000,99997,341,99994,241,100009,241,99990,241,100030,100,99974,100,100044,100,99969,100,100054,100,99964,100,100060,100,99961,100,100065,100,99951,100,100067,100,99948,100,100069,400,99931,100,100086,100,99928,100
2019-06-28 09:30:40.000000000,99997,256,99994,156,100009,156,99990,156,100030,156,99974,156,100044,156,99969,156,100054,156,99964,156,100060,100,99961,100,100065,100,99951,100,100067,100,99948,100,100069,400,99931,100,100086,100,99928,100
2019-06-28 09:30:49.438668120,99997,256,99994,56,100009,156,99990,156,100030,156,99974,156,100044,156,99969,156,100054,156,99964,156,100060,100,99961,100,100065,100,99951,100,100067,100,99948,100,100069,400,99931,100,100086,100,99928,100
2019-06-28 09:30:50.000000000,99997,482,99990,382,100009,100,99974,100,100030,100,99969,100,100044,100,99964,100,100054,100,99961,100,100060,100,99951,100,100065,100,99948,100,100067,100,99931,100,100069,400,99928,100,100086,100,99927,100
2019-06-28 09:31:00.000000000,99997,296,99990,196,100009,193,99974,193,100030,193,99969,193,100044,100,99964,100,100054,100,99961,100,100060,100,99951,100,100065,100,99948,100,100067,100,99931,100,100069,400,99928,100,100086,100,99927,100
2019-06-28 09:31:01.856328391,99997,296,99990,96,100009,193,99974,193,100030,193,99969,193,100044,100,99964,100,100054,100,99961,100,100060,100,99951,100,100065,100,99948,100,100067,100,99931,100,100069,400,99928,100,100086,100,99927,100
2019-06-28 09:31:10.000000000,99997,256,99974,156,100009,156,99969,156,100030,156,99964,156,100044,156,99961,156,100054,156,99951,156,100060,100,99948,100,100065,100,99931,100,100067,100,99928,100,100069,400,99927,100,100086,100,99923,100
2019-06-28 09:31:20.000000000,99997,296,99974,196,100009,193,99969,193,100030,193,99964,193,100044,100,99961,100,100054,100,99951,100,100060,100,99948,100,100065,100,99931,100,100067,100,99928,100,100069,400,99927,100,100086,100,99923,100
2019-06-28 09:31:30.000000000,99997,341,99974,241,100009,241,99969,241,100030,100,99964,100,100044,100,99961,100,100054,100,99951,100,100060,100,99948,100,100065,100,99931,100,100067,100,99928,100,100069,400,99927,100,100086,100,99923,100
2019-06-28 09:31:40.000000000,99997,256,99974,156,100009,156,99969,156,100030,156,99964,156,100044,156,99961,156,100054,156,99951,156,100060,100,99948,100,100065,100,99931,100,100067,100,99928,100,100069,400,99927,100,100086,100,99923,100
2019-06-28 09:31:50.000000000,99997,256,99974,156,100009,156,99969,156,100030,156,99964,156,100044,156,99961,156,100054,156,99951,156,100060,100,99948,100,100065,100,99931,100,100067,100,99928,100,100069,400,99927,100,100086,100,99923,100
2019-06-28 09:32:00.000000000,99997,270,99974,170,100009,170,99969,170,100030,170,99964,170,100044,170,99961,170,100054,100,99951,100,100060,100,99948,100,100065,100,99931,100,100067,100,99928,100,100069,400,99927,100,100086,100,99923,100
2019-06-28 09:32:10.000000000,99997,270,99974,170,100009,170,99969,170,100030,170,99964,170,100044,170,99961,170,100054,100,99951,100,100060,100,99948,100,100065,100,99931,100,100067,100,99928,100,100069,400,99927,100,100086,100,99923,100
2019-06-28 09:32:12.670774270,99997,270,99974,170,100009,170,99969,170,100030,170,99964,170,100044,170,99961,170,100054,100,99951,100,100060,100,99948,100,100065,100,99931,100,100067,100,99928,100,100069,400,99927,100,100086,100,99923,100
2019-06-28 09:32:20.000000000,99997,482,99974,382,100009,100,99969,100,100030,100,99964,100,100044,100,99961,100,100054,100,99951,100,100060,100,99948,100,100065,100,99931,100,100067,100,99928,100,100069,400,99927,100,100086,100,99923,100
2019-06-28 09:32:21.929606227,99987,100,99974,382,99997,482,99969,100,100009,100,99964,100,100030,100,99961,100,100044,100,99951,100,100060,100,99948,100,100065,100,99931,100,100067,100,99928,100,100069,400,99927,100,100086,100,99923,100
2019-06-28 09:32:30.000000000,99987,156,99974,156,99997,256,99969,156,100009,156,99964,156,100030,156,99961,156,100044,156,99951,156,100060,100,99948,100,100065,100,99931,100,100067,100,99928,100,100069,400,99927,100,100086,100,99923,100
2019-06-28 09:32:34.594177532,99986,100,99974,156,99987,156,99969,156,99997,256,99964,156,100009,156,99961,156,100030,156,99951,156,100044,156,99948,100,100065,100,99931,100,100067,100,99928,100,100069,400,99927,100,100086,100,99923,100
2019-06-28 09:32:40.000000000,99986,382,99974,382,99987,100,99969,100,99997,200,99964,100,100009,100,99961,100,100030,100,99951,100,100044,100,99948,100,100065,100,99931,100,100067,100,99928,100,100069,400,99927,100,100086,100,99923,100
2019-06-28 09:32:50.000000000,99986,170,99974,170,99987,170,99969,170,99997,270,99964,170,100009,170,99961,170,100030,100,99951,100,100044,100,99948,100,100065,100,99931,100,100067,100,99928,100,100069,400,99927,100,100086,100,99923,100
2019-06-28 09:33:00.000000000,99986,382,99974,382,99987,100,99969,100,99997,200,99964,100,100009,100,99961,100,100030,100,99951,100,100044,100,99948,100,100065,100,99931,100,100067,100,99928,100,100069,400,99927,100,100086,100,99923,100
2019-06-28 09:33:09.432627482,99986,382,99974,382,99987,100,99969,100,99997,200,99964,100,100009,100,99961,100,100030,100,99951,100,100044,100,99948,100,100065,100,99931,100,100067,100,99928,100,100069,400,99927,100,100086,100,99923,100
2019-06-28 09:33:10.000000000,99986,196,99974,196,99987,193,99969,193,99997,293,99964,193,100009,100,99961,100,100030,100,99951,100,100044,100,99948,100,100065,100,99931,100,100067,100,99928,100,100069,400,99927,100,100086,100,99923,100
2019-06-28 09:33:20.000000000,99986,196,99974,196,99987,193,99969,193,99997,293,99964,193,100009,100,99961,100,100030,100,99951,100,100044,100,99948,100,100065,100,99931,100,100067,100,99928,100,100069,400,99927,100,100086,100,99923,100
2019-06-28 09:33:30.000000000,99986,170,99974,170,99987,170,99969,170,99997,270,99964,170,100009,170,99961,170,100030,100,99951,100,100044,100,99948,100,100065,100,99931,100,100067,100,99928,100,100069,400,99927,100,100086,100,99923,100
2019-06-28 09:33:40.000000000,99986,170,99974,170,99987,170,99969,170,99997,270,99964,170,100009,170,99961,170,100030,100,99951,100,100044,100,99948,100,100065,100,99931,100,100067,100,99928,100,100069,400,99927,100,100086,100,99923,100
2019-06-28 09:33:50.000000000,99986,196,99974,196,99987,193,99969,193,99997,293,99964,193,100009,100,99961,100,100030,100,99951,100,100044,100,99948,100,100065,100,99931,100,100067,100,99928,100,100069,400,99927,100,100086,100,99923,100
2019-06-28 09:33:54.063634911,99986,96,99974,196,99987,193,99969,193,99997,293,99964,193,100009,100,99961,100,100030,100,99951,100,100044,100,99948,100,100065,100,99931,100,100067,100,99928,100,100069,400,99927,100,100086,100,99923,100
2019-06-28 09:33:54.374846366,99986,96,99974,196,99987,193,99969,193,99997,293,99964,193,100009,100,99961,100,100030,100,99951,100,100044,100,99948,100,100065,100,99931,100,100067,100,99928,100,100069,400,99927,100,100086,100,99923,100
2019-06-28 09:34:00.000000000,99987,156,99974,156,99997,256,99969,156,100009,156,99964,156,100030,156,99961,156,100044,156,99951,156,100065,100,99948,100,100067,100,99931,100,100069,400,99928,100,100086,100,99927,100,100089,300,99923,100
2019-06-28 09:34:10.000000000,99987,196,99974,196,99997,293,99969,193,100009,193,99964,193,100030,100,99961,100,100044,100,99951,100,100065,100,99948,100,100067,100,99931,100,100069,400,99928,100,100086,100,99927,100,100089,300,99923,100
2019-06-28 09:34:13.092284330,99987,96,99974,196,99997,293,99969,193,100009,193,99964,193,100030,100,99961,100,100044,100,99951,100,100065,100,99948,100,100067,100,99931,100,100069,400,99928,100,100086,100,99927,100,100089,300,99923,100
2019-06-28 09:34:20.000000000,99997,341,99974,241,100009,241,99969,241,100030,100,99964,100,100044,100,99961,100,100065,100,99951,100,100067,100,99948,100,100069,400,99931,100,100086,100,99928,100,100089,300,99927,100,100108,100,99923,100
2019-06-28 09:34:26.925983824,99997,341,99974,241,100009,241,99969,241,100030,100,99964,100,100044,100,99961,100,100065,100,99951,100,100067,100,99948,100,100069,400,99931,100,100086,100,99928,100,100089,300,99927,100,100108,100,99923,100
2019-06-28 09:34:30.000000000,99997,270,99974,170,100009,170,99969,170,100030,170,99964,170,100044,170,99961,170,100065,100,99951,100,100067,100,99948,100,100069,400,99931,100,100086,100,99928,100,100089,300,99927,100,100108,100,99923,100
2019-06-28 09:34:40.000000000,99997,482,99974,382,100009,100,99969,100,100030,100,99964,100,100044,100,99961,100,100065,100,99951,100,100067,100,99948,100,100069,400,99931,100,100086,100,99928,100,100089,300,99927,100,100108,100,99923,100
2019-06-28 09:34:50.000000000,99997,296,99974,196,100009,193,99969,193,100030,193,99964,193,100044,100,99961,100,100065,100,99951,100,100067,100,99948,100,100069,400,99931,100,100086,100,99928,100,100089,300,99927,100,100108,100,99923,100
2019-06-28 09:34:55.183494617,99997,296,99974,196,100009,193,99969,193,100030,293,99964,193,100044,100,99961,100,100065,100,99951,100,100067,100,99948,100,100069,400,99931,100,100086,100,99928,100,100089,300,99927,100,100108,100,99923,100
2019-06-28 09:35:00.000000000,99997,256,99974,156,100009,156,99969,156,100030,256,99964,156,100044,156,99961,156,100065,156,99951,156,100067,100,99948,100,100069,400,99931,100,100086,100,99928,100,100089,300,99927,100,100108,100,99923,100
2019-06-28 09:35:10.000000000,99997,296,99974,196,100009,193,99969,193,100030,293,99964,193,100044,100,99961,100,100065,100,99951,100,100067,100,99948,100,100069,400,99931,100,100086,100,99928,100,100089,300,99927,100,100108,100,99923,100
2019-06-28 09:35:20.000000000,99997,341,99974,241,100009,241,99969,241,100030,200,99964,100,100044,100,99961,100,100065,100,99951,100,100067,100,99948,100,100069,400,99931,100,100086,100,99928,100,100089,300,99927,100,100108,100,99923,100
2019-06-28 09:35:24.403877667,99997,241,99974,241,100009,241,99969,241,100030,200,99964,100,100065,100,99961,100,100067,100,99951,100,100069,400,99948,100,100086,100,99931,100,100089,300,99928,100,100108,100,99927,100,100125,100,99923,100
2019-06-28 09:35:28.028387634,99997,141,99974,241,100009,241,99969,241,100030,200,99964,100,100065,100,99961,100,100067,100,99951,100,100069,400,99948,100,100086,100,99928,100,100089,300,99927,100,100108,100,99923,100,100125,100,99905,100
2019-06-28 09:35:30.000000000,100009,382,99974,382,100030,200,99969,100,100065,100,99964,100,100067,100,99961,100,100069,400,99951,100,100086,100,99948,100,100089,300,99928,100,100108,100,99927,100,100125,100,99923,100,100137,100,99905,100
2019-06-28 09:35:35.630069366,100009,382,99997,100,100030,200,99974,382,100065,100,99969,100,100067,100,99964,100,100069,400,99961,100,100086,100,99951,100,100089,300,99948,100,100108,100,99928,100,100125,100,99927,100,100137,100,99923,100
2019-06-28 09:35:40.000000000,100009,196,99997,196,100030,293,99974,193,100065,193,99969,193,100067,100,99964,100,100069,400,99961,100,100086,100,99951,100,100089,300,99948,100,100108,100,99928,100,100125,100,99927,100,100137,100,99923,100
2019-06-28 09:35:50.000000000,100009,156,99997,156,100030,256,99974,156,100065,156,99969,156,100067,156,99964,156,100069,456,99961,156,100086,100,99951,100,100089,300,99948,100,100108,100,99928,100,100125,100,99927,100,100137,100,99923,100
2019-06-28 09:35:52.026266909,100009,156,99997,156,100030,256,99974,156,100065,156,99969,156,100067,156,99964,156,100069,456,99961,156,100086,100,99951,100,100089,300,99948,100,100108,100,99928,100,100125,100,99927,100,100137,100,99923,100
2019-06-28 09:36:00.000000000,100009,196,99997,196,100030,293,99974,193,100065,193,99969,193,100067,100,99964,100,100069,400,99961,100,100086,100,99951,100,100089,300,99948,100,100108,100,99928,100,100125,100,99927,100,100137,100,99923,100
2019-06-28 09:36:10.000000000,100009,241,99997,241,100030,341,99974,241,100065,100,99969,100,100067,100,99964,100,100069,400,99961,100,100086,100,99951,100,100089,300,99948,100,100108,100,99928,100,100125,100,99927,100,100137,100,99923,100
2019-06-28 09:36:20.000000000,100009,156,99997,156,100030,256,99974,156,100065,156,99969,156,100067,156,99964,156,100069,456,99961,156,100086,100,99951,100,100089,300,99948,100,100108,100,99928,100,100125,100,99927,100,100137,100,99923,100
2019-06-28 09:36:30.000000000,100009,170,99997,170,100030,270,99974,170,100065,170,99969,170,100067,170,99964,170,100069,400,99961,100,100086,100,99951,100,100089,300,99948,100,100108,100,99928,100,100125,100,99927,100,100137,100,99923,100
2019-06-28 09:36:30.002983672,100009,170,99997,170,100030,270,99974,170,100065,170,99969,170,100067,170,99964,170,100069,400,99951,100,100086,100,99948,100,100089,300,99928,100,100108,100,99927,100,100125,100,99923,100,100137,100,99905,100
2019-06-28 09:36:40.000000000,100009,241,99997,241,100030,341,99974,241,100065,100,99969,100,100067,100,99964,100,100069,400,99951,100,100086,100,99948,100,100089,300,99928,100,100108,100,99927,100,100125,100,99923,100,100137,100,99905,100
2019-06-28 09:36:50.000000000,100009,382,99997,382,100030,200,99974,100,100065,100,99969,100,100067,100,99964,100,100069,400,99951,100,100086,100,99948,100,100089,300,99928,100,100108,100,99927,100,100125,100,99923,100,100137,100,99905,100
2019-06-28 09:36:54.734188623,100009,382,99997,382,100030,200,99974,100,100065,100,99969,100,100067,100,99964,100,100069,400,99951,100,100086,100,99948,100,100089,300,99928,100,100108,100,99927,100,100125,100,99923,100,100137,100,99905,100
2019-06-28 09:37:00.000000000,100009,156,99997,156,100030,256,99974,156,100065,156,99969,156,100067,156,99964,156,100069,456,99951,156,100086,100,99948,100,100089,300,99928,100,100108,100,99927,100,100125,100,99923,100,100137,100,99905,100
2019-06-28 09:37:02.957929448,100009,156,99997,256,100030,256,99974,156,100065,156,99969,156,100067,156,99964,156,100069,456,99951,156,100086,100,99948,100,100089,300,99928,100,100108,100,99927,100,100125,100,99923,100,100137,100,99905,100
2019-06-28 09:37:10.000000000,100009,196,99997,296,100030,293,99974,193,100065,193,99969,193,100067,100,99964,100,100069,400,99951,100,100086,100,99948,100,100089,300,99928,100,100108,100,99927,100,100125,100,99923,100,100137,100,99905,100
2019-06-28 09:37:13.190795891,100009,96,99997,296,100030,293,99974,193,100065,193,99969,193,100067,100,99964,100,100069,400,99951,100,100086,100,99948,100,100089,300,99928,100,100108,100,99927,100,100125,100,99923,100,100137,100,99905,100
2019-06-28 09:37:20.000000000,100030,482,99997,482,100065,100,99974,100,100067,100,99969,100,100069,400,99964,100,100086,100,99951,100,100089,300,99948,100,100108,100,99928,100,100125,100,99927,100,100137,100,99923,100,100147,100,99905,100
2019-06-28 09:37:30.000000000,100030,296,99997,296,100065,193,99974,193,100067,193,99969,193,100069,400,99964,100,100086,100,99951,100,100089,300,99948,100,100108,100,99928,100,100125,100,99927,100,100137,100,99923,100,100147,100,99905,100
2019-06-28 09:37:34.996161302,100030,296,99997,396,100065,193,99974,193,100067,193,99969,193,100069,400,99964,100,100086,100,99951,100,100089,300,99948,100,100108,100,99928,100,100125,100,99927,100,100137,100,99923,100,100147,100,99905,100
2019-06-28 09:37:40.000000000,100030,482,99997,582,100065,100,99974,100,100067,100,99969,100,100069,400,99964,100,100086,100,99951,100,100089,300,99948,100,100108,100,99928,100,100125,100,99927,100,100137,100,99923,100,100147,100,99905,100
2019-06-28 09:37:50.000000000,100030,296,99997,396,100065,193,99974,193,100067,193,99969,193,100069,400,99964,100,100086,100,99951,100,100089,300,99948,100,100108,100,99928,100,100125,100,99927,100,100137,100,99923,100,100147,100,99905,100
2019-06-28 09:38:00.000000000,100030,296,99997,396,100065,193,99974,193,100067,193,99969,193,100069,400,99964,100,100086,100,99951,100,100089,300,99948,100,100108,100,99928,100,100125,100,99927,100,100137,100,99923,100,100147,100,99905,100
2019-06-28 09:38:10.000000000,100030,482,99997,582,100065,100,99974,100,100067,100,99969,100,100069,400,99964,100,100086,100,99951,100,100089,300,99948,100,100108,100,99928,100,100125,100,99927,100,100137,100,99923,100,100147,100,99905,100
2019-06-28 09:38:14.942775758,100030,382,99997,582,100065,100,99974,100,100067,100,99969,100,100069,400,99964,100,100086,100,99951,100,100089,300,99948,100,100108,100,99928,100,100125,100,99927,100,100137,100,99923,100,100147,100,99905,100
2019-06-28 09:38:20.000000000,100030,241,99997,441,100065,241,99974,241,100067,100,99969,100,100069,400,99964,100,100086,100,99951,100,100089,300,99948,100,100108,100,99928,100,100125,100,99927,100,100137,100,99923,100,100147,100,99905,100
2019-06-28 09:38:30.000000000,100030,382,99997,582,100065,100,99974,100,100067,100,99969,100,100069,400,99964,100,100086,100,99951,100,100089,300,99948,100,100108,100,99928,100,100125,100,99927,100,100137,100,99923,100,100147,100,99905,100
2019-06-28 09:38:35.868263896,100030,382,99997,582,100065,100,99974,100,100067,100,99969,100,100069,400,99964,100,100086,100,99951,100,100089,300,99948,100,100108,100,99928,100,100125,100,99927,100,100137,100,99923,100,100147,100,99905,100
2019-06-28 09:38:40.000000000,100030,382,99997,582,100065,100,99974,100,100067,100,99969,100,100069,400,99964,100,100086,100,99951,100,100089,300,99948,100,100108,100,99928,100,100125,100,99927,100,100137,100,99923,100,100147,100,99905,100
2019-06-28 09:38:50.000000000,100030,170,99997,370,100065,170,99974,170,100067,170,99969,170,100069,470,99964,170,100086,100,99951,100,100089,300,99948,100,100108,100,99928,100,100125,100,99927,100,100137,100,99923,100,100147,100,99905,100
2019-06-28 09:39:00.000000000,100030,196,99997,396,100065,193,99974,193,100067,193,99969,193,100069,400,99964,100,100086,100,99951,100,100089,300,99948,100,100108,100,99928,100,100125,100,99927,100,100137,100,99923,100,100147,100,99905,100
2019-06-28 09:39:10.000000000,100030,156,99997,356,100065,156,99974,156,100067,156,99969,156,100069,456,99964,156,100086,156,99951,156,100089,300,99948,100,100108,100,99928,100,100125,100,99927,100,100137,100,99923,100,100147,100,99905,100
2019-06-28 09:39:20.000000000,100030,170,99997,370,100065,170,99974,170,100067,170,99969,170,100069,470,99964,170,100086,100,99951,100,100089,300,99948,100,100108,100,99928,100,100125,100,99927,100,100137,100,99923,100,100147,100,99905,100
2019-06-28 09:39:30.000000000,100030,170,99997,370,100065,170,99974,170,100067,170,99969,170,100069,470,99964,170,100086,100,99951,100,100089,300,99948,100,100108,100,99928,100,100125,100,99927,100,100137,100,99923,100,100147,100,99905,100
2019-06-28 09:39:40.000000000,100030,156,99997,356,100065,156,99974,156,100067,156,99969,156,100069,456,99964,156,100086,156,99951,156,100089,300,99948,100,100108,100,99928,100,100125,100,99927,100,100137,100,99923,100,100147,100,99905,100
2019-06-28 09:39:50.000000000,100030,170,99997,370,100065,170,99974,170,100067,170,99969,170,100069,470,99964,170,100086,100,99951,100,100089,300,99948,100,100108,100,99928,100,100125,100,99927,100,100137,100,99923,100,100147,100,99905,100
2019-06-28 09:40:00.000000000,100030,241,99997,441,100065,241,99974,241,100067,100,99969,100,100069,400,99964,100,100086,100,99951,100,100089,300,99948,100,100108,100,99928,100,100125,100,99927,100,100137,100,99923,100,100147,100,99905,100
2019-06-28 09:40:10.000000000,100030,156,99997,356,100065,156,99974,156,100067,156,99969,156,100069,456,99964,156,100086,156,99951,156,100089,300,99948,100,100108,100,99928,100,100125,100,99927,100,100137,100,99923,100,100147,100,99905,100
2019-06-28 09:40:11.387522968,100065,156,100030,44,100067,156,99997,356,100069,456,99974,156,100086,156,99969,156,100089,300,99964,156,100108,100,99951,156,100125,100,99948,100,100137,100,99928,100,100147,100,99927,100,100167,100,99923,100
2019-06-28 09:40:20.000000000,100065,156,100030,100,100067,156,99997,356,100069,456,99974,156,100086,156,99969,156,100089,356,99964,156,100108,100,99951,100,100125,100,99948,100,100137,100,99928,100,100147,100,99927,100,100167,100,99923,100
2019-06-28 09:40:30.000000000,100065,170,100030,114,100067,170,99997,370,100069,470,99974,170,100086,170,99969,170,100089,300,99964,100,100108,100,99951,100,100125,100,99948,100,100137,100,99928,100,100147,100,99927,100,100167,100,99923,100
2019-06-28 09:40:40.000000000,100065,170,100030,114,100067,170,99997,370,100069,470,99974,170,100086,170,99969,170,100089,300,99964,100,100108,100,99951,100,100125,100,99948,100,100137,100,99928,100,100147,100,99927,100,100167,100,99923,100
2019-06-28 09:40:50.000000000,100065,241,100030,185,100067,241,99997,441,100069,400,99974,100,100086,100,99969,100,100089,300,99964,100,100108,100,99951,100,100125,100,99948,100,100137,100,99928,100,100147,100,99927,100,100167,100,99923,100
2019-06-28 09:40:55.294517033,100065,241,100030,85,100067,241,99997,441,100069,400,99974,100,100086,100,99969,100,100089,300,99964,100,100108,100,99948,100,100125,100,99928,100,100137,100,99927,100,100147,100,99923,100,100167,100,99905,100
2019-06-28 09:41:00.000000000,100065,196,99997,396,100067,193,99974,193,100069,493,99969,193,100086,100,99964,100,100089,300,99948,100,100108,100,99928,100,100125,100,99927,100,100137,100,99923,100,100147,100,99905,100,100167,100,99898,100
2019-06-28 09:41:10.000000000,100065,196,99997,396,100067,193,99974,193,100069,493,99969,193,100086,100,99964,100,100089,300,99948,100,100108,100,99928,100,100125,100,99927,100,100137,100,99923,100,100147,100,99905,100,100167,100,99898,100
2019-06-28 09:41:13.741234503,100065,196,99997,396,100067,193,99974,193,100069,493,99969,193,100086,100,99964,100,100089,300,99948,100,100108,100,99928,100,100125,100,99927,100,100137,100,99923,100,100147,100,99905,100,100167,100,99898,100
2019-06-28 09:41:20.000000000,100065,156,99997,356,100067,156,99974,156,100069,456,99969,156,100086,156,99964,156,100089,356,99948,156,100108,100,99928,100,100125,100,99927,100,100137,100,99923,100,100147,100,99905,100,100167,100,99898,100
2019-06-28 09:41:22.914535029,100065,156,99997,256,100067,156,99974,156,100069,456,99969,156,100086,156,99964,156,100089,356,99948,156,100108,100,99928,100,100125,100,99927,100,100137,100,99923,100,100147,100,99905,100,100167,100,99898,100
2019-06-28 09:41:30.000000000,100065,241,99997,341,100067,241,99974,241,100069,400,99969,100,100086,100,99964,100,100089,300,99948,100,100108,100,99928,100,100125,100,99927,100,100137,100,99923,100,100147,100,99905,100,100167,100,99898,100
2019-06-28 09:41:40.000000000,100065,196,99997,296,100067,193,99974,193,100069,493,99969,193,100086,100,99964,100,100089,300,99948,100,100108,100,99928,100,100125,100,99927,100,100137,100,99923,100,100147,100,99905,100,100167,100,99898,100
2019-06-28 09:41:50.000000000,100065,241,99997,341,100067,241,99974,241,100069,400,99969,100,100086,100,99964,100,100089,300,99948,100,100108,100,99928,100,100125,100,99927,100,100137,100,99923,100,100147,100,99905,100,100167,100,99898,100
2019-06-28 09:41:59.416029206,100065,241,99997,341,100067,241,99974,241,100069,400,99969,100,100086,100,99964,100,100089,300,99948,100,100108,100,99928,100,100125,100,99927,100,100147,100,99923,100,100167,100,99905,100,100175,100,99898,100
2019-06-28 09:42:00.000000000,100065,170,99997,270,100067,170,99974,170,100069,470,99969,170,100086,170,99964,170,100089,300,99948,100,100108,100,99928,100,100125,100,99927,100,100147,100,99923,100,100167,100,99905,100,100175,100,99898,100
2019-06-28 09:42:10.000000000,100065,241,99997,341,100067,241,99974,241,100069,400,99969,100,100086,100,99964,100,100089,300,99948,100,100108,100,99928,100,100125,100,99927,100,100147,100,99923,100,100167,100,99905,100,100175,100,99898,100
2019-06-28 09:42:14.818985862,100065,241,99997,341,100067,241,99974,241,100069,400,99969,100,100086,100,99964,100,100089,300,99948,100,100108,100,99928,100,100125,100,99927,100,100147,100,99923,100,100167,100,99905,100,100175,100,99898,100
2019-06-28 09:42:19.631425204,100065,241,99997,341,100067,241,99974,241,100069,400,99969,100,100086,100,99964,100,100089,300,99948,100,100108,100,99928,100,100125,100,99927,100,100147,100,99923,100,100167,100,99905,100,100175,100,99898,100
2019-06-28 09:42:20.000000000,100065,241,99997,341,100067,241,99974,241,100069,400,99969,100,100086,100,99964,100,100089,300,99948,100,100108,100,99928,100,100125,100,99927,100,100147,100,99923,100,100167,100,99905,100,100175,100,99898,100
2019-06-28 09:42:20.176060982,100065,141,99997,341,100067,241,99974,241,100069,400,99969,100,100086,100,99964,100,100089,300,99948,100,100108,100,99928,100,100125,100,99927,100,100147,100,99923,100,100167,100,99905,100,100310,100,99898,100
2019-06-28 09:42:30.000000000,100067,196,99997,296,100069,493,99974,193,100086,193,99969,193,100089,300,99964,100,100108,100,99948,100,100125,100,99928,100,100147,100,99927,100,100167,100,99923,100,100310,100,99905,100,100465,100,99898,100
2019-06-28 09:42:40.000000000,100067,241,99997,341,100069,541,99974,241,100086,100,99969,100,100089,300,99964,100,100108,100,99948,100,100125,100,99928,100,100147,100,99927,100,100167,100,99923,100,100310,100,99905,100,100465,100,99898,100
2019-06-28 09:42:50.000000000,100067,241,99997,341,100069,541,99974,241,100086,100,99969,100,100089,300,99964,100,100108,100,99948,100,100125,100,99928,100,100147,100,99927,100,100167,100,99923,100,100310,100,99905,100,100465,100,99898,100
2019-06-28 09:42:56.367383715,100067,241,99998,100,100069,541,99997,341,100086,100,99974,241,100089,300,99969,100,100108,100,99964,100,100125,100,99948,100,100147,100,99928,100,100167,100,99927,100,100310,100,99923,100,100465,100,99905,100
2019-06-28 09:43:00.000000000,100067,196,99998,196,100069,493,99997,293,100086,193,99974,193,100089,300,99969,100,100108,100,99964,100,100125,100,99948,100,100147,100,99928,100,100167,100,99927,100,100310,100,99923,100,100465,100,99905,100
2019-06-28 09:43:06.165120320,100067,196,99998,196,100069,493,99997,193,100086,193,99974,193,100089,300,99969,100,100108,100,99964,100,100125,100,99948,100,100147,100,99928,100,100167,100,99927,100,100310,100,99923,100,100465,100,99905,100
2019-06-28 09:43:10.000000000,100067,196,99998,196,100069,493,99997,193,100086,193,99974,193,100089,300,99969,100,100108,100,99964,100,100125,100,99948,100,100147,100,99928,100,100167,100,99927,100,100310,100,99923,100,100465,100,99905,100
2019-06-28 09:43:20.000000000,100067,196,99998,196,100069,493,99997,193,100086,193,99974,193,100089,300,99969,100,100108,100,99964,100,100125,100,99948,100,100147,100,99928,100,100167,100,99927,100,100310,100,99923,100,100465,100,99905,100
2019-06-28 09:43:24.488655715,100067,96,99998,196,100069,493,99997,193,100086,193,99974,193,100089,300,99969,100,100108,100,99964,100,100125,100,99948,100,100147,100,99928,100,100167,100,99927,100,100310,100,99923,100,100465,100,99905,100
2019-06-28 09:43:27.056358791,100067,96,99998,196,100069,493,99997,193,100086,193,99974,193,100089,300,99969,100,100108,100,99964,100,100125,100,99948,100,100132,100,99927,100,100147,100,99923,100,100167,100,99905,100,100310,100,99898,100
2019-06-28 09:43:30.000000000,100069,456,99998,156,100086,156,99997,156,100089,356,99974,156,100108,156,99969,156,100125,156,99964,156,100132,100,99948,100,100147,100,99927,100,100167,100,99923,100,100310,100,99905,100,100465,100,99898,100
2019-06-28 09:43:40.000000000,100069,682,99998,382,100086,100,99997,100,100089,300,99974,100,100108,100,99969,100,100125,100,99964,100,100132,100,99948,100,100147,100,99927,100,100167,100,99923,100,100310,100,99905,100,100465,100,99898,100
2019-06-28 09:43:46.947348414,100069,682,99998,382,100086,100,99997,100,100089,300,99974,100,100108,100,99969,100,100113,100,99964,100,100125,100,99948,100,100132,100,99927,100,100147,100,99923,100,100167,100,99905,100,100310,100,99898,100
2019-06-28 09:43:48.856776139,100069,682,100042,100,100086,100,99998,382,100089,300,99997,100,100108,100,99969,100,100113,100,99964,100,100125,100,99948,100,100132,100,99927,100,100147,100,99923,100,100167,100,99905,100,100310,100,99898,100
2019-06-28 09:43:50.000000000,100069,456,100042,156,100086,156,99998,156,100089,356,99997,156,100108,156,99969,156,100113,156,99964,156,100125,100,99948,100,100132,100,99927,100,100147,100,99923,100,100167,100,99905,100,100310,100,99898,100
2019-06-28 09:44:00.000000000,100069,682,100042,382,100086,100,99998,100,100089,300,99997,100,100108,100,99969,100,100113,100,99964,100,100125,100,99948,100,100132,100,99927,100,100147,100,99923,100,100167,100,99905,100,100310,100,99898,100
2019-06-28 09:44:10.000000000,100069,470,100042,170,100086,170,99998,170,100089,370,99997,170,100108,170,99969,170,100113,100,99964,100,100125,100,99948,100,100132,100,99927,100,100147,100,99923,100,100167,100,99905,100,100310,100,99898,100
2019-06-28 09:44:20.000000000,100069,682,100042,382,100086,100,99998,100,100089,300,99997,100,100108,100,99969,100,100113,100,99964,100,100125,100,99948,100,100132,100,99927,100,100147,100,99923,100,100167,100,99905,100,100310,100,99898,100
2019-06-28 09:44:30.000000000,100069,496,100042,196,100086,193,99998,193,100089,393,99997,193,100108,100,99969,100,100113,100,99964,100,100125,100,99948,100,100132,100,99927,100,100147,100,99923,100,100167,100,99905,100,100310,100,99898,100
2019-06-28 09:44:40.000000000,100069,541,100042,241,100086,241,99998,241,100089,300,99997,100,100108,100,99969,100,100113,100,99964,100,100125,100,99948,100,100132,100,99927,100,100147,100,99923,100,100167,100,99905,100,100310,100,99898,100
2019-06-28 09:44:50.000000000,100069,456,100042,156,100086,156,99998,156,100089,356,99997,156,100108,156,99969,156,100113,156,99964,156,100125,100,99948,100,100132,100,99927,100,100147,100,99923,100,100167,100,99905,100,100310,100,99898,100
2019-06-28 09:44:58.033817813,100069,456,100042,156,100086,156,99998,156,100089,356,99997,156,100108,156,99969,156,100113,156,99964,156,100125,100,99948,100,100132,100,99927,100,100147,100,99923,100,100167,100,99905,100,100310,100,99898,100
2019-06-28 09:45:00.000000000,100069,496,100042,196,100086,193,99998,193,100089,393,99997,193,100108,100,99969,100,100113,100,99964,100,100125,100,99948,100,100132,100,99927,100,100147,100,99923,100,100167,100,99905,100,100310,100,99898,100
2019-06-28 09:45:10.000000000,100069,470,100042,170,100086,170,99998,170,100089,370,99997,170,100108,170,99969,170,100113,100,99964,100,100125,100,99948,100,100132,100,99927,100,100147,100,99923,100,100167,100,99905,100,100310,100,99898,100
2019-06-28 09:45:12.955566532,100069,470,100042,170,100086,170,99998,170,100089,370,99997,170,100108,170,99969,170,100113,100,99964,100,100125,100,99948,100,100132,100,99927,100,100147,100,99923,100,100167,100,99905,100,100310,100,99898,100
2019-06-28 09:45:14.600664088,100069,470,100065,100,100086,170,100042,170,100089,370,99998,170,100108,170,99997,170,100113,100,99969,170,100125,100,99964,100,100132,100,99948,100,100147,100,99927,100,100167,100,99923,100,100310,100,99905,100
2019-06-28 09:45:20.000000000,100069,456,100065,156,100086,156,100042,156,100089,356,99998,156,100108,156,99997,156,100113,156,99969,156,100125,100,99964,100,100132,100,99948,100,100147,100,99927,100,100167,100,99923,100,100310,100,99905,100
2019-06-28 09:45:30.000000000,100069,682,100065,382,100086,100,100042,100,100089,300,99998,100,100108,100,99997,100,100113,100,99969,100,100125,100,99964,100,100132,100,99948,100,100147,100,99927,100,100167,100,99923,100,100310,100,99905,100
2019-06-28 09:45:40.000000000,100069,682,100065,382,100086,100,100042,100,100089,300,99998,100,100108,100,99997,100,100113,100,99969,100,100125,100,99964,100,100132,100,99948,100,100147,100,99927,100,100167,100,99923,100,100310,100,99905,100
2019-06-28 09:45:50.000000000,100069,496,100065,196,100086,193,100042,193,100089,393,99998,193,100108,100,99997,100,100113,100,99969,100,100125,100,99964,100,100132,100,99948,100,100147,100,99927,100,100167,100,99923,100,100310,100,99905,100
2019-06-28 09:46:00.000000000,100069,682,100065,382,100086,100,100042,100,100089,300,99998,100,100108,100,99997,100,100113,100,99969,100,100125,100,99964,100,100132,100,99948,100,100147,100,99927,100,100167,100,99923,100,100310,100,99905,100
2019-06-28 09:46:05.936867514,100069,682,100065,482,100086,100,100042,100,100089,300,99998,100,100108,100,99997,100,100113,100,99969,100,100125,100,99964,100,100132,100,99948,100,100147,100,99927,100,100167,100,99923,100,100310,100,99905,100
2019-06-28 09:46:10.000000000,100069,496,100065,296,100086,193,100042,193,100089,393,99998,193,100108,100,99997,100,100113,100,99969,100,100125,100,99964,100,100132,100,99948,100,100147,100,99927,100,100167,100,99923,100,100310,100,99905,100
2019-06-28 09:46:20.000000000,100069,496,100065,296,100086,193,100042,193,100089,393,99998,193,100108,100,99997,100,100113,100,99969,100,100125,100,99964,100,100132,100,99948,100,100147,100,99927,100,100167,100,99923,100,100310,100,99905,100
2019-06-28 09:46:20.986053063,100069,496,100065,296,100086,193,100042,193,100089,393,99998,193,100108,100,99997,100,100113,100,99969,100,100125,100,99964,100,100132,100,99948,100,100147,100,99927,100,100167,100,99923,100,100310,100,99905,100
2019-06-28 09:46:30.000000000,100069,682,100065,482,100086,100,100042,100,100089,300,99998,100,100108,100,99997,100,100113,100,99969,100,100125,100,99964,100,100132,100,99948,100,100147,100,99927,100,100167,100,99923,100,100310,100,99905,100
2019-06-28 09:46:32.014599298,100069,582,100065,582,100086,100,100042,100,100089,300,99998,100,100108,100,99997,100,100113,100,99969,100,100125,100,99964,100,100132,100,99948,100,100147,100,99927,100,100167,100,99923,100,100310,100,99905,100
2019-06-28 09:46:40.000000000,100069,441,100065,441,100086,241,100042,241,100089,300,99998,100,100108,100,99997,100,100113,100,99969,100,100125,100,99964,100,100132,100,99948,100,100147,100,99927,100,100167,100,99923,100,100310,100,99905,100
2019-06-28 09:46:46.032202533,100069,441,100065,441,100086,241,100042,241,100089,300,99998,100,100108,100,99997,100,100113,100,99969,100,100125,100,99964,100,100132,100,99948,100,100147,100,99927,100,100167,100,99923,100,100310,100,99905,100
2019-06-28 09:46:48.544464588,100069,441,100065,541,100086,241,100042,241,100089,300,99998,100,100108,100,99969,100,100113,100,99964,100,100125,100,99948,100,100132,100,99927,100,100147,100,99923,100,100167,100,99905,100,100310,100,99898,100
2019-06-28 09:46:50.000000000,100069,582,100065,682,100086,100,100042,100,100089,300,99998,100,100108,100,99969,100,100113,100,99964,100,100125,100,99948,100,100132,100,99927,100,100147,100,99923,100,100167,100,99905,100,100310,100,99898,100
2019-06-28 09:46:52.625475386,100069,582,100065,682,100086,100,100042,100,100089,300,99998,100,100108,100,99969,100,100113,100,99964,100,100125,100,99948,100,100132,100,99927,100,100147,100,99923,100,100167,100,99905,100,100310,100,99898,100
2019-06-28 09:47:00.000000000,100069,356,100065,456,100086,156,100042,156,100089,356,99998,156,100108,156,99969,156,100113,156,99964,156,100125,100,99948,100,100132,100,99927,100,100147,100,99923,100,100167,100,99905,100,100310,100,99898,100
2019-06-28 09:47:05.666582447,100069,256,100065,456,100086,156,100042,156,100089,356,99998,156,100108,156,99969,156,100113,156,99964,156,100125,100,99948,100,100132,100,99927,100,100147,100,99923,100,100167,100,99905,100,100310,100,99898,100
2019-06-28 09:47:10.000000000,100069,256,100065,456,100086,156,100042,156,100089,356,99998,156,100108,156,99969,156,100113,156,99964,156,100125,100,99948,100,100132,100,99927,100,100147,100,99923,100,100167,100,99905,100,100310,100,99898,100
2019-06-28 09:47:20.000000000,100069,341,100065,541,100086,241,100042,241,100089,300,99998,100,100108,100,99969,100,100113,100,99964,100,100125,100,99948,100,100132,100,99927,100,100147,100,99923,100,100167,100,99905,100,100310,100,99898,100
2019-06-28 09:47:30.000000000,100069,270,100065,470,100086,170,100042,170,100089,370,99998,170,100108,170,99969,170,100113,100,99964,100,100125,100,99948,100,100132,100,99927,100,100147,100,99923,100,100167,100,99905,100,100310,100,99898,100
2019-06-28 09:47:32.189054443,100069,270,100065,470,100086,170,100042,170,100089,370,99998,170,100108,170,99969,170,100113,100,99964,100,100125,100,99948,100,100132,100,99927,100,100147,100,99923,100,100167,100,99905,100,100310,100,99898,100
2019-06-28 09:47:35.070303634,100069,270,100067,100,100086,170,100065,470,100089,370,100042,170,100108,170,99998,170,100113,100,99969,170,100125,100,99964,100,100132,100,99948,100,100147,100,99927,100,100167,100,99923,100,100310,100,99905,100
2019-06-28 09:47:40.000000000,100069,341,100067,241,100086,241,100065,541,100089,300,100042,100,100108,100,99998,100,100113,100,99969,100,100125,100,99964,100,100132,100,99948,100,100147,100,99927,100,100167,100,99923,100,100310,100,99905,100
2019-06-28 09:47:41.981712063,100069,341,100067,241,100086,241,100065,441,100089,300,100042,100,100108,100,99998,100,100113,100,99969,100,100125,100,99964,100,100132,100,99948,100,100147,100,99927,100,100167,100,99923,100,100310,100,99905,100
2019-06-28 09:47:50.000000000,100069,270,100067,170,100086,170,100065,370,100089,370,100042,170,100108,170,99998,170,100113,100,99969,100,100125,100,99964,100,100132,100,99948,100,100147,100,99927,100,100167,100,99923,100,100310,100,99905,100
2019-06-28 09:48:00.000000000,100069,296,100067,196,100086,193,100065,393,100089,393,100042,193,100108,100,99998,100,100113,100,99969,100,100125,100,99964,100,100132,100,99948,100,100147,100,99927,100,100167,100,99923,100,100310,100,99905,100
2019-06-28 09:48:02.616038424,100069,296,100067,196,100086,193,100065,393,100089,393,100042,193,100108,100,99998,100,100113,100,99969,100,100125,100,99964,100,100132,100,99948,100,100147,100,99927,100,100167,100,99923,100,100310,100,99905,100
2019-06-28 09:48:10.000000000,100069,296,100067,196,100086,193,100065,393,100089,393,100042,193,100108,100,99998,100,100113,100,99969,100,100125,100,99964,100,100132,100,99948,100,100147,100,99927,100,100167,100,99923,100,100310,100,99905,100
2019-06-28 09:48:20.000000000,100069,270,100067,170,100086,170,100065,370,100089,370,100042,170,100108,170,99998,170,100113,100,99969,100,100125,100,99964,100,100132,100,99948,100,100147,100,99927,100,100167,100,99923,100,100310,100,99905,100
2019-06-28 09:48:23.306459731,100069,270,100067,170,100086,170,100065,370,100089,370,100042,170,100108,170,99998,170,100113,100,99969,100,100125,100,99964,100,100132,100,99948,100,100147,100,99927,100,100167,100,99923,100,100310,100,99905,100
2019-06-28 09:48:30.000000000,100069,482,100067,382,100086,100,100065,300,100089,300,100042,100,100108,100,99998,100,100113,100,99969,100,100125,100,99964,100,100132,100,99948,100,100147,100,99927,100,100167,100,99923,100,100310,100,99905,100
2019-06-28 09:48:35.037196655,100069,482,100067,382,100086,100,100065,300,100089,300,100042,100,100108,100,99998,100,100113,100,99969,100,100125,100,99964,100,100132,100,99948,100,100147,100,99927,100,100167,100,99923,100,100310,100,99905,100
2019-06-28 09:48:40.000000000,100069,270,100067,170,100086,170,100065,370,100089,370,100042,170,100108,170,99998,170,100113,100,99969,100,100125,100,99964,100,100132,100,99948,100,100147,100,99927,100,100167,100,99923,100,100310,100,99905,100
2019-06-28 09:48:50.000000000,100069,341,100067,241,100086,241,100065,441,100089,300,100042,100,100108,100,99998,100,100113,100,99969,100,100125,100,99964,100,100132,100,99948,100,100147,100,99927,100,100167,100,99923,100,100310,100,99905,100
2019-06-28 09:49:00.000000000,100069,256,100067,156,100086,156,100065,356,100089,356,100042,156,100108,156,99998,156,100113,156,99969,156,100125,100,99964,100,100132,100,99948,100,100147,100,99927,100,100167,100,99923,100,100310,100,99905,100
2019-06-28 09:49:10.000000000,100069,270,100067,170,100086,170,100065,370,100089,370,100042,170,100108,170,99998,170,100113,100,99969,100,100125,100,99964,100,100132,100,99948,100,100147,100,99927,100,100167,100,99923,100,100310,100,99905,100
2019-06-28 09:49:14.518900732,100069,270,100067,170,100086,170,100065,370,100089,370,100042,170,100108,170,99998,170,100113,100,99969,100,100125,100,99964,100,100132,100,99948,100,100147,100,99927,100,100167,100,99923,100,100310,100,99905,100
2019-06-28 09:49:20.000000000,100069,270,100067,170,100086,170,100065,370,100089,370,100042,170,100108,170,99998,170,100113,100,99969,100,100125,100,99964,100,100132,100,99948,100,100147,100,99927,100,100167,100,99923,100,100310,100,99905,100
2019-06-28 09:49:30.000000000,100069,482,100067,382,100086,100,100065,300,100089,300,100042,100,100108,100,99998,100,100113,100,99969,100,100125,100,99964,100,100132,100,99948,100,100147,100,99927,100,100167,100,99923,100,100310,100,99905,100
2019-06-28 09:49:40.000000000,100069,270,100067,170,100086,170,100065,370,100089,370,100042,170,100108,170,99998,170,100113,100,99969,100,100125,100,99964,100,100132,100,99948,100,100147,100,99927,100,100167,100,99923,100,100310,100,99905,100
2019-06-28 09:49:50.000000000,100069,341,100067,241,100086,241,100065,441,100089,300,100042,100,100108,100,99998,100,100113,100,99969,100,100125,100,99964,100,100132,100,99948,100,100147,100,99927,100,100167,100,99923,100,100310,100,99905,100
2019-06-28 09:49:54.494137549,100069,241,100067,241,100086,241,100065,441,100089,300,100042,100,100108,100,99998,100,100113,100,99969,100,100125,100,99964,100,100132,100,99948,100,100147,100,99927,100,100167,100,99923,100,100310,100,99905,100
2019-06-28 09:50:00.000000000,100069,382,100067,382,100086,100,100065,300,100089,300,100042,100,100108,100,99998,100,100113,100,99969,100,100125,100,99964,100,100132,100,99948,100,100147,100,99927,100,100167,100,99923,100,100310,100,99905,100
2019-06-28 09:50:06.983580375,100069,382,100067,382,100086,100,100065,300,100089,300,99998,100,100108,100,99969,100,100113,100,99964,100,100125,100,99948,100,100132,100,99927,100,100147,100,99923,100,100167,100,99905,100,100310,100,99898,100
2019-06-28 09:50:09.440658359,100069,282,100067,382,100086,100,100065,300,100089,300,99998,100,100108,100,99969,100,100113,100,99964,100,100125,100,99948,100,100132,100,99927,100,100147,100,99923,100,100167,100,99905,100,100310,100,99898,100
2019-06-28 09:50:10.000000000,100086,170,100067,170,100089,370,100065,370,100108,170,99998,170,100113,170,99969,170,100125,100,99964,100,100132,100,99948,100,100147,100,99927,100,100167,100,99923,100,100310,100,99905,100,100360,100,99898,100
2019-06-28 09:50:20.000000000,100086,170,100067,170,100089,370,100065,370,100108,170,99998,170,100113,170,99969,170,100125,100,99964,100,100132,100,99948,100,100147,100,99927,100,100167,100,99923,100,100310,100,99905,100,100360,100,99898,100
2019-06-28 09:50:23.448903432,100086,170,100067,170,100089,370,100065,370,100108,170,99998,170,100113,170,99969,170,100125,100,99964,100,100132,100,99948,100,100147,100,99927,100,100167,100,99923,100,100310,100,99905,100,100360,100,99898,100
2019-06-28 09:50:28.114838680,100086,170,100067,170,100089,370,100065,370,100108,170,99998,170,100113,170,99969,170,100125,100,99964,100,100132,100,99948,100,100147,100,99927,100,100167,100,99923,100,100310,100,99905,100,100360,100,99898,100
2019-06-28 09:50:30.000000000,100086,156,100067,156,100089,356,100065,356,100108,156,99998,156,100113,156,99969,156,100125,156,99964,156,100132,100,99948,100,100147,100,99927,100,100167,100,99923,100,100310,100,99905,100,100360,100,99898,100
2019-06-28 09:50:40.000000000,100086,382,100067,382,100089,300,100065,300,100108,100,99998,100,100113,100,99969,100,100125,100,99964,100,100132,100,99948,100,100147,100,99927,100,100167,100,99923,100,100310,100,99905,100,100360,100,99898,100
2019-06-28 09:50:50.000000000,100086,241,100067,241,100089,441,100065,441,100108,100,99998,100,100113,100,99969,100,100125,100,99964,100,100132,100,99948,100,100147,100,99927,100,100167,100,99923,100,100310,100,99905,100,100360,100,99898,100
2019-06-28 09:51:00.000000000,100086,170,100067,170,100089,370,100065,370,100108,170,99998,170,100113,170,99969,170,100125,100,99964,100,100132,100,99948,100,100147,100,99927,100,100167,100,99923,100,100310,100,99905,100,100360,100,99898,100
2019-06-28 09:51:08.207623546,100086,70,100067,170,100089,370,100065,370,100108,170,99998,170,100113,170,99969,170,100125,100,99964,100,100132,100,99948,100,100147,100,99927,100,100167,100,99923,100,100310,100,99905,100,100360,100,99898,100
2019-06-28 09:51:10.000000000,100089,582,100067,382,100108,100,100065,300,100113,100,99998,100,100125,100,99969,100,100132,100,99964,100,100147,100,99948,100,100167,100,99927,100,100310,100,99923,100,100360,100,99905,100,100452,100,99898,100
2019-06-28 09:51:20.000000000,100089,441,100067,241,100108,241,100065,441,100113,100,99998,100,100125,100,99969,100,100132,100,99964,100,100147,100,99948,100,100167,100,99927,100,100310,100,99923,100,100360,100,99905,100,100452,100,99898,100
2019-06-28 09:51:24.995955870,100089,441,100067,241,100108,241,100065,441,100113,100,99998,100,100125,100,99969,100,100132,100,99964,100,100147,100,99948,100,100167,100,99927,100,100310,100,99923,100,100360,100,99905,100,100452,100,99898,100
2019-06-28 09:51:29.843695066,100089,441,100067,241,100108,241,100065,441,100113,100,99998,100,100125,100,99969,100,100132,100,99948,100,100147,100,99927,100,100167,100,99923,100,100310,100,99905,100,100360,100,99898,100,100452,100,99873,100
2019-06-28 09:51:30.000000000,100089,370,100067,170,100108,170,100065,370,100113,170,99998,170,100125,170,99969,170,100132,100,99948,100,100147,100,99927,100,100167,100,99923,100,100310,100,99905,100,100360,100,99898,100,100452,100,99873,100
2019-06-28 09:51:40.000000000,100089,441,100067,241,100108,241,100065,441,100113,100,99998,100,100125,100,99969,100,100132,100,99948,100,100147,100,99927,100,100167,100,99923,100,100310,100,99905,100,100360,100,99898,100,100452,100,99873,100
2019-06-28 09:51:49.947553384,100089,341,100067,241,100108,241,100065,441,100113,100,99998,100,100125,100,99969,100,100132,100,99948,100,100147,100,99927,100,100167,100,99923,100,100310,100,99905,100,100360,100,99898,100,100452,100,99873,100
2019-06-28 09:51:50.000000000,100089,482,100067,382,100108,100,100065,300,100113,100,99998,100,100125,100,99969,100,100132,100,99948,100,100147,100,99927,100,100167,100,99923,100,100310,100,99905,100,100360,100,99898,100,100452,100,99873,100
2019-06-28 09:51:51.507580572,100089,382,100067,382,100108,100,100065,300,100113,100,99998,100,100125,100,99969,100,100132,100,99948,100,100147,100,99927,100,100167,100,99923,100,100310,100,99905,100,100360,100,99898,100,100452,100,99873,100
2019-06-28 09:52:00.000000000,100089,156,100067,156,100108,156,100065,356,100113,156,99998,156,100125,156,99969,156,100132,156,99948,156,100147,100,99927,100,100167,100,99923,100,100310,100,99905,100,100360,100,99898,100,100452,100,99873,100
2019-06-28 09:52:10.000000000,100089,156,100067,156,100108,156,100065,356,100113,156,99998,156,100125,156,99969,156,100132,156,99948,156,100147,100,99927,100,100167,100,99923,100,100310,100,99905,100,100360,100,99898,100,100452,100,99873,100
2019-06-28 09:52:20.000000000,100089,156,100067,156,100108,156,100065,356,100113,156,99998,156,100125,156,99969,156,100132,156,99948,156,100147,100,99927,100,100167,100,99923,100,100310,100,99905,100,100360,100,99898,100,100452,100,99873,100
2019-06-28 09:52:30.000000000,100089,170,100067,170,100108,170,100065,370,100113,170,99998,170,100125,170,99969,170,100132,100,99948,100,100147,100,99927,100,100167,100,99923,100,100310,100,99905,100,100360,100,99898,100,100452,100,99873,100
2019-06-28 09:52:30.891773929,100089,70,100067,170,100108,170,100065,370,100113,170,99998,170,100125,170,99969,170,100132,100,99948,100,100147,100,99927,100,100167,100,99923,100,100310,100,99905,100,100360,100,99898,100,100452,100,99873,100
2019-06-28 09:52:32.055419422,100089,70,100067,170,100108,170,100065,370,100113,170,99998,170,100125,170,99969,170,100132,100,99948,100,100147,100,99927,100,100167,100,99923,100,100310,100,99905,100,100360,100,99898,100,100452,100,99873,100
2019-06-28 09:52:40.000000000,100108,241,100067,241,100113,241,100065,441,100125,100,99998,100,100132,100,99969,100,100147,100,99948,100,100167,100,99927,100,100310,100,99923,100,100360,100,99905,100,100452,100,99898,100,100631,100,99873,100
2019-06-28 09:52:50.000000000,100108,156,100067,156,100113,156,100065,356,100125,156,99998,156,100132,156,99969,156,100147,156,99948,156,100167,100,99927,100,100310,100,99923,100,100360,100,99905,100,100452,100,99898,100,100631,100,99873,100
2019-06-28 09:52:57.781569670,100108,56,100067,156,100113,56,100065,356,100125,156,99998,156,100132,156,99969,156,100147,156,99948,156,100167,100,99927,100,100310,100,99923,100,100360,100,99905,100,100452,100,99898,100,100631,100,99873,100
2019-06-28 09:53:00.000000000,100125,382,100067,382,100132,100,100065,300,100147,100,99998,100,100167,100,99969,100,100310,100,99948,100,100360,100,99927,100,100452,100,99923,100,100631,100,99905,100,100684,100,99898,100,100768,100,99873,100
2019-06-28 09:53:10.000000000,100125,196,100067,196,100132,193,100065,393,100147,193,99998,193,100167,100,99969,100,100310,100,99948,100,100360,100,99927,100,100452,100,99923,100,100631,100,99905,100,100684,100,99898,100,100768,100,99873,100
2019-06-28 09:53:20.000000000,100125,170,100067,170,100132,170,100065,370,100147,170,99998,170,100167,170,99969,170,100310,100,99948,100,100360,100,99927,100,100452,100,99923,100,100631,100,99905,100,100684,100,99898,100,100768,100,99873,100
2019-06-28 09:53:29.671415831,100125,170,100067,170,100132,170,100065,370,100147,170,99998,170,100167,170,99969,170,100310,100,99948,100,100360,100,99927,100,100452,100,99923,100,100631,100,99905,100,100684,100,99898,100,100768,100,99873,100
2019-06-28 09:53:30.000000000,100125,170,100067,170,100132,170,100065,370,100147,170,99998,170,100167,170,99969,170,100310,100,99948,100,100360,100,99927,100,100452,100,99923,100,100631,100,99905,100,100684,100,99898,100,100768,100,99873,100
2019-06-28 09:53:40.000000000,100125,156,100067,156,100132,156,100065,356,100147,156,99998,156,100167,156,99969,156,100310,156,99948,156,100360,100,99927,100,100452,100,99923,100,100631,100,99905,100,100684,100,99898,100,100768,100,99873,100
2019-06-28 09:53:44.709277571,100125,56,100067,156,100132,156,100065,356,100147,156,99998,156,100167,156,99969,156,100310,156,99948,156,100360,100,99927,100,100452,100,99923,100,100631,100,99905,100,100684,100,99898,100,100768,100,99873,100
2019-06-28 09:53:50.000000000,100132,196,100067,196,100147,193,100065,393,100167,193,99998,193,100310,100,99969,100,100360,100,99948,100,100452,100,99927,100,100631,100,99923,100,100684,100,99905,100,100768,100,99898,100,100837,100,99873,100
2019-06-28 09:54:00.000000000,100132,170,100067,170,100147,170,100065,370,100167,170,99998,170,100310,170,99969,170,100360,100,99948,100,100452,100,99927,100,100631,100,99923,100,100684,100,99905,100,100768,100,99898,100,100837,100,99873,100
2019-06-28 09:54:10.000000000,100132,382,100067,382,100147,100,100065,300,100167,100,99998,100,100310,100,99969,100,100360,100,99948,100,100452,100,99927,100,100631,100,99923,100,100684,100,99905,100,100768,100,99898,100,100837,100,99873,100
2019-06-28 09:54:20.000000000,100132,241,100067,241,100147,241,100065,441,100167,100,99998,100,100310,100,99969,100,100360,100,99948,100,100452,100,99927,100,100631,100,99923,100,100684,100,99905,100,100768,100,99898,100,100837,100,99873,100
2019-06-28 09:54:21.694154590,100132,241,100067,241,100147,241,100065,441,100167,100,99998,100,100310,100,99969,100,100360,100,99948,100,100452,100,99927,100,100631,100,99923,100,100684,100,99905,100,100768,100,99898,100,100837,100,99873,100
2019-06-28 09:54:30.000000000,100132,241,100067,241,100147,241,100065,441,100167,100,99998,100,100310,100,99969,100,100360,100,99948,100,100452,100,99927,100,100631,100,99923,100,100684,100,99905,100,100768,100,99898,100,100837,100,99873,100
2019-06-28 09:54:33.697610736,100132,141,100067,241,100147,241,100065,441,100167,100,99998,100,100310,100,99969,100,100360,100,99948,100,100452,100,99927,100,100631,100,99923,100,100684,100,99905,100,100768,100,99898,100,100837,100,99873,100
2019-06-28 09:54:40.000000000,100147,382,100067,382,100167,100,100065,300,100310,100,99998,100,100360,100,99969,100,100452,100,99948,100,100631,100,99927,100,100684,100,99923,100,100768,100,99905,100,100837,100,99898,100,100873,100,99873,100
2019-06-28 09:54:45.129708083,100147,382,100067,382,100167,100,100065,300,100310,100,99998,100,100360,100,99969,100,100452,100,99948,100,100631,100,99927,100,100684,100,99923,100,100768,100,99905,100,100837,100,99898,100,100873,100,99873,100
2019-06-28 09:54:50.000000000,100147,156,100067,156,100167,156,100065,356,100310,156,99998,156,100360,156,99969,156,100452,156,99948,156,100631,100,99927,100,100684,100,99923,100,100768,100,99905,100,100837,100,99898,100,100873,100,99873,100
2019-06-28 09:55:00.000000000,100147,156,100067,156,100167,156,100065,356,100310,156,99998,156,100360,156,99969,156,100452,156,99948,156,100631,100,99927,100,100684,100,99923,100,100768,100,99905,100,100837,100,99898,100,100873,100,99873,100
2019-06-28 09:55:08.757025839,100147,156,100125,100,100167,156,100067,156,100310,156,100065,356,100360,156,99998,156,100452,156,99969,156,100631,100,99948,156,100684,100,99927,100,100768,100,99923,100,100837,100,99905,100,100873,100,99898,100
2019-06-28 09:55:10.000000000,100147,382,100125,382,100167,100,100067,100,100310,100,100065,300,100360,100,99998,100,100452,100,99969,100,100631,100,99948,100,100684,100,99927,100,100768,100,99923,100,100837,100,99905,100,100873,100,99898,100
2019-06-28 09:55:17.229513314,100147,382,100125,382,100167,100,100067,100,100310,100,100065,300,100360,100,99998,100,100452,100,99948,100,100631,100,99927,100,100684,100,99923,100,100768,200,99905,100,100837,100,99898,100,100873,100,99873,100
2019-06-28 09:55:18.822708042,100147,382,100125,382,100167,100,100067,100,100310,100,100065,300,100360,100,99998,100,100536,100,99948,100,100631,100,99927,100,100684,100,99923,100,100768,200,99905,100,100837,100,99898,100,100873,100,99873,100
2019-06-28 09:55:20.000000000,100147,196,100125,196,100167,193,100067,193,100310,193,100065,393,100360,100,99998,100,100536,100,99948,100,100631,100,99927,100,100684,100,99923,100,100768,200,99905,100,100837,100,99898,100,100873,100,99873,100
2019-06-28 09:55:30.000000000,100147,196,100125,196,100167,193,100067,193,100310,193,100065,393,100360,100,99998,100,100536,100,99948,100,100631,100,99927,100,100684,100,99923,100,100768,200,99905,100,100837,100,99898,100,100873,100,99873,100
2019-06-28 09:55:32.565536720,100147,196,100125,196,100167,193,100067,193,100310,193,100065,393,100360,100,99948,100,100536,100,99927,100,100631,100,99923,100,100684,100,99905,100,100768,200,99898,100,100837,100,99873,100,100873,100,99632,100
2019-06-28 09:55:40.000000000,100147,156,100125,156,100167,156,100067,156,100310,156,100065,356,100360,156,99948,156,100536,156,99927,156,100631,100,99923,100,100684,100,99905,100,100768,200,99898,100,100837,100,99873,100,100873,100,99632,100
2019-06-28 09:55:50.000000000,100147,196,100125,196,100167,193,100067,193,100310,193,100065,393,100360,100,99948,100,100536,100,99927,100,100631,100,99923,100,100684,100,99905,100,100768,200,99898,100,100837,100,99873,100,100873,100,99632,100
2019-06-28 09:55:52.083965858,100147,196,100125,196,100167,193,100067,193,100310,193,100065,393,100360,100,99948,100,100365,100,99927,100,100536,100,99923,100,100631,100,99905,100,100684,100,99898,100,100768,200,99873,100,100837,100,99632,100
2019-06-28 09:56:00.000000000,100147,196,100125,196,100167,193,100067,193,100310,193,100065,393,100360,100,99948,100,100365,100,99927,100,100536,100,99923,100,100631,100,99905,100,100684,100,99898,100,100768,200,99873,100,100837,100,99632,100
2019-06-28 09:56:08.827783149,100147,196,100125,196,100167,193,100067,193,100310,193,100065,393,100360,100,99948,100,100365,100,99927,100,100536,100,99923,100,100631,100,99905,100,100684,100,99898,100,100725,100,99873,100,100768,200,99632,100
2019-06-28 09:56:10.000000000,100147,170,100125,170,100167,170,100067,170,100310,170,100065,370,100360,170,99948,170,100365,100,99927,100,100536,100,99923,100,100631,100,99905,100,100684,100,99898,100,100725,100,99873,100,100768,200,99632,100
2019-06-28 09:56:20.000000000,100147,156,100125,156,100167,156,100067,156,100310,156,100065,356,100360,156,99948,156,100365,156,99927,156,100536,100,99923,100,100631,100,99905,100,100684,100,99898,100,100725,100,99873,100,100768,200,99632,100
2019-06-28 09:56:30.000000000,100147,382,100125,382,100167,100,100067,100,100310,100,100065,300,100360,100,99948,100,100365,100,99927,100,100536,100,99923,100,100631,100,99905,100,100684,100,99898,100,100725,100,99873,100,100768,200,99632,100
2019-06-28 09:56:34.112952795,100147,382,100125,382,100167,100,100067,100,100310,100,100065,300,100365,100,99948,100,100536,100,99927,100,100631,100,99923,100,100684,100,99905,100,100725,100,99898,100,100768,200,99873,100,100833,100,99632,100
2019-06-28 09:56:40.000000000,100147,196,100125,196,100167,193,100067,193,100310,193,100065,393,100365,100,99948,100,100536,100,99927,100,100631,100,99923,100,100684,100,99905,100,100725,100,99898,100,100768,200,99873,100,100833,100,99632,100
2019-06-28 09:56:50.000000000,100147,170,100125,170,100167,170,100067,170,100310,170,100065,370,100365,170,99948,170,100536,100,99927,100,100631,100,99923,100,100684,100,99905,100,100725,100,99898,100,100768,200,99873,100,100833,100,99632,100
2019-06-28 09:57:00.000000000,100147,382,100125,382,100167,100,100067,100,100310,100,100065,300,100365,100,99948,100,100536,100,99927,100,100631,100,99923,100,100684,100,99905,100,100725,100,99898,100,100768,200,99873,100,100833,100,99632,100
2019-06-28 09:57:00.268373764,100147,382,100125,382,100167,100,100067,100,100310,100,100065,300,100365,100,99948,100,100536,100,99927,100,100631,100,99923,100,100684,100,99905,100,100725,100,99898,100,100768,200,99632,100,100833,100,,
2019-06-28 09:57:05.334832385,100147,282,100125,382,100167,100,100067,100,100310,100,100065,300,100536,100,99948,100,100631,100,99927,100,100684,100,99923,100,100725,100,99905,100,100768,200,99898,100,100833,100,99632,100,100837,100,,
2019-06-28 09:57:10.000000000,100167,382,100125,382,100310,100,100067,100,100536,100,100065,300,100631,100,99948,100,100684,100,99927,100,100725,100,99923,100,100768,200,99905,100,100833,100,99898,100,100837,100,99632,100,100873,100,,
2019-06-28 09:57:20.000000000,100167,170,100125,170,100310,170,100067,170,100536,170,100065,370,100631,170,99948,170,100684,100,99927,100,100725,100,99923,100,100768,200,99905,100,100833,100,99898,100,100837,100,99632,100,100873,100,,
2019-06-28 09:57:30.000000000,100167,196,100125,196,100310,193,100067,193,100536,193,100065,393,100631,100,99948,100,100684,100,99927,100,100725,100,99923,100,100768,200,99905,100,100833,100,99898,100,100837,100,99632,100,100873,100,,
2019-06-28 09:57:40.000000000,100167,241,100125,241,100310,241,100067,241,100536,100,100065,300,100631,100,99948,100,100684,100,99927,100,100725,100,99923,100,100768,200,99905,100,100833,100,99898,100,100837,100,99632,100,100873,100,,
2019-06-28 09:57:50.000000000,100167,170,100125,170,100310,170,100067,170,100536,170,100065,370,100631,170,99948,170,100684,100,99927,100,100725,100,99923,100,100768,200,99905,100,100833,100,99898,100,100837,100,99632,100,100873,100,,
2019-06-28 09:57:52.684600593,100167,70,100125,170,100310,170,100067,170,100536,170,100065,370,100631,170,99948,170,100684,100,99927,100,100725,100,99923,100,100768,100,99905,100,100833,100,99898,100,100837,100,99632,100,100873,100,,
2019-06-28 09:57:55.343350351,100310,170,100167,30,100536,170,100125,170,100631,170,100067,170,100684,100,100065,370,100725,100,99948,170,100768,100,99927,100,100833,100,99923,100,100837,100,99905,100,100873,100,99898,100,100902,100,99632,100
2019-06-28 09:58:00.000000000,100310,156,100167,86,100536,156,100125,156,100631,156,100067,156,100684,156,100065,356,100725,156,99948,156,100768,100,99927,100,100833,100,99923,100,100837,100,99905,100,100873,100,99898,100,100902,100,99632,100
2019-06-28 09:58:05.298772294,100310,56,100167,86,100536,156,100125,156,100631,156,100067,156,100684,156,100065,356,100725,156,99948,156,100768,100,99927,100,100833,100,99923,100,100837,100,99905,100,100873,100,99898,100,100902,100,99632,100
2019-06-28 09:58:05.440967851,100310,56,100168,100,100536,156,100167,86,100631,156,100125,156,100684,156,100067,156,100725,156,100065,256,100768,100,99948,156,100833,100,99927,100,100837,100,99923,100,100873,100,99905,100,100902,100,99898,100
2019-06-28 09:58:09.797045332,100310,56,100168,200,100536,156,100167,86,100631,156,100125,156,100684,156,100067,156,100725,156,100065,156,100768,100,99948,156,100833,100,99927,100,100837,100,99923,100,100873,100,99905,100,100902,100,99898,100
2019-06-28 09:58:10.000000000,100536,382,100168,482,100631,100,100167,30,100684,100,100125,100,100725,100,100067,100,100768,100,100065,100,100833,100,99948,100,100837,100,99927,100,100873,100,99923,100,100902,100,99905,100,100967,100,99898,100
2019-06-28 09:58:16.679690796,100536,382,100168,482,100631,100,100167,30,100684,100,100125,100,100725,100,100067,100,100738,100,100065,100,100768,100,99948,100,100833,100,99927,100,100837,100,99923,100,100873,100,99905,100,100902,100,99898,100
2019-06-28 09:58:20.000000000,100536,156,100168,256,100631,156,100167,86,100684,156,100125,156,100725,156,100067,156,100738,156,100065,156,100768,100,99948,100,100833,100,99927,100,100837,100,99923,100,100873,100,99905,100,100902,100,99898,100
2019-06-28 09:58:27.874243924,100536,156,100433,100,100631,156,100168,256,100684,156,100167,86,100725,156,100125,156,100738,156,100067,156,100768,100,100065,156,100833,100,99948,100,100837,100,99927,100,100873,100,99923,100,100902,100,99905,100
2019-06-28 09:58:29.427521844,100536,156,100433,100,100631,156,100168,256,100684,156,100167,86,100725,156,100125,156,100738,156,100067,156,100768,100,100065,156,100832,100,99948,100,100833,100,99927,100,100837,100,99923,100,100873,100,99905,100
2019-06-28 09:58:29.517645785,100536,56,100433,100,100631,156,100168,256,100684,156,100167,86,100725,156,100125,156,100738,156,100067,156,100768,100,100065,156,100832,100,99948,100,100833,100,99927,100,100837,100,99923,100,100873,100,99905,100
2019-06-28 09:58:29.646588454,100631,156,100536,44,100684,156,100433,100,100725,156,100168,256,100738,156,100167,86,100768,100,100125,156,100832,100,100067,156,100833,100,100065,156,100837,100,99948,100,100873,100,99927,100,100902,100,99923,100
2019-06-28 09:58:30.000000000,100631,170,100536,114,100684,170,100433,170,100725,170,100168,270,100738,170,100167,100,100768,100,100125,100,100832,100,100067,100,100833,100,100065,100,100837,100,99948,100,100873,100,99927,100,100902,100,99923,100
2019-06-28 09:58:40.000000000,100631,196,100536,140,100684,193,100433,193,100725,193,100168,293,100738,100,100167,30,100768,100,100125,100,100832,100,100067,100,100833,100,100065,100,100837,100,99948,100,100873,100,99927,100,100902,100,99923,100
2019-06-28 09:58:41.298256691,100631,196,100536,140,100684,193,100433,193,100725,193,100168,293,100738,100,100167,30,100768,100,100067,100,100832,100,100065,100,100833,100,99948,100,100837,100,99927,100,100873,100,99923,100,100902,100,99905,100
2019-06-28 09:58:50.000000000,100631,156,100536,100,100684,156,100433,156,100725,156,100168,256,100738,156,100167,86,100768,156,100067,156,100832,100,100065,100,100833,100,99948,100,100837,100,99927,100,100873,100,99923,100,100902,100,99905,100
2019-06-28 09:59:00.000000000,100631,196,100536,140,100684,193,100433,193,100725,193,100168,293,100738,100,100167,30,100768,100,100067,100,100832,100,100065,100,100833,100,99948,100,100837,100,99927,100,100873,100,99923,100,100902,100,99905,100
2019-06-28 09:59:10.000000000,100631,241,100536,185,100684,241,100433,241,100725,100,100168,200,100738,100,100167,30,100768,100,100067,100,100832,100,100065,100,100833,100,99948,100,100837,100,99927,100,100873,100,99923,100,100902,100,99905,100
2019-06-28 09:59:13.061374141,100631,241,100536,85,100684,241,100433,241,100725,100,100168,200,100738,100,100167,30,100768,100,100067,100,100832,100,100065,100,100833,100,99948,100,100837,100,99927,100,100873,100,99923,100,100902,100,99905,100
2019-06-28 09:59:20.000000000,100631,196,100433,196,100684,193,100168,293,100725,193,100167,123,100738,100,100067,100,100768,100,100065,100,100832,100,99948,100,100833,100,99927,100,100837,100,99923,100,100873,100,99905,100,100902,100,,
2019-06-28 09:59:26.840485696,100515,100,100433,196,100631,196,100168,293,100684,193,100167,123,100725,193,100067,100,100738,100,100065,100,100768,100,99948,100,100832,100,99927,100,100837,100,99923,100,100873,100,99905,100,100902,100,,
2019-06-28 09:59:30.000000000,100515,156,100433,156,100631,156,100168,256,100684,156,100167,86,100725,156,100067,156,100738,156,100065,156,100768,100,99948,100,100832,100,99927,100,100837,100,99923,100,100873,100,99905,100,100902,100,,
2019-06-28 09:59:31.285693904,100515,156,100433,156,100631,156,100168,256,100635,100,100167,86,100684,156,100067,156,100725,156,100065,156,100738,156,99948,100,100768,100,99927,100,100832,100,99923,100,100873,100,99905,100,100902,100,,
2019-06-28 09:59:40.000000000,100515,156,100433,156,100631,156,100168,256,100635,156,100167,86,100684,156,100067,156,100725,156,100065,156,100738,100,99948,100,100768,100,99927,100,100832,100,99923,100,100873,100,99905,100,100902,100,,
2019-06-28 09:59:50.000000000,100515,196,100433,196,100631,193,100168,293,100635,193,100167,123,100684,100,100067,100,100725,100,100065,100,100738,100,99948,100,100768,100,99927,100,100832,100,99923,100,100873,100,99905,100,100902,100,,
2019-06-28 09:59:54.087746844,100515,196,100433,196,100536,100,100168,293,100631,193,100167,123,100635,193,100067,100,100684,100,100065,100,100725,100,99948,100,100738,100,99927,100,100768,100,99923,100,100832,100,99905,100,100873,100,,
2019-06-28 10:00:00.000000000,100515,382,100433,382,100536,100,100168,200,100631,100,100167,30,100635,100,100067,100,100684,100,100065,100,100725,100,99948,100,100738,100,99927,100,100768,100,99923,100,100832,100,99905,100,100873,100,,
2019-06-28 10:00:10.000000000,100515,196,100433,196,100536,193,100168,293,100631,193,100167,123,100635,100,100067,100,100684,100,100065,100,100725,100,99948,100,100738,100,99927,100,100768,100,99923,100,100832,100,99905,100,100873,100,,
2019-06-28 10:00:20.000000000,100515,196,100433,196,100536,193,100168,293,100631,193,100167,123,100635,100,100067,100,100684,100,100065,100,100725,100,99948,100,100738,100,99927,100,100768,100,99923,100,100832,100,99905,100,100873,100,,
2019-06-28 10:00:30.000000000,100515,196,100433,196,100536,193,100168,293,100631,193,100167,123,100635,100,100067,100,100684,100,100065,100,100725,100,99948,100,100738,100,99927,100,100768,100,99923,100,100832,100,99905,100,100873,100,,
2019-06-28 10:00:40.000000000,100515,382,100433,382,100536,100,100168,200,100631,100,100167,30,100635,100,100067,100,100684,100,100065,100,100725,100,99948,100,100738,100,99927,100,100768,100,99923,100,100832,100,99905,100,100873,100,,
2019-06-28 10:00:40.117328890,100515,382,100433,382,100536,100,100168,200,100631,100,100167,30,100684,100,100067,100,100725,100,100065,100,100738,100,100046,100,100768,100,99948,100,100832,100,99927,100,100873,100,99923,100,100902,100,99905,100
2019-06-28 10:00:50.000000000,100515,382,100433,382,100536,100,100168,200,100631,100,100167,30,100684,100,100067,100,100725,100,100065,100,100738,100,100046,100,100768,100,99948,100,100832,100,99927,100,100873,100,99923,100,100902,100,99905,100
2019-06-28 10:01:00.000000000,100515,170,100433,170,100536,170,100168,270,100631,170,100167,100,100684,170,100067,170,100725,100,100065,100,100738,100,100046,100,100768,100,99948,100,100832,100,99927,100,100873,100,99923,100,100902,100,99905,100
2019-06-28 10:01:10.000000000,100515,382,100433,382,100536,100,100168,200,100631,100,100167,30,100684,100,100067,100,100725,100,100065,100,100738,100,100046,100,100768,100,99948,100,100832,100,99927,100,100873,100,99923,100,100902,100,99905,100
2019-06-28 10:01:20.000000000,100515,196,100433,196,100536,193,100168,293,100631,193,100167,123,100684,100,100067,100,100725,100,100065,100,100738,100,100046,100,100768,100,99948,100,100832,100,99927,100,100873,100,99923,100,100902,100,99905,100
2019-06-28 10:01:30.000000000,100515,241,100433,241,100536,241,100168,341,100631,100,100167,30,100684,100,100067,100,100725,100,100065,100,100738,100,100046,100,100768,100,99948,100,100832,100,99927,100,100873,100,99923,100,100902,100,99905,100
2019-06-28 10:01:30.242245695,100515,241,100433,141,100536,241,100168,341,100631,100,100167,30,100684,100,100067,100,100725,100,100065,100,100738,100,100046,100,100768,100,99948,100,100832,100,99927,100,100873,100,99923,100,100902,100,99905,100
2019-06-28 10:01:30.254875352,100515,241,100433,141,100536,241,100210,100,100631,100,100168,341,100684,100,100167,30,100725,100,100067,100,100738,100,100065,100,100768,100,100046,100,100832,100,99927,100,100873,100,99923,100,100902,100,99905,100
2019-06-28 10:01:34.937165643,100515,241,100433,41,100536,241,100210,100,100631,100,100168,341,100684,100,100167,30,100725,100,100067,100,100738,100,100065,100,100768,100,100046,100,100832,100,99927,100,100873,100,99923,100,100902,100,,
2019-06-28 10:01:40.000000000,100515,241,100210,241,100536,241,100168,341,100631,100,100167,30,100684,100,100067,100,100725,100,100065,100,100738,100,100046,100,100768,100,99927,100,100832,100,99923,100,100873,100,,,100902,100,,
2019-06-28 10:01:46.895491328,100306,100,100210,241,100515,241,100168,341,100536,241,100167,30,100631,100,100067,100,100684,100,100065,100,100725,100,100046,100,100738,100,99927,100,100768,100,99923,100,100832,100,,,100873,100,,
2019-06-28 10:01:48.212685928,100306,100,100210,141,100483,100,100168,341,100515,241,100167,30,100536,241,100067,100,100631,100,100065,100,100684,100,100046,100,100725,100,99927,100,100738,100,99923,100,100768,100,,,100832,100,,
2019-06-28 10:01:50.000000000,100306,196,100168,296,100483,193,100167,123,100515,193,100067,193,100536,100,100065,100,100631,100,100046,100,100684,100,99927,100,100725,100,99923,100,100738,100,,,100768,100,,,100832,100,,
2019-06-28 10:02:00.000000000,100306,241,100168,341,100483,241,100167,171,100515,100,100067,100,100536,100,100065,100,100631,100,100046,100,100684,100,99927,100,100725,100,99923,100,100738,100,,,100768,100,,,100832,100,,
2019-06-28 10:02:10.000000000,100306,170,100168,270,100483,170,100167,100,100515,170,100067,170,100536,170,100065,170,100631,100,100046,100,100684,100,99927,100,100725,100,99923,100,100738,100,,,100768,100,,,100832,100,,
2019-06-28 10:02:20.000000000,100306,241,100168,341,100483,241,100167,171,100515,100,100067,100,100536,100,100065,100,100631,100,100046,100,100684,100,99927,100,100725,100,99923,100,100738,100,,,100768,100,,,100832,100,,
2019-06-28 10:02:30.000000000,100306,382,100168,482,100483,100,100167,30,100515,100,100067,100,100536,100,100065,100,100631,100,100046,100,100684,100,99927,100,100725,100,99923,100,100738,100,,,100768,100,,,100832,100,,
2019-06-28 10:02:31.331810397,100306,282,100168,482,100515,100,100167,30,100536,100,100067,100,100631,100,100065,100,100684,100,100046,100,100725,100,99927,100,100738,100,99923,100,100768,100,,,100832,100,,,100873,100,,
2019-06-28 10:02:37.097253309,100306,282,100168,482,100430,100,100167,30,100515,100,100067,100,100536,100,100065,100,100631,100,100046,100,100684,100,99927,100,100725,100,99923,100,100738,100,,,100768,100,,,100832,100,,
2019-06-28 10:02:40.000000000,100430,156,100168,256,100515,156,100167,86,100536,156,100067,156,100631,156,100065,156,100684,156,100046,156,100725,100,99927,100,100738,100,99923,100,100768,100,,,100832,100,,,100873,100,,
2019-06-28 10:02:42.785488483,100430,156,100306,100,100515,156,100168,256,100536,156,100167,86,100631,156,100067,156,100684,156,100065,156,100725,100,100046,156,100738,100,99927,100,100768,100,99923,100,100832,100,,,100873,100,,
2019-06-28 10:02:43.769631239,100430,156,100306,200,100515,156,100168,256,100536,156,100167,86,100631,156,100067,156,100684,156,100065,156,100725,100,100046,156,100738,100,99927,100,100768,100,99923,100,100832,100,,,100873,100,,
2019-06-28 10:02:50.000000000,100430,241,100306,341,100515,241,100168,341,100536,100,100167,30,100631,100,100067,100,100684,100,100065,100,100725,100,100046,100,100738,100,99927,100,100768,100,99923,100,100832,100,,,100873,100,,
2019-06-28 10:03:00.000000000,100430,382,100306,482,100515,100,100168,200,100536,100,100167,30,100631,100,100067,100,100684,100,100065,100,100725,100,100046,100,100738,100,99927,100,100768,100,99923,100,100832,100,,,100873,100,,
2019-06-28 10:03:10.000000000,100430,156,100306,256,100515,156,100168,256,100536,156,100167,86,100631,156,100067,156,100684,156,100065,156,100725,100,100046,100,100738,100,99927,100,100768,100,99923,100,100832,100,,,100873,100,,
2019-06-28 10:03:20.000000000,100430,196,100306,296,100515,193,100168,293,100536,193,100167,123,100631,100,100067,100,100684,100,100065,100,100725,100,100046,100,100738,100,99927,100,100768,100,99923,100,100832,100,,,100873,100,,
2019-06-28 10:03:23.889800849,100430,196,100306,296,100515,193,100168,293,100536,193,100167,123,100631,100,100067,100,100684,100,100065,100,100725,100,100046,100,100738,100,99927,100,100768,100,99923,100,100832,100,,,100873,100,,
2019-06-28 10:03:30.000000000,100430,196,100306,296,100515,193,100168,293,100536,193,100167,123,100631,100,100067,100,100684,100,100065,100,100725,100,100046,100,100738,100,99927,100,100768,100,99923,100,100832,100,,,100873,100,,
2019-06-28 10:03:30.792108113,100430,196,100306,296,100515,193,100168,293,100536,193,100167,123,100631,100,100067,100,100684,100,100065,100,100725,100,100046,100,100738,100,99927,100,100768,100,99923,100,100832,100,,,100873,100,,
2019-06-28 10:03:37.596130465,100430,196,100306,396,100515,193,100168,193,100536,193,100167,123,100631,100,100067,100,100684,100,100065,100,100725,100,100046,100,100738,100,99927,100,100768,100,99923,100,100832,100,,,100873,100,,
2019-06-28 10:03:38.243301005,100430,196,100306,296,100515,193,100168,193,100536,193,100167,123,100631,100,100067,100,100684,100,100065,100,100725,100,100046,100,100738,100,99927,100,100768,100,99923,100,100832,100,,,100873,100,,
2019-06-28 10:03:40.000000000,100430,170,100306,270,100515,170,100168,170,100536,170,100167,100,100631,170,100067,170,100684,100,100065,100,100725,100,100046,100,100738,100,99927,100,100768,100,99923,100,100832,100,,,100873,100,,
2019-06-28 10:03:41.697336805,100430,70,100306,270,100515,170,100168,170,100536,170,100167,100,100631,70,100067,170,100684,100,100065,100,100725,100,100046,100,100738,100,99927,100,100768,100,99923,100,100832,100,,,100873,100,,
2019-06-28 10:03:50.000000000,100515,241,100306,341,100536,241,100168,241,100684,100,100167,30,100725,100,100067,100,100738,100,100065,100,100768,100,100046,100,100832,100,99927,100,100873,100,99923,100,100882,100,,,100902,100,,
2019-06-28 10:04:00.000000000,100515,170,100306,270,100536,170,100168,170,100684,170,100167,100,100725,170,100067,170,100738,100,100065,100,100768,100,100046,100,100832,100,99927,100,100873,100,99923,100,100882,100,,,100902,100,,
2019-06-28 10:04:00.084754589,100515,70,100306,270,100536,170,100168,170,100684,170,100167,100,100725,170,100067,170,100738,100,100065,100,100768,100,100046,100,100832,100,99927,100,100873,100,99923,100,100882,100,,,100902,100,,
2019-06-28 10:04:10.000000000,100536,241,100306,341,100684,241,100168,241,100725,100,100167,30,100738,100,100067,100,100768,100,100065,100,100832,100,100046,100,100873,100,99927,100,100882,100,99923,100,100902,100,,,100967,100,,
2019-06-28 10:04:10.567571489,100536,241,100306,341,100684,241,100168,241,100725,100,100167,30,100738,100,100067,100,100768,100,100065,100,100832,100,100046,100,100873,100,99927,100,100882,100,,,100902,100,,,100967,100,,
2019-06-28 10:04:20.000000000,100536,196,100306,296,100684,193,100168,193,100725,193,100167,123,100738,100,100067,100,100768,100,100065,100,100832,100,100046,100,100873,100,99927,100,100882,100,,,100902,100,,,100967,100,,
2019-06-28 10:04:30.000000000,100536,196,100306,296,100684,193,100168,193,100725,193,100167,123,100738,100,100067,100,100768,100,100065,100,100832,100,100046,100,100873,100,99927,100,100882,100,,,100902,100,,,100967,100,,
2019-06-28 10:04:40.000000000,100536,156,100306,256,100684,156,100168,156,100725,156,100167,86,100738,156,100067,156,100768,156,100065,156,100832,100,100046,100,100873,100,99927,100,100882,100,,,100902,100,,,100967,100,,
2019-06-28 10:04:50.000000000,100536,241,100306,341,100684,241,100168,241,100725,100,100167,30,100738,100,100067,100,100768,100,100065,100,100832,100,100046,100,100873,100,99927,100,100882,100,,,100902,100,,,100967,100,,
2019-06-28 10:04:50.528565611,100536,241,100306,341,100684,241,100168,241,100725,100,100167,30,100738,100,100067,100,100768,100,100065,100,100832,100,100046,100,100873,100,99927,100,100882,100,,,100902,100,,,100967,100,,
2019-06-28 10:04:55.362056802,100536,241,100306,241,100684,241,100168,241,100725,100,100167,30,100738,100,100067,100,100768,100,100065,100,100832,100,100046,100,100873,100,99927,100,100882,100,,,100902,100,,,100967,100,,
2019-06-28 10:04:57.366882918,100536,241,100306,241,100684,241,100168,241,100725,100,100167,30,100738,100,100067,100,100768,100,100046,100,100832,100,99927,100,100873,100,,,100882,100,,,100902,100,,,100967,100,,
2019-06-28 10:05:00.000000000,100536,170,100306,170,100684,170,100168,170,100725,170,100167,100,100738,170,100067,170,100768,100,100046,100,100832,100,99927,100,100873,100,,,100882,100,,,100902,100,,,100967,100,,
2019-06-28 10:05:10.000000000,100536,382,100306,382,100684,100,100168,100,100725,100,100167,30,100738,100,100067,100,100768,100,100046,100,100832,100,99927,100,100873,100,,,100882,100,,,100902,100,,,100967,100,,
2019-06-28 10:05:20.000000000,100536,156,100306,156,100684,156,100168,156,100725,156,100167,86,100738,156,100067,156,100768,156,100046,156,100832,100,99927,100,100873,100,,,100882,100,,,100902,100,,,100967,100,,
2019-06-28 10:05:28.787461064,100536,156,100306,156,100684,156,100168,156,100725,156,100167,86,100738,156,100067,156,100768,156,100046,156,100832,100,99927,100,100882,100,,,100902,100,,,100967,100,,,101124,100,,
2019-06-28 10:05:30.000000000,100536,170,100306,170,100684,170,100168,170,100725,170,100167,100,100738,170,100067,170,100768,100,100046,100,100832,100,99927,100,100882,100,,,100902,100,,,100967,100,,,101124,100,,
2019-06-28 10:05:40.000000000,100536,156,100306,156,100684,156,100168,156,100725,156,100167,86,100738,156,100067,156,100768,156,100046,156,100832,100,99927,100,100882,100,,,100902,100,,,100967,100,,,101124,100,,
2019-06-28 10:05:43.694900327,100536,56,100306,156,100684,156,100168,156,100725,156,100167,86,100738,156,100067,156,100768,156,100046,156,100832,100,99927,100,100882,100,,,100902,100,,,100967,100,,,101124,100,,
2019-06-28 10:05:45.207216068,100684,156,100536,44,100725,156,100306,156,100738,156,100168,156,100768,156,100167,86,100832,100,100067,156,100882,100,100046,156,100902,100,99927,100,100967,100,,,101124,100,,,101127,100,,
2019-06-28 10:05:48.326763040,100684,56,100536,44,100725,156,100306,156,100738,156,100168,156,100768,156,100167,86,100832,100,100067,156,100882,100,100046,156,100902,100,99927,100,100967,100,,,101124,100,,,101127,100,,
2019-06-28 10:05:50.000000000,100725,196,100536,140,100738,193,100306,193,100768,193,100168,193,100832,100,100167,30,100882,100,100067,100,100902,100,100046,100,100967,100,99927,100,101124,100,,,101127,100,,,101141,100,,
2019-06-28 10:05:51.987361817,100725,196,100536,140,100738,193,100306,193,100768,193,100168,193,100882,100,100167,30,100902,100,100067,100,100967,100,100046,100,101020,100,99927,100,101124,100,,,101127,100,,,101141,100,,
2019-06-28 10:05:52.871500124,100725,196,100536,240,100738,193,100306,193,100768,193,100168,193,100882,100,100167,30,100902,100,100046,100,100967,100,99927,100,101020,100,,,101124,100,,,101127,100,,,101141,100,,
2019-06-28 10:06:00.000000000,100725,241,100536,285,100738,241,100306,241,100768,100,100168,100,100882,100,100167,30,100902,100,100046,100,100967,100,99927,100,101020,100,,,101124,100,,,101127,100,,,101141,100,,
2019-06-28 10:06:03.135874655,100725,141,100536,285,100738,241,100306,241,100768,100,100168,100,100882,100,100167,30,100902,100,100046,100,100967,100,99927,100,101020,100,,,101124,100,,,101127,100,,,101141,100,,
2019-06-28 10:06:10.000000000,100738,382,100536,426,100768,100,100306,100,100882,100,100168,100,100902,100,100167,30,100967,100,100046,100,101020,100,99927,100,101124,100,,,101127,100,,,101141,100,,,101178,100,,
2019-06-28 10:06:10.768449311,100738,282,100536,426,100768,100,100306,100,100882,100,100168,100,100902,100,100167,30,100967,100,100046,100,101020,100,99927,100,101124,100,,,101127,100,,,101141,100,,,101178,100,,
2019-06-28 10:06:20.000000000,100768,196,100536,240,100882,193,100306,193,100902,193,100168,193,100967,100,100167,30,101020,100,100046,100,101124,100,99927,100,101127,100,,,101141,100,,,101178,100,,,101215,100,,
2019-06-28 10:06:30.000000000,100768,382,100536,426,100882,100,100306,100,100902,100,100168,100,100967,100,100167,30,101020,100,100046,100,101124,100,99927,100,101127,100,,,101141,100,,,101178,100,,,101215,100,,
2019-06-28 10:06:40.000000000,100768,241,100536,285,100882,241,100306,241,100902,100,100168,100,100967,100,100167,30,101020,100,100046,100,101124,100,99927,100,101127,100,,,101141,100,,,101178,100,,,101215,100,,
2019-06-28 10:06:50.000000000,100768,170,100536,214,100882,170,100306,170,100902,170,100168,170,100967,170,100167,100,101020,100,100046,100,101124,100,99927,100,101127,100,,,101141,100,,,101178,100,,,101215,100,,
2019-06-28 10:06:57.011986631,100768,170,100718,100,100882,170,100536,214,100902,170,100306,170,100967,170,100168,170,101020,100,100167,100,101124,100,100046,100,101127,100,99927,100,101141,100,,,101178,100,,,101215,100,,
2019-06-28 10:07:00.000000000,100768,196,100718,196,100882,193,100536,237,100902,193,100306,193,100967,100,100168,100,101020,100,100167,30,101124,100,100046,100,101127,100,99927,100,101141,100,,,101178,100,,,101215,100,,
2019-06-28 10:07:00.444835577,100768,196,100725,100,100882,193,100718,196,100902,193,100536,237,100967,100,100306,193,101020,100,100168,100,101124,100,100167,30,101127,100,100046,100,101141,100,99927,100,101178,100,,,101215,100,,
2019-06-28 10:07:10.000000000,100768,156,100725,156,100882,156,100718,156,100902,156,100536,200,100967,156,100306,156,101020,156,100168,156,101124,100,100167,30,101127,100,100046,100,101141,100,99927,100,101178,100,,,101215,100,,
2019-06-28 10:07:20.000000000,100768,170,100725,170,100882,170,100718,170,100902,170,100536,214,100967,170,100306,170,101020,100,100168,100,101124,100,100167,30,101127,100,100046,100,101141,100,99927,100,101178,100,,,101215,100,,
2019-06-28 10:07:25.089062395,100768,170,100725,170,100882,70,100718,170,100902,170,100536,214,100967,170,100474,100,101020,100,100306,170,101124,100,100168,100,101127,100,100167,30,101141,100,100046,100,101178,100,99927,100,101215,100,,
2019-06-28 10:07:30.000000000,100768,156,100725,156,100902,156,100718,156,100967,156,100536,200,101020,156,100474,156,101124,156,100306,156,101127,100,100168,100,101141,100,100167,30,101178,100,100046,100,101215,100,99927,100,101233,100,,
2019-06-28 10:07:30.608999947,100768,156,100725,156,100798,100,100718,156,100902,156,100536,200,100967,156,100474,156,101020,156,100306,156,101124,156,100168,100,101127,100,100167,30,101141,100,100046,100,101178,100,99927,100,101215,100,,
2019-06-28 10:07:40.000000000,100768,156,100725,156,100798,156,100718,156,100902,156,100536,200,100967,156,100474,156,101020,156,100306,156,101124,100,100168,100,101127,100,100167,30,101141,100,100046,100,101178,100,99927,100,101215,100,,
2019-06-28 10:07:50.000000000,100768,382,100725,382,100798,100,100718,100,100902,100,100536,144,100967,100,100474,100,101020,100,100306,100,101124,100,100168,100,101127,100,100167,30,101141,100,100046,100,101178,100,99927,100,101215,100,,
2019-06-28 10:08:00.000000000,100768,170,100725,170,100798,170,100718,170,100902,170,100536,214,100967,170,100474,170,101020,100,100306,100,101124,100,100168,100,101127,100,100167,30,101141,100,100046,100,101178,100,99927,100,101215,100,,
2019-06-28 10:08:02.092957391,100768,170,100725,70,100798,170,100718,170,100902,170,100536,170,100967,170,100474,170,101020,100,100306,100,101124,100,100168,100,101127,100,100167,30,101141,100,100046,100,101178,100,99927,100,101215,100,,
2019-06-28 10:08:09.784711315,100737,100,100725,70,100768,170,100718,170,100798,170,100536,170,100902,170,100474,170,100967,170,100306,100,101020,100,100168,100,101124,100,100167,30,101127,100,100046,100,101141,100,99927,100,101178,100,,
2019-06-28 10:08:10.000000000,100737,241,100718,241,100768,241,100536,241,100798,100,100474,100,100902,100,100306,100,100967,100,100168,100,101020,100,100167,30,101124,100,100046,100,101127,100,99927,100,101141,100,,,101178,100,,
2019-06-28 10:08:20.000000000,100737,382,100718,382,100768,100,100536,100,100798,100,100474,100,100902,100,100306,100,100967,100,100168,100,101020,100,100167,30,101124,100,100046,100,101127,100,99927,100,101141,100,,,101178,100,,
2019-06-28 10:08:30.000000000,100737,382,100718,382,100768,100,100536,100,100798,100,100474,100,100902,100,100306,100,100967,100,100168,100,101020,100,100167,30,101124,100,100046,100,101127,100,99927,100,101141,100,,,101178,100,,
2019-06-28 10:08:40.000000000,100737,170,100718,170,100768,170,100536,170,100798,170,100474,170,100902,170,100306,170,100967,100,100168,100,101020,100,100167,30,101124,100,100046,100,101127,100,99927,100,101141,100,,,101178,100,,
2019-06-28 10:08:50.000000000,100737,170,100718,170,100768,170,100536,170,100798,170,100474,170,100902,170,100306,170,100967,100,100168,100,101020,100,100167,30,101124,100,100046,100,101127,100,99927,100,101141,100,,,101178,100,,
2019-06-28 10:09:00.000000000,100737,241,100718,241,100768,241,100536,241,100798,100,100474,100,100902,100,100306,100,100967,100,100168,100,101020,100,100167,30,101124,100,100046,100,101127,100,99927,100,101141,100,,,101178,100,,
2019-06-28 10:09:10.000000000,100737,156,100718,156,100768,156,100536,156,100798,156,100474,156,100902,156,100306,156,100967,156,100168,156,101020,100,100167,30,101124,100,100046,100,101127,100,99927,100,101141,100,,,101178,100,,
2019-06-28 10:09:20.000000000,100737,382,100718,382,100768,100,100536,100,100798,100,100474,100,100902,100,100306,100,100967,100,100168,100,101020,100,100167,30,101124,100,100046,100,101127,100,99927,100,101141,100,,,101178,100,,
2019-06-28 10:09:22.199165102,100737,282,100718,382,100768,100,100536,100,100798,100,100474,100,100902,100,100306,100,100967,100,100168,100,101020,100,100046,100,101124,100,99927,100,101127,100,,,101141,100,,,101178,100,,
2019-06-28 10:09:30.000000000,100768,382,100718,382,100798,100,100536,100,100902,100,100474,100,100967,100,100306,100,101020,100,100168,100,101124,100,100046,100,101127,100,99927,100,101141,100,,,101178,100,,,101215,100,,
2019-06-28 10:09:35.026322424,100768,382,100726,100,100798,100,100718,382,100902,100,100536,100,100967,100,100474,100,101020,100,100306,100,101124,100,100168,100,101127,100,100046,100,101141,100,99927,100,101178,100,,,101215,100,,
2019-06-28 10:09:40.000000000,100768,196,100726,196,100798,193,100718,193,100902,193,100536,193,100967,100,100474,100,101020,100,100306,100,101124,100,100168,100,101127,100,100046,100,101141,100,99927,100,101178,100,,,101215,100,,
2019-06-28 10:09:46.652974234,100768,196,100726,196,100798,193,100718,193,100902,193,100536,193,100967,100,100474,100,101020,100,100306,100,101077,100,100168,100,101124,100,100046,100,101127,100,99927,100,101141,100,,,101215,100,,
2019-06-28 10:09:50.000000000,100768,382,100726,382,100798,100,100718,100,100902,100,100536,100,100967,100,100474,100,101020,100,100306,100,101077,100,100168,100,101124,100,100046,100,101127,100,99927,100,101141,100,,,101215,100,,
2019-06-28 10:09:56.132570176,100768,382,100726,382,100798,100,100718,100,100902,100,100536,100,100937,100,100474,100,100967,100,100306,100,101020,100,100168,100,101077,100,100046,100,101124,100,99927,100,101127,100,,,101141,100,,
2019-06-28 10:09:59.263613821,100768,382,100726,382,100902,100,100718,100,100937,100,100536,100,100967,100,100474,100,101020,100,100306,100,101077,100,100168,100,101083,100,100046,100,101124,100,99927,100,101127,100,,,101141,100,,
