,ask_price_1,ask_size_1,bid_price_1,bid_size_1,ask_price_2,ask_size_2,bid_price_2,bid_size_2,ask_price_3,ask_size_3,bid_price_3,bid_size_3,ask_price_4,ask_size_4,bid_price_4,bid_size_4,ask_price_5,ask_size_5,bid_price_5,bid_size_5,ask_price_6,ask_size_6,bid_price_6,bid_size_6,ask_price_7,ask_size_7,bid_price_7,bid_size_7,ask_price_8,ask_size_8,bid_price_8,bid_size_8,ask_price_9,ask_size_9,bid_price_9,bid_size_9,ask_price_10,ask_size_10,bid_price_10,bid_size_10
2019-06-28 09:30:00.000000001,,,99766,100,,,,,,,,,,,,,,,,,,,,,,,,,,,,,,,,,,,,
2019-06-28 09:30:00.000000004,,,99766,100,,,,,,,,,,,,,,,,,,,,,,,,,,,,,,,,,,,,
2019-06-28 09:30:00.000000005,100163,100,99766,100,,,,,,,,,,,,,,,,,,,,,,,,,,,,,,,,,,,,
2019-06-28 09:30:00.000000006,100142,100,99927,100,100163,100,99766,100,,,,,,,,,,,,,,,,,,,,,,,,,,,,,,,,
2019-06-28 09:30:00.000000007,100034,100,99927,100,100142,100,99766,100,100163,100,,,,,,,,,,,,,,,,,,,,,,,,,,,,,,
2019-06-28 09:30:00.000000008,100034,100,99969,100,100142,100,99927,100,100163,100,99766,100,100225,100,,,,,,,,,,,,,,,,,,,,,,,,,,
2019-06-28 09:30:00.000000009,100034,100,99969,100,100142,100,99927,100,100163,100,99789,100,100225,100,99766,100,,,,,,,,,,,,,,,,,,,,,,,,
2019-06-28 09:30:00.000000010,100034,100,99969,100,100142,100,99927,200,100163,100,99841,100,100225,100,99789,100,,,99766,100,,,,,,,,,,,,,,,,,,,,
2019-06-28 09:30:00.000000011,100034,100,99969,100,100076,100,99934,100,100142,100,99927,200,100163,100,99841,100,100225,100,99789,100,,,99766,100,,,,,,,,,,,,,,,,
2019-06-28 09:30:00.000000014,100076,100,99969,100,100142,100,99934,100,100163,100,99927,200,100225,100,99898,100,,,99841,100,,,99821,100,,,99789,100,,,99766,100,,,,,,,,
2019-06-28 09:30:00.000000015,100015,100,99969,100,100076,100,99934,100,100142,100,99927,200,100163,100,99898,100,100225,100,99841,100,,,99821,100,,,99789,100,,,99766,100,,,,,,,,
2019-06-28 09:30:00.000000019,100015,100,99986,100,100076,100,99969,100,100142,100,99934,100,100163,100,99927,200,100225,100,99898,100,,,99841,100,,,99821,100,,,99789,100,,,99766,100,,,,
2019-06-28 09:30:00.000000023,100015,100,99986,100,100076,100,99969,100,100142,100,99934,100,100163,100,99927,200,100225,100,99898,100,,,99874,100,,,99841,100,,,99821,100,,,99789,100,,,99766,100
2019-06-28 09:30:00.000000026,100015,100,99988,100,100076,100,99986,100,100142,100,99969,100,100163,100,99934,100,100225,100,99927,200,,,99898,100,,,99874,100,,,99841,100,,,99821,100,,,99789,100
2019-06-28 09:30:00.000000029,100015,100,99988,100,100076,100,99986,100,100142,100,99969,100,100163,100,99934,100,100225,100,99927,200,,,99913,100,,,99898,100,,,99874,100,,,99841,100,,,99821,100
2019-06-28 09:30:00.000000031,100015,100,99988,100,100076,100,99986,100,100142,100,99969,100,100163,100,99934,100,100225,100,99927,200,,,99913,100,,,99898,100,,,99874,100,,,99841,100,,,99821,100
2019-06-28 09:30:00.000000034,100015,100,99988,100,100076,100,99986,100,100142,100,99969,100,100163,100,99934,100,100225,100,99927,200,,,99913,100,,,99898,100,,,99874,100,,,99856,100,,,99841,100
2019-06-28 09:30:00.000000035,100015,100,99988,100,100034,100,99986,100,100076,100,99969,100,100142,100,99934,100,100163,100,99927,200,100225,100,99913,100,,,99898,100,,,99874,100,,,99856,100,,,99841,100
2019-06-28 09:30:00.000000036,100015,100,99988,100,100034,100,99986,100,100069,100,99969,100,100076,100,99934,100,100142,100,99927,200,100163,100,99913,100,100225,100,99898,100,,,99874,100,,,99856,100,,,99841,100
2019-06-28 09:30:00.000000037,100015,100,99988,100,100034,200,99986,100,100069,100,99969,100,100076,100,99953,100,100142,100,99934,100,100163,100,99927,200,100225,100,99913,100,,,99898,100,,,99874,100,,,99856,100
2019-06-28 09:30:00.000000041,100015,100,99988,100,100034,300,99986,100,100069,100,99969,100,100076,100,99953,100,100142,100,99934,100,100154,100,99927,200,100163,100,99913,100,100225,100,99898,100,,,99874,100,,,99856,100
2019-06-28 09:30:00.000000042,100034,300,99988,100,100069,100,99986,100,100076,100,99985,100,100142,100,99969,100,100154,100,99953,100,100163,100,99934,100,100225,100,99927,200,,,99913,100,,,99905,100,,,99898,100
2019-06-28 09:30:00.000000050,100034,300,99988,100,100048,100,99986,100,100069,100,99985,100,100076,100,99969,100,100142,100,99953,100,100154,100,99934,100,100163,100,99927,200,100225,100,99913,100,,,99905,100,,,99898,100
2019-06-28 09:30:00.000000055,100034,300,99988,100,100048,100,99986,100,100069,100,99985,100,100076,100,99969,100,100142,100,99953,100,100154,100,99938,100,100163,100,99934,100,100225,100,99927,200,,,99913,100,,,99905,100
2019-06-28 09:30:00.000000062,100034,300,99988,100,100048,100,99986,100,100069,100,99985,100,100076,100,99969,100,100142,100,99953,100,100154,100,99938,100,100163,100,99937,100,100225,100,99934,100,,,99927,200,,,99913,100
2019-06-28 09:30:00.000000064,100034,300,99988,100,100048,100,99986,100,100069,100,99985,100,100076,100,99969,100,100142,100,99953,100,100154,100,99938,100,100163,100,99937,100,100197,100,99934,100,100225,100,99927,200,,,99913,100
2019-06-28 09:30:00.000000066,100034,300,100015,100,100048,100,99988,100,100069,100,99986,100,100076,100,99985,100,100142,100,99969,100,100154,100,99953,100,100163,100,99938,100,100197,100,99937,100,100225,100,99934,100,,,99927,200
2019-06-28 09:30:00.000000068,100034,300,100015,100,100048,100,99988,100,100069,100,99986,100,100076,100,99985,100,100111,100,99969,100,100142,100,99953,100,100154,100,99938,100,100163,100,99937,100,100197,100,99934,100,100225,100,99927,200
2019-06-28 09:30:00.000000070,100034,300,99988,100,100048,100,99986,100,100069,100,99985,100,100076,100,99969,100,100111,100,99953,100,100142,100,99938,100,100154,100,99937,100,100163,100,99934,100,100197,100,99927,200,100225,100,99913,100
2019-06-28 09:30:00.000000077,99990,100,99988,100,100034,300,99986,100,100048,100,99985,100,100069,100,99969,100,100076,100,99953,100,100111,100,99938,100,100142,100,99937,100,100154,100,99934,100,100163,100,99927,200,100197,100,99913,100
2019-06-28 09:30:00.000000078,99990,100,99988,100,100018,100,99986,100,100034,300,99985,100,100048,100,99969,100,100069,100,99953,100,100076,100,99938,100,100111,100,99937,100,100142,100,99934,100,100154,100,99927,200,100163,100,99913,100
2019-06-28 09:30:00.000000082,99990,100,99988,100,100018,100,99986,100,100034,300,99985,100,100048,100,99969,100,100069,100,99953,100,100076,100,99938,100,100111,100,99937,100,100142,100,99934,100,100154,100,99927,200,100163,100,99913,100
2019-06-28 09:30:00.000000083,99990,100,99988,100,100018,100,99986,100,100034,300,99985,100,100048,100,99969,100,100069,100,99953,100,100076,100,99938,100,100111,100,99937,100,100142,100,99934,100,100154,100,99927,200,100163,100,99913,100
2019-06-28 09:30:00.000000085,99990,100,99988,100,100018,100,99986,100,100034,300,99985,100,100048,100,99969,100,100069,100,99953,100,100076,100,99938,100,100111,100,99937,100,100142,100,99934,100,100154,100,99927,200,100163,100,99913,100
2019-06-28 09:30:00.000000088,99990,100,99988,100,100018,100,99986,100,100034,300,99985,100,100048,100,99969,100,100069,100,99953,100,100076,100,99938,100,100111,100,99937,100,100142,100,99934,100,100154,100,99927,200,100163,100,99913,100
2019-06-28 09:30:00.000000089,100018,100,99988,100,100034,300,99986,100,100048,100,99985,100,100069,100,99969,100,100076,100,99953,100,100111,100,99938,100,100142,100,99937,100,100154,100,99934,100,100163,100,99927,200,100175,100,99913,100
2019-06-28 09:30:00.000000090,100018,100,99988,100,100034,300,99986,100,100048,100,99985,100,100069,100,99969,100,100076,100,99953,100,100111,100,99938,100,100142,100,99937,100,100154,100,99934,100,100163,100,99927,200,100175,100,99913,100
2019-06-28 09:30:00.000000091,100008,100,99988,100,100018,100,99986,100,100034,300,99985,100,100048,100,99969,100,100069,100,99953,100,100076,100,99938,100,100111,100,99937,100,100142,100,99934,100,100154,100,99927,200,100163,100,99913,100
2019-06-28 09:30:00.000000094,100008,100,99990,100,100018,100,99988,100,100034,300,99986,100,100048,100,99985,100,100049,100,99969,100,100069,100,99953,100,100076,100,99938,100,100111,100,99937,100,100142,100,99934,100,100154,100,99927,200
2019-06-28 09:30:00.000000096,99990,100,99988,100,100008,100,99986,100,100018,100,99985,100,100034,300,99969,100,100048,100,99953,100,100049,100,99938,100,100069,100,99937,100,100076,100,99934,100,100111,100,99932,100,100142,100,99927,200
2019-06-28 09:30:00.000000097,99990,100,99988,100,100008,100,99986,100,100018,100,99985,100,100034,300,99969,100,100048,100,99953,100,100049,100,99938,100,100069,100,99937,100,100076,100,99934,100,100111,100,99932,100,100142,100,99927,200
2019-06-28 09:30:00.000000098,99990,100,99988,100,100000,100,99986,100,100008,100,99985,100,100018,100,99969,100,100034,300,99953,100,100048,100,99938,100,100049,100,99937,100,100069,100,99934,100,100076,100,99932,100,100111,100,99927,200
2019-06-28 09:30:01.775894723,99990,100,99988,100,100000,100,99986,100,100008,100,99985,100,100018,100,99969,100,100034,300,99953,100,100048,100,99938,100,100049,100,99937,100,100069,100,99934,100,100076,100,99932,100,100111,100,99927,200
2019-06-28 09:30:10.000000000,99990,161,99988,161,100000,161,99986,161,100008,161,99985,161,100018,161,99969,161,100034,361,99953,161,100048,100,99938,100,100049,100,99937,100,100069,100,99934,100,100076,100,99932,100,100111,100,99927,200
2019-06-28 09:30:20.000000000,99990,204,99988,204,100000,201,99986,201,100008,201,99985,201,100018,100,99969,100,100034,300,99953,100,100048,100,99938,100,100049,100,99937,100,100069,100,99934,100,100076,100,99932,100,100111,100,99927,200
2019-06-28 09:30:26.694845744,99990,204,99988,104,100000,201,99986,201,100008,201,99985,201,100018,100,99969,100,100034,300,99953,100,100048,100,99938,100,100049,100,99937,100,100069,100,99934,100,100076,100,99932,100,100111,100,99927,200
2019-06-28 09:30:30.000000000,99990,253,99986,253,100000,253,99985,253,100008,100,99969,100,100018,100,99953,100,100034,300,99938,100,100048,100,99937,100,100049,100,99934,100,100069,100,99932,100,100076,100,99927,200,100111,100,99913,100
2019-06-28 09:30:40.000000000,99990,161,99986,161,100000,161,99985,161,100008,161,99969,161,100018,161,99953,161,100034,361,99938,161,100048,100,99937,100,100049,100,99934,100,100069,100,99932,100,100076,100,99927,200,100111,100,99913,100
2019-06-28 09:30:46.574317091,99990,161,99989,100,100000,161,99986,161,100008,161,99985,161,100018,161,99969,161,100034,261,99953,161,100048,100,99938,161,100049,100,99937,100,100069,100,99934,100,100076,100,99932,100,100111,100,99927,200
2019-06-28 09:30:50.000000000,99990,204,99989,204,100000,201,99986,201,100008,201,99985,201,100018,100,99969,100,100034,200,99953,100,100048,100,99938,100,100049,100,99937,100,100069,100,99934,100,100076,100,99932,100,100111,100,99927,200
2019-06-28 09:30:50.903809589,99990,204,99989,204,100000,201,99986,201,100008,201,99985,201,100018,100,99969,100,100034,200,99953,100,100048,100,99938,100,100049,100,99937,100,100069,100,99934,100,100070,100,99932,100,100076,100,99927,200
2019-06-28 09:31:00.000000000,99990,406,99989,406,100000,100,99986,100,100008,100,99985,100,100018,100,99969,100,100034,200,99953,100,100048,100,99938,100,100049,100,99937,100,100069,100,99934,100,100070,100,99932,100,100076,100,99927,200
2019-06-28 09:31:00.919909139,99990,406,99989,406,100000,100,99986,100,100008,100,99985,100,100018,100,99969,100,100034,200,99953,100,100048,100,99938,100,100049,100,99937,100,100069,100,99934,100,100070,100,99932,100,100076,100,99927,200
2019-06-28 09:31:10.000000000,99990,204,99989,204,100000,201,99986,201,100008,201,99985,201,100018,100,99969,100,100034,200,99953,100,100048,100,99938,100,100049,100,99937,100,100069,100,99934,100,100070,100,99932,100,100076,100,99927,200
2019-06-28 09:31:19.793065913,99990,204,99989,304,100000,201,99986,201,100008,201,99985,201,100018,100,99969,100,100034,200,99953,100,100048,100,99938,100,100049,100,99937,100,100069,100,99934,100,100070,100,99932,100,100076,100,99927,100
2019-06-28 09:31:20.000000000,99990,406,99989,506,100000,100,99986,100,100008,100,99985,100,100018,100,99969,100,100034,200,99953,100,100048,100,99938,100,100049,100,99937,100,100069,100,99934,100,100070,100,99932,100,100076,100,99927,100
2019-06-28 09:31:23.325729605,99990,406,99989,506,100000,100,99986,100,100008,100,99985,100,100018,100,99969,100,100034,200,99938,100,100048,100,99937,100,100049,100,99934,100,100069,100,99932,100,100070,100,99927,100,100076,100,99913,100
2019-06-28 09:31:25.984663018,99990,406,99989,606,100000,100,99986,100,100008,100,99985,100,100018,100,99969,100,100034,200,99938,100,100048,100,99937,100,100049,100,99934,100,100069,100,99932,100,100070,100,99927,100,100076,100,99913,100
2019-06-28 09:31:28.240908514,99990,306,99989,606,100000,100,99986,100,100008,100,99985,100,100018,100,99969,100,100034,200,99938,100,100048,100,99937,100,100049,100,99934,100,100069,100,99932,100,100070,100,99927,100,100076,100,99913,100
2019-06-28 09:31:30.000000000,100000,406,99989,606,100008,100,99986,100,100018,100,99985,100,100034,200,99969,100,100048,100,99938,100,100049,100,99937,100,100069,100,99934,100,100070,100,99932,100,100076,100,99927,100,100105,100,99913,100
2019-06-28 09:31:33.433656443,100000,406,99990,100,100008,100,99989,606,100018,100,99986,100,100034,200,99985,100,100048,100,99969,100,100049,100,99938,100,100069,100,99937,100,100070,100,99934,100,100076,100,99932,100,100105,100,99927,100
2019-06-28 09:31:40.000000000,100000,161,99990,161,100008,161,99989,361,100018,161,99986,161,100034,261,99985,161,100048,161,99969,161,100049,100,99938,100,100069,100,99937,100,100070,100,99934,100,100076,100,99932,100,100105,100,99927,100
2019-06-28 09:31:50.000000000,100000,176,99990,176,100008,176,99989,376,100018,176,99986,176,100034,276,99985,176,100048,100,99969,100,100049,100,99938,100,100069,100,99937,100,100070,100,99934,100,100076,100,99932,100,100105,100,99927,100
2019-06-28 09:31:56.566752511,100000,176,99990,176,100008,176,99989,376,100018,176,99986,176,100033,100,99985,176,100034,276,99969,100,100048,100,99938,100,100049,100,99937,100,100069,100,99934,100,100070,100,99932,100,100076,100,99927,100
2019-06-28 09:32:00.000000000,100000,161,99990,161,100008,161,99989,361,100018,161,99986,161,100033,161,99985,161,100034,261,99969,161,100048,100,99938,100,100049,100,99937,100,100069,100,99934,100,100070,100,99932,100,100076,100,99927,100
2019-06-28 09:32:06.821174483,100000,161,99990,161,100008,161,99989,361,100018,161,99986,161,100033,161,99985,161,100034,261,99984,100,100048,100,99969,161,100049,100,99938,100,100069,100,99937,100,100070,100,99932,100,100076,100,99927,100
2019-06-28 09:32:10.000000000,100000,161,99990,161,100008,161,99989,361,100018,161,99986,161,100033,161,99985,161,100034,261,99984,161,100048,100,99969,100,100049,100,99938,100,100069,100,99937,100,100070,100,99932,100,100076,100,99927,100
2019-06-28 09:32:20.000000000,100000,253,99990,253,100008,253,99989,453,100018,100,99986,100,100033,100,99985,100,100034,200,99984,100,100048,100,99969,100,100049,100,99938,100,100069,100,99937,100,100070,100,99932,100,100076,100,99927,100
2019-06-28 09:32:22.480277997,100000,253,99990,253,100008,253,99989,453,100018,100,99986,100,100033,100,99985,100,100034,200,99984,100,100048,100,99969,100,100049,100,99938,100,100069,100,99937,100,100070,100,99932,100,100076,100,99927,100
2019-06-28 09:32:22.484139495,100000,253,99990,253,100008,253,99989,453,100018,100,99986,100,100033,100,99985,100,100034,200,99984,100,100048,100,99969,100,100049,100,99938,100,100069,100,99937,100,100070,100,99932,100,100076,100,99927,100
2019-06-28 09:32:30.000000000,100000,176,99990,176,100008,176,99989,376,100018,176,99986,176,100033,176,99985,176,100034,200,99984,100,100048,100,99969,100,100049,100,99938,100,100069,100,99937,100,100070,100,99932,100,100076,100,99927,100
2019-06-28 09:32:40.000000000,100000,204,99990,204,100008,201,99989,401,100018,201,99986,201,100033,100,99985,100,100034,200,99984,100,100048,100,99969,100,100049,100,99938,100,100069,100,99937,100,100070,100,99932,100,100076,100,99927,100
2019-06-28 09:32:41.530127399,100000,204,99990,104,100008,201,99989,401,100018,201,99986,201,100033,100,99985,100,100034,200,99984,100,100048,100,99969,100,100049,100,99938,100,100069,100,99937,100,100070,100,99932,100,100076,100,99927,100
2019-06-28 09:32:50.000000000,100000,253,99989,453,100008,253,99986,253,100018,100,99985,100,100033,100,99984,100,100034,200,99969,100,100048,100,99938,100,100049,100,99937,100,100069,100,99932,100,100070,100,99927,100,100076,100,99913,100
2019-06-28 09:32:55.166807301,100000,253,99989,453,100008,253,99986,253,100018,100,99985,100,100033,100,99984,100,100034,200,99969,100,100048,100,99938,100,100049,100,99937,100,100069,100,99932,100,100070,100,99927,100,100076,100,99913,100
2019-06-28 09:33:00.000000000,100000,161,99989,361,100008,161,99986,161,100018,161,99985,161,100033,161,99984,161,100034,261,99969,161,100048,100,99938,100,100049,100,99937,100,100069,100,99932,100,100070,100,99927,100,100076,100,99913,100
2019-06-28 09:33:10.000000000,100000,253,99989,453,100008,253,99986,253,100018,100,99985,100,100033,100,99984,100,100034,200,99969,100,100048,100,99938,100,100049,100,99937,100,100069,100,99932,100,100070,100,99927,100,100076,100,99913,100
2019-06-28 09:33:14.000224747,100000,253,99989,453,100008,253,99986,253,100018,100,99985,100,100033,100,99984,100,100034,200,99969,100,100048,100,99937,100,100049,100,99932,100,100069,100,99927,100,100070,100,99913,100,100076,100,99905,100
2019-06-28 09:33:16.033031002,100000,253,99989,353,100008,253,99986,253,100018,100,99985,100,100033,100,99984,100,100034,200,99969,100,100048,100,99937,100,100049,100,99932,100,100069,100,99927,100,100070,100,99913,100,100076,100,99905,100
2019-06-28 09:33:19.273776510,100000,253,99989,353,100008,253,99986,253,100018,100,99985,100,100033,100,99984,100,100034,200,99969,100,100048,100,99937,100,100049,100,99932,100,100069,100,99927,100,100070,100,99913,100,100076,100,99905,100
2019-06-28 09:33:20.000000000,100000,176,99989,276,100008,176,99986,176,100018,176,99985,176,100033,176,99984,176,100034,200,99969,100,100048,100,99937,100,100049,100,99932,100,100069,100,99927,100,100070,100,99913,100,100076,100,99905,100
2019-06-28 09:33:30.000000000,100000,176,99989,276,100008,176,99986,176,100018,176,99985,176,100033,176,99984,176,100034,200,99969,100,100048,100,99937,100,100049,100,99932,100,100069,100,99927,100,100070,100,99913,100,100076,100,99905,100
2019-06-28 09:33:33.317373180,100000,176,99989,176,100008,176,99986,176,100018,176,99985,176,100033,176,99984,176,100034,200,99969,100,100048,100,99937,100,100049,100,99932,100,100069,100,99927,100,100070,100,99913,100,100076,100,99905,100
2019-06-28 09:33:36.333894589,100000,176,99989,176,100006,100,99986,176,100008,176,99985,176,100018,176,99984,176,100033,176,99969,100,100034,200,99937,100,100048,100,99932,100,100049,100,99927,100,100069,100,99913,100,100070,100,99905,100
2019-06-28 09:33:40.000000000,100000,176,99989,176,100006,176,99986,176,100008,176,99985,176,100018,176,99984,176,100033,100,99969,100,100034,200,99937,100,100048,100,99932,100,100049,100,99927,100,100069,100,99913,100,100070,100,99905,100
2019-06-28 09:33:50.000000000,100000,406,99989,406,100006,100,99986,100,100008,100,99985,100,100018,100,99984,100,100033,100,99969,100,100034,200,99937,100,100048,100,99932,100,100049,100,99927,100,100069,100,99913,100,100070,100,99905,100
2019-06-28 09:34:00.000000000,100000,204,99989,204,100006,201,99986,201,100008,201,99985,201,100018,100,99984,100,100033,100,99969,100,100034,200,99937,100,100048,100,99932,100,100049,100,99927,100,100069,100,99913,100,100070,100,99905,100
2019-06-28 09:34:02.965291563,100000,204,99989,104,100006,201,99986,201,100008,201,99985,201,100018,100,99984,100,100033,100,99969,100,100034,200,99937,100,100048,100,99932,100,100049,100,99927,100,100069,100,99913,100,100070,100,99905,100
2019-06-28 09:34:10.000000000,100000,253,99986,253,100006,253,99985,253,100008,100,99984,100,100018,100,99969,100,100033,100,99937,100,100034,200,99932,100,100048,100,99927,100,100049,100,99913,100,100069,100,99905,100,100070,100,99898,100
2019-06-28 09:34:20.000000000,100000,253,99986,253,100006,253,99985,253,100008,100,99984,100,100018,100,99969,100,100033,100,99937,100,100034,200,99932,100,100048,100,99927,100,100049,100,99913,100,100069,100,99905,100,100070,100,99898,100
2019-06-28 09:34:30.000000000,100000,253,99986,253,100006,253,99985,253,100008,100,99984,100,100018,100,99969,100,100033,100,99937,100,100034,200,99932,100,100048,100,99927,100,100049,100,99913,100,100069,100,99905,100,100070,100,99898,100
2019-06-28 09:34:30.161523916,100000,253,99986,153,100006,253,99985,253,100008,100,99984,100,100018,100,99969,100,100033,100,99937,100,100034,200,99932,100,100048,100,99927,100,100049,100,99913,100,100069,100,99905,100,100070,100,99898,100
2019-06-28 09:34:32.251488590,100000,253,99986,153,100006,253,99985,253,100008,100,99984,100,100018,100,99969,100,100033,100,99937,100,100034,200,99932,100,100048,100,99927,100,100049,100,99913,100,100069,100,99905,100,100070,100,99898,100
2019-06-28 09:34:36.858916855,100000,253,99986,153,100006,253,99985,253,100008,100,99984,100,100018,100,99969,100,100033,100,99937,100,100034,200,99932,100,100048,100,99927,100,100049,100,99913,100,100069,100,99905,100,100070,100,99898,100
2019-06-28 09:34:40.000000000,100000,161,99985,161,100006,161,99984,161,100008,161,99969,161,100018,161,99937,161,100033,161,99932,161,100034,200,99927,100,100048,100,99913,100,100049,100,99905,100,100069,100,99898,100,100070,100,99893,100
2019-06-28 09:34:43.771136036,100000,161,99985,61,100006,161,99984,161,100008,161,99969,161,100018,161,99937,161,100033,61,99932,161,100034,200,99927,100,100048,100,99913,100,100049,100,99905,100,100069,100,99898,100,100070,100,99893,100
2019-06-28 09:34:48.783396983,100000,161,99985,61,100006,161,99984,161,100008,161,99969,161,100018,161,99937,161,100033,61,99932,161,100034,200,99927,100,100048,100,99913,100,100049,100,99905,100,100069,100,99898,100,100070,100,99893,100
2019-06-28 09:34:50.000000000,100000,204,99984,204,100006,201,99969,201,100008,201,99937,201,100018,100,99932,100,100034,200,99927,100,100048,100,99913,100,100049,100,99905,100,100069,100,99898,100,100070,100,99893,100,100076,100,99884,100
2019-06-28 09:35:00.000000000,100000,204,99984,204,100006,201,99969,201,100008,201,99937,201,100018,100,99932,100,100034,200,99927,100,100048,100,99913,100,100049,100,99905,100,100069,100,99898,100,100070,100,99893,100,100076,100,99884,100
2019-06-28 09:35:06.253376566,100000,204,99987,100,100006,201,99984,204,100008,201,99969,201,100018,100,99937,201,100034,200,99932,100,100048,100,99927,100,100049,100,99913,100,100069,100,99905,100,100070,100,99898,100,100076,100,99893,100
2019-06-28 09:35:10.000000000,100000,204,99987,204,100006,201,99984,201,100008,201,99969,201,100018,100,99937,100,100034,200,99932,100,100048,100,99927,100,100049,100,99913,100,100069,100,99905,100,100070,100,99898,100,100076,100,99893,100
2019-06-28 09:35:20.000000000,100000,253,99987,253,100006,253,99984,253,100008,100,99969,100,100018,100,99937,100,100034,200,99932,100,100048,100,99927,100,100049,100,99913,100,100069,100,99905,100,100070,100,99898,100,100076,100,99893,100
2019-06-28 09:35:30.000000000,100000,176,99987,176,100006,176,99984,176,100008,176,99969,176,100018,176,99937,176,100034,200,99932,100,100048,100,99927,100,100049,100,99913,100,100069,100,99905,100,100070,100,99898,100,100076,100,99893,100
2019-06-28 09:35:31.588998183,100000,176,99987,176,100006,176,99984,176,100008,176,99969,176,100018,176,99937,176,100034,200,99932,100,100048,100,99927,100,100049,100,99913,100,100069,100,99905,100,100070,100,99898,100,100076,100,99893,100
2019-06-28 09:35:37.534520105,100000,176,99987,76,100006,176,99984,176,100008,176,99969,176,100018,176,99937,176,100034,200,99932,100,100048,100,99927,100,100049,100,99913,100,100069,100,99905,100,100070,100,99898,100,100076,100,99893,100
2019-06-28 09:35:40.000000000,100000,204,99984,204,100006,201,99969,201,100008,201,99937,201,100018,100,99932,100,100034,200,99927,100,100048,100,99913,100,100049,100,99905,100,100069,100,99898,100,100070,100,99893,100,100076,100,99884,100
2019-06-28 09:35:40.643152001,100000,204,99984,204,100006,201,99969,201,100008,201,99937,201,100018,100,99932,100,100024,100,99927,100,100034,200,99913,100,100048,100,99905,100,100049,100,99898,100,100069,100,99893,100,100070,100,99884,100
2019-06-28 09:35:42.098646491,100000,204,99984,204,100006,201,99969,201,100008,201,99937,201,100018,100,99932,100,100024,100,99927,100,100034,200,99913,100,100048,100,99905,100,100049,100,99893,100,100069,100,99884,100,100070,100,99881,100
2019-06-28 09:35:48.003997136,100000,204,99984,204,100006,201,99969,201,100008,201,99937,201,100018,100,99932,100,100024,100,99927,100,100034,100,99913,100,100048,100,99905,100,100049,100,99893,100,100069,100,99884,100,100070,100,99881,100
2019-06-28 09:35:49.372882207,100000,204,99984,204,100006,201,99969,201,100008,201,99937,201,100018,100,99932,100,100024,100,99927,100,100034,100,99913,100,100048,100,99905,100,100049,100,99893,100,100057,100,99884,100,100069,100,99881,100
2019-06-28 09:35:50.000000000,100000,161,99984,161,100006,161,99969,161,100008,161,99937,161,100018,161,99932,161,100024,161,99927,161,100034,100,99913,100,100048,100,99905,100,100049,100,99893,100,100057,100,99884,100,100069,100,99881,100
2019-06-28 09:36:00.000000000,100000,161,99984,161,100006,161,99969,161,100008,161,99937,161,100018,161,99932,161,100024,161,99927,161,100034,100,99913,100,100048,100,99905,100,100049,100,99893,100,100057,100,99884,100,100069,100,99881,100
2019-06-28 09:36:10.000000000,100000,253,99984,253,100006,253,99969,253,100008,100,99937,100,100018,100,99932,100,100024,100,99927,100,100034,100,99913,100,100048,100,99905,100,100049,100,99893,100,100057,100,99884,100,100069,100,99881,100
2019-06-28 09:36:20.000000000,100000,204,99984,204,100006,201,99969,201,100008,201,99937,201,100018,100,99932,100,100024,100,99927,100,100034,100,99913,100,100048,100,99905,100,100049,100,99893,100,100057,100,99884,100,100069,100,99881,100
2019-06-28 09:36:26.891702909,100000,204,99984,104,100006,201,99969,201,100008,201,99937,201,100018,100,99932,100,100024,100,99927,100,100034,100,99913,100,100048,100,99905,100,100049,100,99893,100,100057,100,99884,100,100069,100,99881,100
2019-06-28 09:36:27.031966285,100000,204,99984,4,100006,201,99969,201,100008,201,99937,201,100018,100,99932,100,100024,100,99927,100,100034,100,99913,100,100048,100,99905,100,100049,100,99893,100,100057,100,99884,100,100069,100,99881,100
2019-06-28 09:36:27.334637393,99984,96,99969,201,100000,204,99937,201,100006,201,99932,100,100008,201,99927,100,100018,100,99913,100,100024,100,99905,100,100034,100,99893,100,100048,100,99884,100,100049,100,99881,100,100057,100,99877,100
2019-06-28 09:36:30.000000000,99984,200,99969,204,100000,201,99937,201,100006,201,99932,201,100008,100,99927,100,100018,100,99913,100,100024,100,99905,100,100034,100,99893,100,100048,100,99884,100,100049,100,99881,100,100057,100,99877,100
2019-06-28 09:36:32.215804985,99984,200,99969,104,100000,201,99937,201,100006,201,99932,201,100008,100,99927,100,100018,100,99913,100,100024,100,99905,100,100034,100,99893,100,100048,100,99884,100,100049,100,99881,100,100069,100,99877,100
2019-06-28 09:36:40.000000000,99984,200,99937,204,100000,201,99932,201,100006,201,99927,201,100008,100,99913,100,100018,100,99905,100,100024,100,99893,100,100034,100,99884,100,100048,100,99881,100,100049,100,99877,100,100069,100,99866,100
2019-06-28 09:36:43.040929238,99984,200,99937,204,100000,201,99932,201,100006,201,99927,201,100008,100,99913,100,100018,100,99905,100,100024,100,99893,100,100034,100,99884,100,100048,100,99881,100,100049,100,99877,100,100069,100,99866,100
2019-06-28 09:36:50.000000000,99984,249,99937,253,100000,253,99932,253,100006,100,99927,100,100008,100,99913,100,100018,100,99905,100,100024,100,99893,100,100034,100,99884,100,100048,100,99881,100,100049,100,99877,100,100069,100,99866,100
2019-06-28 09:37:00.000000000,99984,200,99937,204,100000,201,99932,201,100006,201,99927,201,100008,100,99913,100,100018,100,99905,100,100024,100,99893,100,100034,100,99884,100,100048,100,99881,100,100049,100,99877,100,100069,100,99866,100
2019-06-28 09:37:02.788652083,99984,200,99937,104,100000,201,99932,201,100006,201,99927,201,100008,100,99913,100,100018,100,99905,100,100024,100,99893,100,100034,100,99884,100,100048,100,99881,100,100049,100,99877,100,100069,100,99866,100
2019-06-28 09:37:10.000000000,99984,157,99932,161,100000,161,99927,161,100006,161,99913,161,100008,161,99905,161,100018,161,99893,161,100024,100,99884,100,100034,100,99881,100,100048,100,99877,100,100049,100,99866,100,100069,100,99854,100
2019-06-28 09:37:20.000000000,99984,172,99932,176,100000,176,99927,176,100006,176,99913,176,100008,176,99905,176,100018,100,99893,100,100024,100,99884,100,100034,100,99881,100,100048,100,99877,100,100049,100,99866,100,100069,100,99854,100
2019-06-28 09:37:30.000000000,99984,402,99932,406,100000,100,99927,100,100006,100,99913,100,100008,100,99905,100,100018,100,99893,100,100024,100,99884,100,100034,100,99881,100,100048,100,99877,100,100049,100,99866,100,100069,100,99854,100
2019-06-28 09:37:38.554166304,99969,100,99932,406,99984,402,99927,100,100000,100,99913,100,100006,100,99905,100,100008,100,99893,100,100018,100,99884,100,100024,100,99881,100,100034,100,99877,100,100048,100,99866,100,100049,100,99854,100
2019-06-28 09:37:40.000000000,99969,176,99932,176,99984,172,99927,176,100000,176,99913,176,100006,176,99905,176,100008,100,99893,100,100018,100,99884,100,100024,100,99881,100,100034,100,99877,100,100048,100,99866,100,100049,100,99854,100
2019-06-28 09:37:50.000000000,99969,161,99932,161,99984,157,99927,161,100000,161,99913,161,100006,161,99905,161,100008,161,99893,161,100018,100,99884,100,100024,100,99881,100,100034,100,99877,100,100048,100,99866,100,100049,100,99854,100
2019-06-28 09:38:00.000000000,99969,204,99932,204,99984,197,99927,201,100000,201,99913,201,100006,100,99905,100,100008,100,99893,100,100018,100,99884,100,100024,100,99881,100,100034,100,99877,100,100048,100,99866,100,100049,100,99854,100
2019-06-28 09:38:10.000000000,99969,406,99932,406,99984,96,99927,100,100000,100,99913,100,100006,100,99905,100,100008,100,99893,100,100018,100,99884,100,100024,100,99881,100,100034,100,99877,100,100048,100,99866,100,100049,100,99854,100
2019-06-28 09:38:20.000000000,99969,253,99932,253,99984,249,99927,253,100000,100,99913,100,100006,100,99905,100,100008,100,99893,100,100018,100,99884,100,100024,100,99881,100,100034,100,99877,100,100048,100,99866,100,100049,100,99854,100
2019-06-28 09:38:29.386570506,99969,353,99932,253,99984,249,99927,253,100000,100,99913,100,100006,100,99905,100,100008,100,99893,100,100018,100,99884,100,100024,100,99881,100,100034,100,99877,100,100048,100,99866,100,100049,100,99854,100
2019-06-28 09:38:30.000000000,99969,276,99932,176,99984,172,99927,176,100000,176,99913,176,100006,176,99905,176,100008,100,99893,100,100018,100,99884,100,100024,100,99881,100,100034,100,99877,100,100048,100,99866,100,100049,100,99854,100
2019-06-28 09:38:40.000000000,99969,261,99932,161,99984,157,99927,161,100000,161,99913,161,100006,161,99905,161,100008,161,99893,161,100018,100,99884,100,100024,100,99881,100,100034,100,99877,100,100048,100,99866,100,100049,100,99854,100
2019-06-28 09:38:42.474765515,99969,261,99932,161,99984,157,99927,161,100000,161,99913,161,100006,161,99905,161,100008,161,99893,161,100018,100,99884,100,100024,100,99881,100,100034,100,99877,100,100048,100,99866,100,100049,100,99854,100
2019-06-28 09:38:50.000000000,99969,506,99932,406,99984,96,99927,100,100000,100,99913,100,100006,100,99905,100,100008,100,99893,100,100018,100,99884,100,100024,100,99881,100,100034,100,99877,100,100048,100,99866,100,100049,100,99854,100
2019-06-28 09:39:00.000000000,99969,276,99932,176,99984,172,99927,176,100000,176,99913,176,100006,176,99905,176,100008,100,99893,100,100018,100,99884,100,100024,100,99881,100,100034,100,99877,100,100048,100,99866,100,100049,100,99854,100
2019-06-28 09:39:10.000000000,99969,353,99932,253,99984,249,99927,253,100000,100,99913,100,100006,100,99905,100,100008,100,99893,100,100018,100,99884,100,100024,100,99881,100,100034,100,99877,100,100048,100,99866,100,100049,100,99854,100
2019-06-28 09:39:20.000000000,99969,353,99932,253,99984,249,99927,253,100000,100,99913,100,100006,100,99905,100,100008,100,99893,100,100018,100,99884,100,100024,100,99881,100,100034,100,99877,100,100048,100,99866,100,100049,100,99854,100
2019-06-28 09:39:23.887116851,99969,353,99932,153,99984,249,99927,253,100000,100,99913,100,100006,100,99905,100,100008,100,99893,100,100018,100,99884,100,100024,100,99881,100,100034,100,99877,100,100048,100,99866,100,100049,100,99854,100
2019-06-28 09:39:30.000000000,99969,304,99927,204,99984,197,99913,201,100000,201,99905,201,100006,100,99893,100,100008,100,99884,100,100018,100,99881,100,100024,100,99877,100,100034,100,99866,100,100048,100,99854,100,100049,100,99817,100
2019-06-28 09:39:31.052673684,99969,304,99927,104,99984,197,99913,201,100000,101,99905,201,100006,100,99893,100,100008,100,99884,100,100018,100,99881,100,100024,100,99877,100,100034,100,99866,100,100048,100,99854,100,100049,100,99817,100
2019-06-28 09:39:32.619937461,99932,100,99927,104,99969,304,99913,201,99984,197,99905,201,100000,101,99893,100,100006,100,99884,100,100008,100,99881,100,100018,100,99877,100,100024,100,99866,100,100034,100,99854,100,100048,100,99817,100
2019-06-28 09:39:40.000000000,99932,253,99913,253,99969,353,99905,253,99984,96,99893,100,100006,100,99884,100,100008,100,99881,100,100018,100,99877,100,100024,100,99866,100,100034,100,99854,100,100048,100,99817,100,100049,100,99751,100
2019-06-28 09:39:50.000000000,99932,204,99913,204,99969,301,99905,201,99984,197,99893,201,100006,100,99884,100,100008,100,99881,100,100018,100,99877,100,100024,100,99866,100,100034,100,99854,100,100048,100,99817,100,100049,100,99751,100
2019-06-28 09:40:00.000000000,99932,253,99913,253,99969,353,99905,253,99984,96,99893,100,100006,100,99884,100,100008,100,99881,100,100018,100,99877,100,100024,100,99866,100,100034,100,99854,100,100048,100,99817,100,100049,100,99751,100
2019-06-28 09:40:10.000000000,99932,176,99913,176,99969,276,99905,176,99984,172,99893,176,100006,176,99884,176,100008,100,99881,100,100018,100,99877,100,100024,100,99866,100,100034,100,99854,100,100048,100,99817,100,100049,100,99751,100
2019-06-28 09:40:11.079484698,99932,176,99913,76,99969,276,99905,176,99984,172,99893,176,100006,176,99884,176,100008,100,99881,100,100018,100,99877,100,100024,100,99866,100,100034,100,99854,100,100048,100,99817,100,100049,100,99751,100
2019-06-28 09:40:16.829858455,99932,176,99913,76,99969,276,99905,176,99984,172,99893,176,100006,176,99884,176,100008,100,99881,100,100018,100,99877,100,100024,100,99866,100,100034,100,99854,100,100048,100,99817,100,100049,100,99751,100
2019-06-28 09:40:20.000000000,99932,253,99905,253,99969,353,99893,253,99984,96,99884,100,100006,100,99881,100,100008,100,99877,100,100018,100,99866,100,100024,100,99854,100,100034,100,99817,100,100048,100,99751,100,100049,100,99715,100
2019-06-28 09:40:30.000000000,99932,406,99905,406,99969,200,99893,100,99984,96,99884,100,100006,100,99881,100,100008,100,99877,100,100018,100,99866,100,100024,100,99854,100,100034,100,99817,100,100048,100,99751,100,100049,100,99715,100
2019-06-28 09:40:36.346864692,99927,100,99905,406,99932,406,99893,100,99969,200,99884,100,99984,96,99881,100,100006,100,99877,100,100008,100,99866,100,100018,100,99854,100,100024,100,99817,100,100034,100,99751,100,100048,100,99715,100
2019-06-28 09:40:38.000549961,99927,100,99905,406,99932,406,99893,100,99969,200,99884,100,99984,96,99881,100,100006,100,99877,100,100008,100,99866,100,100018,100,99817,100,100024,100,99751,100,100034,100,99715,100,100048,100,99708,100
2019-06-28 09:40:38.083939925,99927,100,99905,406,99932,406,99893,100,99969,200,99881,100,99984,96,99877,100,100006,100,99866,100,100008,100,99817,100,100018,100,99751,100,100024,100,99715,100,100034,100,99708,100,100048,100,99529,100
2019-06-28 09:40:40.000000000,99927,253,99905,253,99932,253,99893,253,99969,200,99881,100,99984,96,99877,100,100006,100,99866,100,100008,100,99817,100,100018,100,99751,100,100024,100,99715,100,100034,100,99708,100,100048,100,99529,100
2019-06-28 09:40:48.413338727,99927,253,99905,253,99932,253,99893,253,99969,200,99881,100,99984,96,99877,100,100006,100,99866,100,100008,100,99817,100,100018,100,99751,100,100024,100,99715,100,100034,100,99708,100,100048,100,99529,100
2019-06-28 09:40:50.000000000,99927,161,99905,161,99932,161,99893,161,99969,261,99881,161,99984,157,99877,161,100006,161,99866,161,100008,100,99817,100,100018,100,99751,100,100024,100,99715,100,100034,100,99708,100,100048,100,99529,100
2019-06-28 09:41:00.000000000,99927,204,99905,204,99932,201,99893,201,99969,301,99881,201,99984,96,99877,100,100006,100,99866,100,100008,100,99817,100,100018,100,99751,100,100024,100,99715,100,100034,100,99708,100,100048,100,99529,100
2019-06-28 09:41:10.000000000,99927,406,99905,406,99932,100,99893,100,99969,200,99881,100,99984,96,99877,100,100006,100,99866,100,100008,100,99817,100,100018,100,99751,100,100024,100,99715,100,100034,100,99708,100,100048,100,99529,100
2019-06-28 09:41:11.271552561,99927,406,99905,306,99932,100,99893,100,99969,200,99881,100,99984,96,99877,100,100006,100,99866,100,100008,100,99817,100,100018,100,99751,100,100024,100,99715,100,100034,100,99708,100,100048,100,99529,100
2019-06-28 09:41:14.099049952,99927,406,99905,306,99932,100,99893,100,99969,200,99881,100,99984,96,99877,100,100006,100,99866,100,100008,100,99817,100,100018,100,99751,100,100024,100,99715,100,100034,100,99708,100,100048,100,99529,100
2019-06-28 09:41:20.000000000,99927,161,99893,161,99932,161,99881,161,99969,261,99877,161,99984,157,99866,161,100006,161,99817,161,100008,100,99751,100,100018,100,99715,100,100024,100,99708,100,100034,100,99529,100,100048,100,99506,100
2019-06-28 09:41:30.000000000,99927,253,99893,253,99932,253,99881,253,99969,200,99877,100,99984,96,99866,100,100006,100,99817,100,100008,100,99751,100,100018,100,99715,100,100024,100,99708,100,100034,100,99529,100,100048,100,99506,100
2019-06-28 09:41:37.696563196,99927,253,99893,253,99932,253,99881,253,99969,200,99877,100,99984,96,99866,100,100006,100,99817,100,100008,100,99751,100,100018,100,99715,100,100024,100,99708,100,100034,100,99564,100,100048,100,99529,100
2019-06-28 09:41:40.000000000,99927,204,99893,204,99932,201,99881,201,99969,301,99877,201,99984,96,99866,100,100006,100,99817,100,100008,100,99751,100,100018,100,99715,100,100024,100,99708,100,100034,100,99564,100,100048,100,99529,100
2019-06-28 09:41:43.323231183,99927,204,99893,204,99932,201,99881,201,99969,301,99877,201,99984,96,99866,100,100006,100,99817,100,100008,100,99751,100,100018,100,99715,100,100024,100,99708,100,100034,100,99564,100,100048,100,99550,100
2019-06-28 09:41:50.000000000,99927,176,99893,176,99932,176,99881,176,99969,276,99877,176,99984,172,99866,176,100006,100,99817,100,100008,100,99751,100,100018,100,99715,100,100024,100,99708,100,100034,100,99564,100,100048,100,99550,100
2019-06-28 09:41:59.691518808,99927,176,99893,176,99932,176,99881,176,99969,276,99877,176,99984,172,99866,176,100006,100,99817,100,100008,100,99751,100,100018,100,99715,100,100024,100,99708,100,100034,100,99564,100,100048,100,99550,100
2019-06-28 09:42:00.000000000,99927,176,99893,176,99932,176,99881,176,99969,276,99877,176,99984,172,99866,176,100006,100,99817,100,100008,100,99751,100,100018,100,99715,100,100024,100,99708,100,100034,100,99564,100,100048,100,99550,100
2019-06-28 09:42:00.394587320,99913,100,99893,176,99927,176,99881,176,99932,176,99877,176,99969,276,99866,176,99984,172,99817,100,100006,100,99751,100,100008,100,99715,100,100018,100,99708,100,100024,100,99564,100,100034,100,99550,100
2019-06-28 09:42:10.000000000,99913,176,99893,176,99927,176,99881,176,99932,176,99877,176,99969,276,99866,176,99984,96,99817,100,100006,100,99751,100,100008,100,99715,100,100018,100,99708,100,100024,100,99564,100,100034,100,99550,100
2019-06-28 09:42:20.000000000,99913,161,99893,161,99927,161,99881,161,99932,161,99877,161,99969,261,99866,161,99984,157,99817,161,100006,100,99751,100,100008,100,99715,100,100018,100,99708,100,100024,100,99564,100,100034,100,99550,100
2019-06-28 09:42:30.000000000,99913,406,99893,406,99927,100,99881,100,99932,100,99877,100,99969,200,99866,100,99984,96,99817,100,100006,100,99751,100,100008,100,99715,100,100018,100,99708,100,100024,100,99564,100,100034,100,99550,100
2019-06-28 09:42:40.000000000,99913,406,99893,406,99927,100,99881,100,99932,100,99877,100,99969,200,99866,100,99984,96,99817,100,100006,100,99751,100,100008,100,99715,100,100018,100,99708,100,100024,100,99564,100,100034,100,99550,100
2019-06-28 09:42:50.000000000,99913,253,99893,253,99927,253,99881,253,99932,100,99877,100,99969,200,99866,100,99984,96,99817,100,100006,100,99751,100,100008,100,99715,100,100018,100,99708,100,100024,100,99564,100,100034,100,99550,100
2019-06-28 09:42:52.082636550,99913,353,99893,253,99927,253,99881,253,99932,100,99877,100,99969,200,99866,100,99984,96,99817,100,100006,100,99751,100,100008,100,99715,100,100018,100,99708,100,100024,100,99564,100,100034,100,99550,100
2019-06-28 09:42:57.985029114,99913,353,99893,153,99927,253,99881,253,99932,100,99877,100,99969,200,99866,100,99984,96,99817,100,100006,100,99751,100,100008,100,99715,100,100018,100,99708,100,100024,100,99564,100,100034,100,99550,100
2019-06-28 09:42:59.945570041,99905,100,99893,153,99913,353,99881,253,99927,253,99877,100,99932,100,99866,100,99969,200,99817,100,99984,96,99751,100,100006,100,99715,100,100008,100,99708,100,100018,100,99564,100,100024,100,99550,100
2019-06-28 09:43:00.000000000,99905,406,99881,406,99913,200,99877,100,99927,100,99866,100,99932,100,99817,100,99969,200,99751,100,99984,96,99715,100,100006,100,99708,100,100008,100,99564,100,100018,100,99550,100,100024,100,99529,100
2019-06-28 09:43:10.000000000,99905,253,99881,253,99913,353,99877,253,99927,100,99866,100,99932,100,99817,100,99969,200,99751,100,99984,96,99715,100,100006,100,99708,100,100008,100,99564,100,100018,100,99550,100,100024,100,99529,100
2019-06-28 09:43:12.245579678,99905,253,99881,253,99913,353,99877,253,99927,100,99866,100,99932,100,99817,100,99969,200,99751,100,99984,96,99715,100,100006,100,99708,100,100008,100,99564,100,100018,100,99550,100,100024,100,99529,100
2019-06-28 09:43:20.000000000,99905,204,99881,204,99913,301,99877,201,99927,201,99866,201,99932,100,99817,100,99969,200,99751,100,99984,96,99715,100,100006,100,99708,100,100008,100,99564,100,100018,100,99550,100,100024,100,99529,100
2019-06-28 09:43:30.000000000,99905,406,99881,406,99913,200,99877,100,99927,100,99866,100,99932,100,99817,100,99969,200,99751,100,99984,96,99715,100,100006,100,99708,100,100008,100,99564,100,100018,100,99550,100,100024,100,99529,100
2019-06-28 09:43:35.835945494,99905,406,99881,306,99913,200,99877,100,99927,100,99866,100,99932,100,99817,100,99969,200,99751,100,99984,96,99715,100,100006,100,99708,100,100008,100,99564,100,100018,100,99550,100,100024,100,99529,100
2019-06-28 09:43:40.000000000,99905,406,99877,406,99913,200,99866,100,99927,100,99817,100,99932,100,99751,100,99969,200,99715,100,99984,96,99708,100,100006,100,99564,100,100008,100,99550,100,100018,100,99529,100,100024,100,99506,100
2019-06-28 09:43:48.939638455,99905,406,99877,406,99913,200,99866,100,99927,100,99817,100,99932,100,99751,100,99969,200,99715,100,99984,96,99708,100,100006,100,99564,100,100008,100,99550,100,100018,100,99531,100,100024,100,99529,100
2019-06-28 09:43:50.000000000,99905,204,99877,204,99913,301,99866,201,99927,201,99817,201,99932,100,99751,100,99969,200,99715,100,99984,96,99708,100,100006,100,99564,100,100008,100,99550,100,100018,100,99531,100,100024,100,99529,100
2019-06-28 09:43:58.688612852,99905,204,99877,204,99913,301,99866,201,99927,201,99817,201,99932,100,99777,100,99969,200,99751,100,99984,96,99715,100,100006,100,99708,100,100008,100,99564,100,100018,100,99550,100,100024,100,99531,100
2019-06-28 09:43:58.736979623,99905,204,99877,104,99913,301,99866,201,99927,201,99817,201,99932,100,99777,100,99969,200,99751,100,99984,96,99715,100,100006,100,99708,100,100008,100,99564,100,100018,100,99550,100,100024,100,99531,100
2019-06-28 09:43:59.367366081,99905,204,99877,104,99913,301,99866,201,99927,201,99817,201,99932,100,99777,100,99969,200,99751,100,99984,96,99715,100,100006,100,99708,100,100008,100,99564,100,100018,100,99550,100,100024,100,99531,100
2019-06-28 09:44:00.000000000,99905,406,99866,406,99913,200,99817,100,99927,100,99777,100,99932,100,99751,100,99969,200,99715,100,99984,96,99708,100,100006,100,99564,100,100008,100,99550,100,100018,100,99531,100,100024,100,99529,100
2019-06-28 09:44:10.000000000,99905,176,99866,176,99913,276,99817,176,99927,176,99777,176,99932,176,99751,176,99969,200,99715,100,99984,96,99708,100,100006,100,99564,100,100008,100,99550,100,100018,100,99531,100,100024,100,99529,100
2019-06-28 09:44:17.907184121,99905,176,99866,176,99913,276,99817,176,99927,176,99777,176,99932,176,99751,176,99969,200,99715,100,99984,96,99708,100,100006,100,99564,100,100008,100,99550,100,100018,100,99531,100,100024,100,99529,100
2019-06-28 09:44:18.517690810,99881,100,99866,176,99905,176,99817,176,99913,276,99777,176,99927,176,99751,176,99932,176,99715,100,99969,200,99708,100,99984,96,99564,100,100006,100,99550,100,100008,100,99531,100,100018,100,99529,100
2019-06-28 09:44:20.000000000,99881,406,99866,406,99905,100,99817,100,99913,200,99777,100,99927,100,99751,100,99932,100,99715,100,99969,200,99708,100,99984,96,99564,100,100006,100,99550,100,100008,100,99531,100,100018,100,99529,100
2019-06-28 09:44:26.064070791,99881,506,99866,406,99905,100,99817,100,99913,200,99777,100,99927,100,99751,100,99932,100,99715,100,99969,200,99708,100,99984,96,99564,100,100006,100,99550,100,100008,100,99531,100,100018,100,99529,100
2019-06-28 09:44:30.000000000,99881,304,99866,204,99905,201,99817,201,99913,301,99777,201,99927,100,99751,100,99932,100,99715,100,99969,200,99708,100,99984,96,99564,100,100006,100,99550,100,100008,100,99531,100,100018,100,99529,100
2019-06-28 09:44:36.663736132,99881,404,99866,204,99905,201,99817,201,99913,301,99777,201,99927,100,99751,100,99932,100,99715,100,99969,200,99708,100,99984,96,99564,100,100006,100,99550,100,100008,100,99531,100,100018,100,99529,100
2019-06-28 09:44:40.000000000,99881,361,99866,161,99905,161,99817,161,99913,261,99777,161,99927,161,99751,161,99932,161,99715,161,99969,200,99708,100,99984,96,99564,100,100006,100,99550,100,100008,100,99531,100,100018,100,99529,100
2019-06-28 09:44:50.000000000,99881,453,99866,253,99905,253,99817,253,99913,200,99777,100,99927,100,99751,100,99932,100,99715,100,99969,200,99708,100,99984,96,99564,100,100006,100,99550,100,100008,100,99531,100,100018,100,99529,100
2019-06-28 09:45:00.000000000,99881,361,99866,161,99905,161,99817,161,99913,261,99777,161,99927,161,99751,161,99932,161,99715,161,99969,200,99708,100,99984,96,99564,100,100006,100,99550,100,100008,100,99531,100,100018,100,99529,100
2019-06-28 09:45:07.234903588,99881,361,99866,161,99905,61,99817,161,99913,261,99777,161,99927,161,99751,161,99932,161,99715,161,99969,200,99708,100,99984,96,99564,100,100006,100,99550,100,100008,100,99531,100,100018,100,99529,100
2019-06-28 09:45:10.000000000,99881,453,99866,253,99913,353,99817,253,99927,100,99777,100,99932,100,99751,100,99969,200,99715,100,99984,96,99708,100,100006,100,99564,100,100008,100,99550,100,100018,100,99531,100,100024,100,99529,100
2019-06-28 09:45:11.117440658,99881,553,99866,253,99913,353,99817,253,99927,100,99777,100,99932,100,99751,100,99969,200,99715,100,99984,96,99708,100,100006,100,99564,100,100008,100,99550,100,100018,100,99531,100,100024,100,99529,100
2019-06-28 09:45:18.920983391,99881,653,99866,253,99913,353,99817,253,99927,100,99777,100,99932,100,99751,100,99969,100,99715,100,99984,96,99708,100,100006,100,99564,100,100008,100,99550,100,100018,100,99531,100,100024,100,99529,100
2019-06-28 09:45:20.000000000,99881,561,99866,161,99913,261,99817,161,99927,161,99777,161,99932,161,99751,161,99969,161,99715,161,99984,96,99708,100,100006,100,99564,100,100008,100,99550,100,100018,100,99531,100,100024,100,99529,100
2019-06-28 09:45:30.000000000,99881,806,99866,406,99913,200,99817,100,99927,100,99777,100,99932,100,99751,100,99969,100,99715,100,99984,96,99708,100,100006,100,99564,100,100008,100,99550,100,100018,100,99531,100,100024,100,99529,100
2019-06-28 09:45:40.000000000,99881,653,99866,253,99913,353,99817,253,99927,100,99777,100,99932,100,99751,100,99969,100,99715,100,99984,96,99708,100,100006,100,99564,100,100008,100,99550,100,100018,100,99531,100,100024,100,99529,100
2019-06-28 09:45:50.000000000,99881,806,99866,406,99913,200,99817,100,99927,100,99777,100,99932,100,99751,100,99969,100,99715,100,99984,96,99708,100,100006,100,99564,100,100008,100,99550,100,100018,100,99531,100,100024,100,99529,100
2019-06-28 09:45:58.255141669,99881,806,99866,306,99913,200,99817,100,99927,100,99777,100,99932,100,99751,100,99969,100,99715,100,99984,96,99708,100,100006,100,99564,100,100008,100,99550,100,100018,100,99531,100,100024,100,99529,100
2019-06-28 09:46:00.000000000,99881,561,99817,161,99913,261,99777,161,99927,161,99751,161,99932,161,99715,161,99969,161,99708,161,99984,96,99564,100,100006,100,99550,100,100008,100,99531,100,100018,100,99529,100,100024,100,99506,100
2019-06-28 09:46:05.951006322,99881,561,99817,61,99913,261,99777,161,99927,161,99751,161,99932,161,99715,161,99969,161,99708,161,99984,96,99564,100,100006,100,99550,100,100008,100,99531,100,100018,100,99529,100,100034,100,99506,100
2019-06-28 09:46:10.000000000,99881,561,99777,161,99913,261,99751,161,99927,161,99715,161,99932,161,99708,161,99969,161,99564,161,99984,96,99550,100,100006,100,99531,100,100008,100,99529,100,100018,100,99506,100,100034,100,99449,100
2019-06-28 09:46:20.000000000,99881,576,99777,176,99913,276,99751,176,99927,176,99715,176,99932,176,99708,176,99969,100,99564,100,99984,96,99550,100,100006,100,99531,100,100008,100,99529,100,100018,100,99506,100,100034,100,99449,100
2019-06-28 09:46:30.000000000,99881,576,99777,176,99913,276,99751,176,99927,176,99715,176,99932,176,99708,176,99969,100,99564,100,99984,96,99550,100,100006,100,99531,100,100008,100,99529,100,100018,100,99506,100,100034,100,99449,100
2019-06-28 09:46:36.901527236,99881,576,99777,76,99913,276,99751,176,99927,176,99715,176,99932,176,99708,176,99969,100,99564,100,99984,96,99550,100,100006,100,99531,100,100008,100,99529,100,100018,100,99506,100,100034,100,99449,100
2019-06-28 09:46:40.000000000,99881,604,99751,204,99913,301,99715,201,99927,201,99708,201,99932,100,99564,100,99969,100,99550,100,99984,96,99531,100,100006,100,99529,100,100008,100,99506,100,100018,100,99449,100,100034,100,99404,100
2019-06-28 09:46:40.886885993,99881,604,99751,104,99913,301,99715,201,99927,201,99708,101,99932,100,99564,100,99969,100,99550,100,99984,96,99531,100,100006,100,99529,100,100008,100,99506,100,100018,100,99449,100,100034,100,99404,100
2019-06-28 09:46:50.000000000,99881,561,99715,161,99913,261,99564,161,99927,161,99550,161,99932,161,99531,161,99969,161,99529,161,99984,96,99506,100,100006,100,99449,100,100008,100,99404,100,100018,100,99403,100,100034,100,99392,100
2019-06-28 09:46:58.125365252,99777,100,99715,161,99881,561,99564,161,99913,261,99550,161,99927,161,99531,161,99932,161,99529,161,99969,161,99506,100,99984,96,99449,100,100006,100,99404,100,100008,100,99403,100,100018,100,99392,100
2019-06-28 09:47:00.000000000,99777,253,99715,253,99881,653,99564,253,99913,200,99550,100,99927,100,99531,100,99932,100,99529,100,99969,100,99506,100,99984,96,99449,100,100006,100,99404,100,100008,100,99403,100,100018,100,99392,100
2019-06-28 09:47:08.875293061,99777,253,99715,253,99881,653,99564,253,99913,100,99550,100,99927,100,99531,100,99932,100,99529,100,99969,100,99506,100,99984,96,99449,100,100006,100,99404,100,100008,100,99403,100,100018,100,99392,100
2019-06-28 09:47:10.000000000,99777,161,99715,161,99881,561,99564,161,99913,161,99550,161,99927,161,99531,161,99932,161,99529,161,99969,100,99506,100,99984,96,99449,100,100006,100,99404,100,100008,100,99403,100,100018,100,99392,100
2019-06-28 09:47:20.000000000,99777,176,99715,176,99881,576,99564,176,99913,176,99550,176,99927,176,99531,176,99932,100,99529,100,99969,100,99506,100,99984,96,99449,100,100006,100,99404,100,100008,100,99403,100,100018,100,99392,100
2019-06-28 09:47:25.040369441,99777,176,99715,176,99881,576,99564,176,99913,176,99550,176,99927,176,99531,176,99932,100,99529,100,99969,100,99506,100,99984,96,99449,100,100006,100,99404,100,100018,100,99403,100,100034,100,99392,100
2019-06-28 09:47:27.162838515,99777,176,99715,176,99881,576,99564,176,99913,176,99550,176,99927,176,99531,176,99932,100,99529,100,99969,100,99506,100,99984,96,99449,100,100006,100,99404,100,100018,100,99403,100,100034,100,99392,100
2019-06-28 09:47:30.000000000,99777,176,99715,176,99881,576,99564,176,99913,176,99550,176,99927,176,99531,176,99932,100,99529,100,99969,100,99506,100,99984,96,99449,100,100006,100,99404,100,100018,100,99403,100,100034,100,99392,100
2019-06-28 09:47:40.000000000,99777,253,99715,253,99881,653,99564,253,99913,100,99550,100,99927,100,99531,100,99932,100,99529,100,99969,100,99506,100,99984,96,99449,100,100006,100,99404,100,100018,100,99403,100,100034,100,99392,100
2019-06-28 09:47:50.000000000,99777,204,99715,204,99881,601,99564,201,99913,201,99550,201,99927,100,99531,100,99932,100,99529,100,99969,100,99506,100,99984,96,99449,100,100006,100,99404,100,100018,100,99403,100,100034,100,99392,100
2019-06-28 09:48:00.000000000,99777,161,99715,161,99881,561,99564,161,99913,161,99550,161,99927,161,99531,161,99932,161,99529,161,99969,100,99506,100,99984,96,99449,100,100006,100,99404,100,100018,100,99403,100,100034,100,99392,100
2019-06-28 09:48:10.000000000,99777,204,99715,204,99881,601,99564,201,99913,201,99550,201,99927,100,99531,100,99932,100,99529,100,99969,100,99506,100,99984,96,99449,100,100006,100,99404,100,100018,100,99403,100,100034,100,99392,100
2019-06-28 09:48:20.000000000,99777,161,99715,161,99881,561,99564,161,99913,161,99550,161,99927,161,99531,161,99932,161,99529,161,99969,100,99506,100,99984,96,99449,100,100006,100,99404,100,100018,100,99403,100,100034,100,99392,100
2019-06-28 09:48:24.753296924,99777,161,99715,61,99881,561,99564,161,99913,161,99550,161,99927,161,99531,161,99932,161,99529,161,99969,100,99506,100,99984,96,99449,100,100006,100,99404,100,100018,100,99403,100,100034,100,99392,100
2019-06-28 09:48:30.000000000,99777,176,99564,176,99881,576,99550,176,99913,176,99531,176,99927,176,99529,176,99932,100,99506,100,99969,100,99449,100,99984,96,99404,100,100006,100,99403,100,100018,100,99392,100,100034,100,99360,100
2019-06-28 09:48:35.244577512,99751,100,99564,176,99777,176,99550,176,99881,576,99531,176,99913,176,99529,176,99927,176,99506,100,99932,100,99449,100,99969,100,99404,100,99984,96,99403,100,100006,100,99392,100,100018,100,99360,100
2019-06-28 09:48:40.000000000,99751,176,99564,176,99777,176,99550,176,99881,576,99531,176,99913,176,99529,176,99927,100,99506,100,99932,100,99449,100,99969,100,99404,100,99984,96,99403,100,100006,100,99392,100,100018,100,99360,100
2019-06-28 09:48:45.528263825,99751,176,99564,76,99777,176,99550,176,99881,576,99531,176,99913,176,99529,176,99927,100,99506,100,99932,100,99449,100,99969,100,99404,100,99984,96,99403,100,100006,100,99392,100,100018,100,99360,100
2019-06-28 09:48:50.000000000,99751,176,99550,176,99777,176,99531,176,99881,576,99529,176,99913,176,99506,176,99927,100,99449,100,99932,100,99404,100,99969,100,99403,100,99984,96,99392,100,100006,100,99360,100,100018,100,99282,100
2019-06-28 09:48:57.657699138,99751,176,99550,76,99777,176,99531,176,99881,576,99529,176,99913,176,99506,176,99927,100,99449,100,99932,100,99404,100,99969,100,99403,100,99984,96,99392,100,100006,100,99360,100,100018,100,99282,100
2019-06-28 09:49:00.000000000,99751,253,99531,253,99777,253,99529,253,99881,500,99506,100,99913,100,99449,100,99927,100,99404,100,99932,100,99403,100,99969,100,99392,100,99984,96,99360,100,100006,100,99282,100,100018,100,99229,100
2019-06-28 09:49:06.831976483,99751,253,99531,153,99777,253,99529,253,99881,500,99506,100,99913,100,99449,100,99927,100,99404,100,99932,100,99403,100,99969,100,99392,100,99984,96,99360,100,100006,100,99282,100,100018,100,99229,100
2019-06-28 09:49:09.611800878,99751,253,99531,53,99777,253,99529,253,99881,500,99506,100,99913,100,99449,100,99927,100,99404,100,99932,100,99403,100,99969,100,99392,100,99984,96,99360,100,100006,100,99282,100,100018,100,99229,100
2019-06-28 09:49:10.000000000,99751,176,99529,176,99777,176,99506,176,99881,576,99449,176,99913,176,99404,176,99927,100,99403,100,99932,100,99392,100,99969,100,99360,100,99984,96,99282,100,100006,100,99229,100,100018,100,99181,100
2019-06-28 09:49:20.000000000,99751,176,99529,176,99777,176,99506,176,99881,576,99449,176,99913,176,99404,176,99927,100,99403,100,99932,100,99392,100,99969,100,99360,100,99984,96,99282,100,100006,100,99229,100,100018,100,99181,100
2019-06-28 09:49:30.000000000,99751,176,99529,176,99777,176,99506,176,99881,576,99449,176,99913,176,99404,176,99927,100,99403,100,99932,100,99392,100,99969,100,99360,100,99984,96,99282,100,100006,100,99229,100,100018,100,99181,100
2019-06-28 09:49:40.000000000,99751,161,99529,161,99777,161,99506,161,99881,561,99449,161,99913,161,99404,161,99927,161,99403,161,99932,100,99392,100,99969,100,99360,100,99984,96,99282,100,100006,100,99229,100,100018,100,99181,100
2019-06-28 09:49:50.000000000,99751,176,99529,176,99777,176,99506,176,99881,576,99449,176,99913,176,99404,176,99927,100,99403,100,99932,100,99392,100,99969,100,99360,100,99984,96,99282,100,100006,100,99229,100,100018,100,99181,100
2019-06-28 09:49:52.025185123,99751,176,99529,176,99777,176,99506,176,99881,576,99449,176,99913,176,99404,176,99927,100,99403,100,99932,100,99392,100,99969,100,99360,100,99984,96,99282,100,100006,100,99229,100,100018,100,99181,100
2019-06-28 09:50:00.000000000,99751,253,99529,253,99777,253,99506,253,99881,500,99449,100,99913,100,99404,100,99927,100,99403,100,99932,100,99392,100,99969,100,99360,100,99984,96,99282,100,100006,100,99229,100,100018,100,99181,100
2019-06-28 09:50:01.399428074,99751,253,99529,253,99777,253,99506,253,99881,500,99449,100,99913,100,99404,100,99927,100,99403,100,99932,100,99392,100,99969,100,99360,100,99984,96,99282,100,100006,100,99229,100,100018,100,99181,100
2019-06-28 09:50:03.568446005,99751,253,99529,253,99777,253,99506,253,99881,500,99404,100,99913,100,99403,100,99927,100,99392,100,99932,100,99360,100,99969,100,99282,100,99984,96,99229,100,100006,100,99181,100,100018,100,99179,100
2019-06-28 09:50:09.460219579,99751,253,99529,153,99777,253,99506,253,99881,500,99404,100,99913,100,99403,100,99927,100,99392,100,99932,100,99360,100,99969,100,99282,100,99984,96,99229,100,100006,100,99181,100,100018,100,99179,100
2019-06-28 09:50:10.000000000,99751,204,99506,204,99777,201,99404,201,99881,601,99403,201,99913,100,99392,100,99927,100,99360,100,99932,100,99282,100,99969,100,99229,100,99984,96,99181,100,100006,100,99179,100,100018,100,99060,100
2019-06-28 09:50:13.708873411,99751,204,99506,204,99777,201,99404,201,99881,601,99403,201,99913,100,99392,100,99927,100,99360,100,99932,100,99282,100,99969,100,99229,100,99984,96,99181,100,100006,100,99179,100,100018,100,99060,100
2019-06-28 09:50:20.000000000,99751,253,99506,253,99777,253,99404,253,99881,500,99403,100,99913,100,99392,100,99927,100,99360,100,99932,100,99282,100,99969,100,99229,100,99984,96,99181,100,100006,100,99179,100,100018,100,99060,100
2019-06-28 09:50:30.000000000,99751,406,99506,406,99777,100,99404,100,99881,500,99403,100,99913,100,99392,100,99927,100,99360,100,99932,100,99282,100,99969,100,99229,100,99984,96,99181,100,100006,100,99179,100,100018,100,99060,100
2019-06-28 09:50:40.000000000,99751,176,99506,176,99777,176,99404,176,99881,576,99403,176,99913,176,99392,176,99927,100,99360,100,99932,100,99282,100,99969,100,99229,100,99984,96,99181,100,100006,100,99179,100,100018,100,99060,100
2019-06-28 09:50:40.680240027,99751,176,99506,76,99777,176,99404,176,99881,576,99403,176,99913,176,99392,176,99927,100,99360,100,99932,100,99282,100,99969,100,99181,100,99984,96,99179,100,100006,100,99060,100,100018,100,98944,100
2019-06-28 09:50:50.000000000,99751,161,99404,161,99777,161,99403,161,99881,561,99392,161,99913,161,99360,161,99927,161,99282,161,99932,100,99181,100,99969,100,99179,100,99984,96,99060,100,100006,100,98944,100,100018,100,98884,100
2019-06-28 09:50:50.967862727,99751,161,99404,161,99777,161,99403,161,99881,561,99392,161,99913,161,99360,161,99927,161,99282,161,99932,100,99181,100,99969,100,99179,100,99984,96,99060,100,100006,100,98944,100,100018,100,98884,100
2019-06-28 09:51:00.000000000,99751,161,99404,161,99777,161,99403,161,99881,561,99392,161,99913,161,99360,161,99927,161,99282,161,99932,100,99181,100,99969,100,99179,100,99984,96,99060,100,100006,100,98944,100,100018,100,98884,100
2019-06-28 09:51:02.794155444,99751,161,99404,161,99777,161,99403,161,99881,561,99392,161,99913,161,99360,61,99927,161,99282,161,99932,100,99181,100,99969,100,99179,100,99984,96,99060,100,100006,100,98944,100,100018,100,98884,100
2019-06-28 09:51:07.085786237,99751,161,99404,161,99777,161,99403,161,99881,561,99392,161,99913,161,99360,61,99927,161,99282,161,99969,100,99181,100,99984,96,99179,100,100006,100,99060,100,100018,100,98944,100,100034,100,98884,100
2019-06-28 09:51:10.000000000,99751,253,99404,253,99777,253,99403,253,99881,500,99392,100,99913,100,99282,100,99927,100,99181,100,99969,100,99179,100,99984,96,99060,100,100006,100,98944,100,100018,100,98884,100,100034,100,98818,100
2019-06-28 09:51:10.268149566,99751,253,99404,253,99777,253,99403,253,99881,500,99392,100,99913,100,99282,100,99927,100,99181,100,99969,100,99179,100,99984,96,99060,100,100006,100,98944,100,100018,100,98884,100,100034,100,98818,100
2019-06-28 09:51:20.000000000,99751,161,99404,161,99777,161,99403,161,99881,561,99392,161,99913,161,99282,161,99927,161,99181,161,99969,100,99179,100,99984,96,99060,100,100006,100,98944,100,100018,100,98884,100,100034,100,98818,100
2019-06-28 09:51:30.000000000,99751,161,99404,161,99777,161,99403,161,99881,561,99392,161,99913,161,99282,161,99927,161,99181,161,99969,100,99179,100,99984,96,99060,100,100006,100,98944,100,100018,100,98884,100,100034,100,98818,100
2019-06-28 09:51:40.000000000,99751,176,99404,176,99777,176,99403,176,99881,576,99392,176,99913,176,99282,176,99927,100,99181,100,99969,100,99179,100,99984,96,99060,100,100006,100,98944,100,100018,100,98884,100,100034,100,98818,100
2019-06-28 09:51:50.000000000,99751,161,99404,161,99777,161,99403,161,99881,561,99392,161,99913,161,99282,161,99927,161,99181,161,99969,100,99179,100,99984,96,99060,100,100006,100,98944,100,100018,100,98884,100,100034,100,98818,100
2019-06-28 09:52:00.000000000,99751,176,99404,176,99777,176,99403,176,99881,576,99392,176,99913,176,99282,176,99927,100,99181,100,99969,100,99179,100,99984,96,99060,100,100006,100,98944,100,100018,100,98884,100,100034,100,98818,100
2019-06-28 09:52:01.920151209,99751,176,99404,176,99777,176,99403,176,99881,576,99392,176,99913,176,99282,176,99927,100,99181,100,99969,100,99179,100,99984,96,99060,100,100006,100,98944,100,100018,100,98884,100,100034,100,98875,100
2019-06-28 09:52:10.000000000,99751,161,99404,161,99777,161,99403,161,99881,561,99392,161,99913,161,99282,161,99927,161,99181,161,99969,100,99179,100,99984,96,99060,100,100006,100,98944,100,100018,100,98884,100,100034,100,98875,100
2019-06-28 09:52:15.737773976,99751,161,99404,161,99777,161,99403,161,99881,561,99392,161,99913,161,99282,161,99927,161,99181,161,99969,100,99179,100,99984,96,99060,100,100018,100,98959,100,100034,100,98944,100,100154,100,98884,100
2019-06-28 09:52:20.000000000,99751,204,99404,204,99777,201,99403,201,99881,601,99392,201,99913,100,99282,100,99927,100,99181,100,99969,100,99179,100,99984,96,99060,100,100018,100,98959,100,100034,100,98944,100,100154,100,98884,100
2019-06-28 09:52:30.000000000,99751,204,99404,204,99777,201,99403,201,99881,601,99392,201,99913,100,99282,100,99927,100,99181,100,99969,100,99179,100,99984,96,99060,100,100018,100,98959,100,100034,100,98944,100,100154,100,98884,100
2019-06-28 09:52:40.000000000,99751,176,99404,176,99777,176,99403,176,99881,576,99392,176,99913,176,99282,176,99927,100,99181,100,99969,100,99179,100,99984,96,99060,100,100018,100,98959,100,100034,100,98944,100,100154,100,98884,100
2019-06-28 09:52:45.745513378,99751,176,99404,76,99777,176,99403,176,99881,576,99392,176,99913,176,99282,176,99927,100,99181,100,99969,100,99179,100,99984,96,99060,100,100018,100,98959,100,100034,100,98944,100,100154,100,98884,100
2019-06-28 09:52:50.000000000,99751,176,99403,176,99777,176,99392,176,99881,576,99282,176,99913,176,99181,176,99927,100,99179,100,99969,100,99060,100,99984,96,98959,100,100018,100,98944,100,100034,100,98884,100,100154,100,98875,100
2019-06-28 09:52:52.165010651,99751,176,99403,176,99777,176,99392,176,99881,576,99282,176,99913,176,99181,176,99927,100,99179,100,99969,100,99060,100,99984,96,99013,100,100018,100,98959,100,100034,100,98944,100,,,98884,100
2019-06-28 09:53:00.000000000,99751,161,99403,161,99777,161,99392,161,99881,561,99282,161,99913,161,99181,161,99927,161,99179,161,99969,100,99060,100,99984,96,99013,100,100018,100,98959,100,100034,100,98944,100,,,98884,100
2019-06-28 09:53:10.000000000,99751,176,99403,176,99777,176,99392,176,99881,576,99282,176,99913,176,99181,176,99927,100,99179,100,99969,100,99060,100,99984,96,99013,100,100018,100,98959,100,100034,100,98944,100,,,98884,100
2019-06-28 09:53:20.000000000,99751,204,99403,204,99777,201,99392,201,99881,601,99282,201,99913,100,99181,100,99927,100,99179,100,99969,100,99060,100,99984,96,99013,100,100018,100,98959,100,100034,100,98944,100,,,98884,100
2019-06-28 09:53:30.000000000,99751,406,99403,406,99777,100,99392,100,99881,500,99282,100,99913,100,99181,100,99927,100,99179,100,99969,100,99060,100,99984,96,99013,100,100018,100,98959,100,100034,100,98944,100,,,98884,100
2019-06-28 09:53:30.927848026,99751,406,99403,306,99777,100,99392,100,99881,500,99282,100,99913,100,99181,100,99927,100,99179,100,99969,100,99060,100,99984,96,99013,100,100018,100,98959,100,100034,100,98944,100,,,98884,100
2019-06-28 09:53:40.000000000,99751,204,99392,204,99777,201,99282,201,99881,601,99181,201,99913,100,99179,100,99927,100,99060,100,99969,100,99013,100,99984,96,98959,100,100018,100,98944,100,100034,100,98884,100,,,98875,100
2019-06-28 09:53:40.305814203,99751,204,99392,204,99777,201,99282,201,99881,601,99181,201,99913,100,99179,100,99969,100,99060,100,99984,96,99013,100,100018,100,98959,100,100034,100,98944,100,,,98884,100,,,98875,100
2019-06-28 09:53:45.761145449,99751,204,99392,204,99777,201,99282,201,99881,601,99181,201,99913,100,99179,100,99969,100,99060,100,99984,96,99013,100,100018,100,98983,100,100034,100,98959,100,,,98944,100,,,98884,100
2019-06-28 09:53:50.000000000,99751,204,99392,204,99777,201,99282,201,99881,601,99181,201,99913,100,99179,100,99969,100,99060,100,99984,96,99013,100,100018,100,98983,100,100034,100,98959,100,,,98944,100,,,98884,100
2019-06-28 09:53:51.984850390,99751,204,99392,104,99777,201,99282,201,99881,601,99181,201,99913,100,99179,100,99969,100,99060,100,99984,96,99013,100,100018,100,98983,100,100034,100,98959,100,,,98944,100,,,98884,100
2019-06-28 09:54:00.000000000,99751,253,99282,253,99777,253,99181,253,99881,500,99179,100,99913,100,99060,100,99969,100,99013,100,99984,96,98983,100,100018,100,98959,100,100034,100,98944,100,,,98884,100,,,98875,100
2019-06-28 09:54:09.628369404,99751,253,99282,153,99777,253,99181,253,99881,500,99179,100,99913,100,99060,100,99969,100,99013,100,99984,96,98983,100,100018,100,98959,100,100034,100,98944,100,,,98884,100,,,98875,100
2019-06-28 09:54:10.000000000,99751,161,99181,161,99777,161,99179,161,99881,561,99060,161,99913,161,99013,161,99969,161,98983,161,99984,96,98959,100,100018,100,98944,100,100034,100,98884,100,,,98875,100,,,98818,100
2019-06-28 09:54:20.000000000,99751,176,99181,176,99777,176,99179,176,99881,576,99060,176,99913,176,99013,176,99969,100,98983,100,99984,96,98959,100,100018,100,98944,100,100034,100,98884,100,,,98875,100,,,98818,100
2019-06-28 09:54:30.000000000,99751,176,99181,176,99777,176,99179,176,99881,576,99060,176,99913,176,99013,176,99969,100,98983,100,99984,96,98959,100,100018,100,98944,100,100034,100,98884,100,,,98875,100,,,98818,100
2019-06-28 09:54:40.000000000,99751,204,99181,204,99777,201,99179,201,99881,601,99060,201,99913,100,99013,100,99969,100,98983,100,99984,96,98959,100,100018,100,98944,100,100034,100,98884,100,,,98875,100,,,98818,100
2019-06-28 09:54:50.000000000,99751,253,99181,253,99777,253,99179,253,99881,500,99060,100,99913,100,99013,100,99969,100,98983,100,99984,96,98959,100,100018,100,98944,100,100034,100,98884,100,,,98875,100,,,98818,100
2019-06-28 09:54:57.966224291,99392,100,99181,253,99751,253,99179,253,99777,253,99060,100,99881,500,99013,100,99913,100,98983,100,99969,100,98959,100,99984,96,98944,100,100018,100,98884,100,100034,100,98875,100,,,98818,100
2019-06-28 09:55:00.000000000,99392,204,99181,204,99751,201,99179,201,99777,201,99060,201,99881,500,99013,100,99913,100,98983,100,99969,100,98959,100,99984,96,98944,100,100018,100,98884,100,100034,100,98875,100,,,98818,100
2019-06-28 09:55:10.000000000,99392,406,99181,406,99751,100,99179,100,99777,100,99060,100,99881,500,99013,100,99913,100,98983,100,99969,100,98959,100,99984,96,98944,100,100018,100,98884,100,100034,100,98875,100,,,98818,100
2019-06-28 09:55:13.308299318,99392,406,99181,406,99478,100,99179,100,99751,100,99060,100,99777,100,99013,100,99881,500,98983,100,99913,100,98959,100,99969,100,98944,100,99984,96,98884,100,100018,100,98875,100,100034,100,98818,100
2019-06-28 09:55:20.000000000,99392,204,99181,204,99478,201,99179,201,99751,201,99060,201,99777,100,99013,100,99881,500,98983,100,99913,100,98959,100,99969,100,98944,100,99984,96,98884,100,100018,100,98875,100,100034,100,98818,100
2019-06-28 09:55:25.620605492,99392,204,99184,100,99478,201,99181,104,99751,201,99179,201,99777,100,99060,201,99881,500,99013,100,99913,100,98983,100,99969,100,98959,100,99984,96,98944,100,100018,100,98884,100,100034,100,98875,100
2019-06-28 09:55:30.000000000,99392,176,99184,176,99478,176,99179,176,99751,176,99060,176,99777,176,99013,176,99881,500,98983,100,99913,100,98959,100,99969,100,98944,100,99984,96,98884,100,100018,100,98875,100,100034,100,98818,100
2019-06-28 09:55:40.000000000,99392,176,99184,176,99478,176,99179,176,99751,176,99060,176,99777,176,99013,176,99881,500,98983,100,99913,100,98959,100,99969,100,98944,100,99984,96,98884,100,100018,100,98875,100,100034,100,98818,100
2019-06-28 09:55:50.000000000,99392,176,99184,176,99478,176,99179,176,99751,176,99060,176,99777,176,99013,176,99881,500,98983,100,99913,100,98959,100,99969,100,98944,100,99984,96,98884,100,100018,100,98875,100,100034,100,98818,100
2019-06-28 09:55:54.589505736,99392,76,99184,176,99478,176,99179,176,99751,176,99060,176,99777,176,99013,176,99881,500,98983,100,99913,100,98959,100,99969,100,98944,100,99984,96,98884,100,100018,100,98875,100,100034,100,98818,100
2019-06-28 09:55:58.610279514,99392,76,99184,176,99478,176,99179,176,99751,176,99060,176,99777,176,99013,76,99791,100,98983,100,99881,500,98959,100,99913,100,98944,100,99969,100,98884,100,99984,96,98875,100,100018,100,98818,100
2019-06-28 09:56:00.000000000,99478,406,99184,406,99751,100,99179,100,99777,100,99060,100,99791,100,98983,100,99881,500,98959,100,99913,100,98944,100,99969,100,98884,100,99984,96,98875,100,100018,100,98818,100,100034,100,98800,100
2019-06-28 09:56:00.603490006,99478,406,99184,406,99751,100,99179,100,99777,100,99060,100,99791,100,98983,100,99854,100,98959,100,99881,500,98944,100,99913,100,98884,100,99969,100,98875,100,99984,96,98818,100,100018,100,98800,100
2019-06-28 09:56:10.000000000,99478,406,99184,406,99751,100,99179,100,99777,100,99060,100,99791,100,98983,100,99854,100,98959,100,99881,500,98944,100,99913,100,98884,100,99969,100,98875,100,99984,96,98818,100,100018,100,98800,100
2019-06-28 09:56:20.000000000,99478,161,99184,161,99751,161,99179,161,99777,161,99060,161,99791,161,98983,161,99854,161,98959,161,99881,500,98944,100,99913,100,98884,100,99969,100,98875,100,99984,96,98818,100,100018,100,98800,100
2019-06-28 09:56:30.000000000,99478,406,99184,406,99751,100,99179,100,99777,100,99060,100,99791,100,98983,100,99854,100,98959,100,99881,500,98944,100,99913,100,98884,100,99969,100,98875,100,99984,96,98818,100,100018,100,98800,100
2019-06-28 09:56:40.000000000,99478,406,99184,406,99751,100,99179,100,99777,100,99060,100,99791,100,98983,100,99854,100,98959,100,99881,500,98944,100,99913,100,98884,100,99969,100,98875,100,99984,96,98818,100,100018,100,98800,100
2019-06-28 09:56:50.000000000,99478,204,99184,204,99751,201,99179,201,99777,201,99060,201,99791,100,98983,100,99854,100,98959,100,99881,500,98944,100,99913,100,98884,100,99969,100,98875,100,99984,96,98818,100,100018,100,98800,100
2019-06-28 09:57:00.000000000,99478,204,99184,204,99751,201,99179,201,99777,201,99060,201,99791,100,98983,100,99854,100,98959,100,99881,500,98944,100,99913,100,98884,100,99969,100,98875,100,99984,96,98818,100,100018,100,98800,100
2019-06-28 09:57:10.000000000,99478,204,99184,204,99751,201,99179,201,99777,201,99060,201,99791,100,98983,100,99854,100,98959,100,99881,500,98944,100,99913,100,98884,100,99969,100,98875,100,99984,96,98818,100,100018,100,98800,100
2019-06-28 09:57:20.000000000,99478,406,99184,406,99751,100,99179,100,99777,100,99060,100,99791,100,98983,100,99854,100,98959,100,99881,500,98944,100,99913,100,98884,100,99969,100,98875,100,99984,96,98818,100,100018,100,98800,100
2019-06-28 09:57:30.000000000,99478,176,99184,176,99751,176,99179,176,99777,176,99060,176,99791,176,98983,176,99854,100,98959,100,99881,500,98944,100,99913,100,98884,100,99969,100,98875,100,99984,96,98818,100,100018,100,98800,100
2019-06-28 09:57:30.346368971,99478,176,99184,76,99751,176,99179,176,99777,176,99060,176,99791,176,98983,176,99854,100,98959,100,99881,500,98944,100,99913,100,98884,100,99969,100,98875,100,99984,96,98818,100,100018,100,98800,100
2019-06-28 09:57:37.081538131,99184,24,99179,176,99478,176,99060,176,99751,176,98983,176,99777,176,98959,100,99791,176,98944,100,99854,100,98884,100,99881,500,98875,100,99913,100,98818,100,99969,100,98800,100,99984,96,98543,100
2019-06-28 09:57:40.000000000,99184,85,99179,161,99478,161,99060,161,99751,161,98983,161,99777,161,98959,161,99791,161,98944,161,99854,100,98884,100,99881,500,98875,100,99913,100,98818,100,99969,100,98800,100,99984,96,98543,100
2019-06-28 09:57:40.384603885,99184,185,99179,161,99478,161,99060,161,99751,161,98983,161,99777,161,98959,161,99791,161,98944,161,99854,100,98884,100,99881,500,98875,100,99913,100,98818,100,99969,100,98800,100,99984,96,98543,100
2019-06-28 09:57:50.000000000,99184,185,99179,161,99478,161,99060,161,99751,161,98983,161,99777,161,98959,161,99791,161,98944,161,99854,100,98884,100,99881,500,98875,100,99913,100,98818,100,99969,100,98800,100,99984,96,98543,100
2019-06-28 09:57:50.840950898,99184,285,99179,161,99478,161,99060,161,99751,161,98983,161,99777,161,98959,161,99791,161,98944,161,99854,100,98884,100,99881,400,98875,100,99913,100,98818,100,99969,100,98800,100,99984,96,98543,100
2019-06-28 09:57:57.361735752,99184,285,99179,61,99478,161,99060,161,99751,161,98983,161,99777,161,98959,161,99791,161,98944,161,99854,100,98884,100,99881,400,98875,100,99913,100,98818,100,99969,100,98800,100,99984,96,98543,100
2019-06-28 09:58:00.000000000,99184,285,99060,161,99478,161,98983,161,99751,161,98959,161,99777,161,98944,161,99791,161,98884,161,99854,100,98875,100,99881,400,98818,100,99913,100,98800,100,99969,100,98543,100,99984,96,98443,100
2019-06-28 09:58:02.394126663,99184,285,99060,161,99478,161,98983,161,99751,161,98959,161,99777,161,98944,161,99791,161,98884,161,99854,100,98875,100,99881,400,98818,100,99913,100,98800,100,99969,100,98543,100,99984,96,98443,100
2019-06-28 09:58:03.325053189,99183,100,99060,161,99184,285,98983,161,99478,161,98959,161,99751,161,98944,161,99777,161,98884,161,99791,161,98875,100,99854,100,98818,100,99881,400,98800,100,99913,100,98543,100,99969,100,98443,100
2019-06-28 09:58:10.000000000,99183,204,99060,204,99184,325,98983,201,99478,201,98959,201,99751,100,98944,100,99777,100,98884,100,99791,100,98875,100,99854,100,98818,100,99881,400,98800,100,99913,100,98543,100,99969,100,98443,100
2019-06-28 09:58:15.382125765,99183,204,99060,204,99184,325,98983,201,99478,201,98959,201,99751,100,98944,100,99777,100,98884,100,99791,100,98875,100,99854,100,98818,100,99881,400,98800,100,99913,100,98680,100,99969,100,98543,100
2019-06-28 09:58:20.000000000,99183,176,99060,176,99184,300,98983,176,99478,176,98959,176,99751,176,98944,176,99777,100,98884,100,99791,100,98875,100,99854,100,98818,100,99881,400,98800,100,99913,100,98680,100,99969,100,98543,100
2019-06-28 09:58:30.000000000,99183,161,99060,161,99184,285,98983,161,99478,161,98959,161,99751,161,98944,161,99777,161,98884,161,99791,100,98875,100,99854,100,98818,100,99881,400,98800,100,99913,100,98680,100,99969,100,98543,100
2019-06-28 09:58:40.000000000,99183,161,99060,161,99184,285,98983,161,99478,161,98959,161,99751,161,98944,161,99777,161,98884,161,99791,100,98875,100,99854,100,98818,100,99881,400,98800,100,99913,100,98680,100,99969,100,98543,100
2019-06-28 09:58:46.871489243,99183,161,99060,61,99184,285,98983,161,99478,161,98959,161,99751,161,98944,161,99777,161,98884,161,99791,100,98875,100,99854,100,98818,100,99881,400,98800,100,99913,100,98680,100,99969,100,98543,100
2019-06-28 09:58:50.000000000,99183,204,98983,204,99184,325,98959,201,99478,201,98944,201,99751,100,98884,100,99777,100,98875,100,99791,100,98818,100,99854,100,98800,100,99881,400,98680,100,99913,100,98543,100,99969,100,98443,100
2019-06-28 09:58:50.148855378,99183,204,98983,204,99184,325,98959,201,99478,201,98944,201,99751,100,98884,100,99777,100,98875,100,99791,100,98818,100,99854,100,98800,100,99881,400,98680,100,99913,100,98590,100,99969,100,98543,100
2019-06-28 09:59:00.000000000,99183,253,98983,253,99184,377,98959,253,99478,100,98944,100,99751,100,98884,100,99777,100,98875,100,99791,100,98818,100,99854,100,98800,100,99881,400,98680,100,99913,100,98590,100,99969,100,98543,100
2019-06-28 09:59:01.044980888,99183,253,98983,253,99184,377,98959,253,99478,100,98944,100,99751,100,98884,100,99777,100,98875,100,99791,100,98818,100,99854,100,98800,100,99881,300,98680,100,99913,100,98590,100,99969,100,98543,100
2019-06-28 09:59:03.229905480,99183,253,98983,253,99184,377,98959,253,99478,100,98944,100,99751,100,98884,100,99777,100,98875,100,99791,100,98818,100,99854,100,98800,100,99881,300,98680,100,99913,100,98600,100,99969,100,98590,100
2019-06-28 09:59:09.367463684,99183,253,98983,253,99184,377,98959,253,99478,100,98944,100,99751,100,98884,100,99777,100,98875,100,99791,100,98818,100,99854,100,98800,100,99881,300,98680,100,99913,100,98648,100,99969,100,98600,100
2019-06-28 09:59:10.000000000,99183,176,98983,176,99184,300,98959,176,99478,176,98944,176,99751,176,98884,176,99777,100,98875,100,99791,100,98818,100,99854,100,98800,100,99881,300,98680,100,99913,100,98648,100,99969,100,98600,100
2019-06-28 09:59:17.691262056,99179,100,98983,176,99183,176,98959,176,99184,300,98944,176,99478,176,98884,176,99751,176,98875,100,99777,100,98818,100,99791,100,98800,100,99854,100,98680,100,99881,300,98648,100,99913,100,98600,100
2019-06-28 09:59:20.000000000,99179,204,98983,204,99183,201,98959,201,99184,325,98944,201,99478,100,98884,100,99751,100,98875,100,99777,100,98818,100,99791,100,98800,100,99854,100,98680,100,99881,300,98648,100,99913,100,98600,100
2019-06-28 09:59:22.142832468,99179,304,98983,204,99183,201,98959,201,99184,325,98944,201,99478,100,98884,100,99751,100,98875,100,99777,100,98818,100,99791,100,98800,100,99854,100,98680,100,99881,200,98648,100,99913,100,98600,100
2019-06-28 09:59:30.000000000,99179,276,98983,176,99183,176,98959,176,99184,300,98944,176,99478,176,98884,176,99751,100,98875,100,99777,100,98818,100,99791,100,98800,100,99854,100,98680,100,99881,200,98648,100,99913,100,98600,100
2019-06-28 09:59:31.757055953,99179,276,98983,176,99183,176,98959,176,99184,300,98944,176,99227,100,98884,176,99478,176,98875,100,99751,100,98818,100,99777,100,98800,100,99791,100,98680,100,99854,100,98648,100,99881,200,98600,100
2019-06-28 09:59:40.000000000,99179,276,98983,176,99183,176,98959,176,99184,300,98944,176,99227,176,98884,176,99478,100,98875,100,99751,100,98818,100,99777,100,98800,100,99791,100,98680,100,99854,100,98648,100,99881,200,98600,100
2019-06-28 09:59:44.062211802,99179,276,98983,76,99183,176,98959,176,99184,300,98944,176,99227,176,98884,176,99478,100,98875,100,99751,100,98818,100,99777,100,98800,100,99791,100,98680,100,99854,100,98648,100,99881,200,98600,100
2019-06-28 09:59:50.000000000,99179,506,98959,406,99183,100,98944,100,99184,224,98884,100,99227,100,98875,100,99478,100,98818,100,99751,100,98800,100,99777,100,98680,100,99791,100,98648,100,99854,100,98600,100,99881,200,98590,100
2019-06-28 09:59:58.735650611,99179,406,98984,100,99183,100,98959,406,99184,224,98944,100,99227,100,98884,100,99478,100,98875,100,99751,100,98818,100,99777,100,98800,100,99791,100,98680,100,99854,100,98648,100,99881,200,98600,100
2019-06-28 10:00:00.000000000,99179,161,98984,161,99183,161,98959,161,99184,285,98944,161,99227,161,98884,161,99478,161,98875,161,99751,100,98818,100,99777,100,98800,100,99791,100,98680,100,99854,100,98648,100,99881,200,98600,100
2019-06-28 10:00:10.000000000,99179,161,98984,161,99183,161,98959,161,99184,285,98944,161,99227,161,98884,161,99478,161,98875,161,99751,100,98818,100,99777,100,98800,100,99791,100,98680,100,99854,100,98648,100,99881,200,98600,100
2019-06-28 10:00:19.801347950,99179,161,98984,261,99183,161,98959,161,99184,285,98944,161,99227,161,98884,161,99478,161,98875,161,99751,100,98818,100,99777,100,98800,100,99791,100,98680,100,99854,100,98648,100,99881,200,98600,100
2019-06-28 10:00:20.000000000,99179,176,98984,276,99183,176,98959,176,99184,300,98944,176,99227,176,98884,176,99478,100,98875,100,99751,100,98818,100,99777,100,98800,100,99791,100,98680,100,99854,100,98648,100,99881,200,98600,100
2019-06-28 10:00:30.000000000,99179,176,98984,276,99183,176,98959,176,99184,300,98944,176,99227,176,98884,176,99478,100,98875,100,99751,100,98818,100,99777,100,98800,100,99791,100,98680,100,99854,100,98648,100,99881,200,98600,100
2019-06-28 10:00:40.000000000,99179,204,98984,304,99183,201,98959,201,99184,325,98944,201,99227,100,98884,100,99478,100,98875,100,99751,100,98818,100,99777,100,98800,100,99791,100,98680,100,99854,100,98648,100,99881,200,98600,100
2019-06-28 10:00:50.000000000,99179,406,98984,506,99183,100,98959,100,99184,224,98944,100,99227,100,98884,100,99478,100,98875,100,99751,100,98818,100,99777,100,98800,100,99791,100,98680,100,99854,100,98648,100,99881,200,98600,100
2019-06-28 10:01:00.000000000,99179,161,98984,261,99183,161,98959,161,99184,285,98944,161,99227,161,98884,161,99478,161,98875,161,99751,100,98818,100,99777,100,98800,100,99791,100,98680,100,99854,100,98648,100,99881,200,98600,100
2019-06-28 10:01:10.000000000,99179,204,98984,304,99183,201,98959,201,99184,325,98944,201,99227,100,98884,100,99478,100,98875,100,99751,100,98818,100,99777,100,98800,100,99791,100,98680,100,99854,100,98648,100,99881,200,98600,100
2019-06-28 10:01:12.082220218,99179,204,98984,304,99183,201,98959,201,99184,325,98944,201,99227,100,98884,100,99478,100,98875,100,99751,100,98818,100,99777,100,98800,100,99791,100,98730,100,99854,100,98680,100,99881,200,98648,100
2019-06-28 10:01:20.000000000,99179,253,98984,353,99183,253,98959,253,99184,224,98944,100,99227,100,98884,100,99478,100,98875,100,99751,100,98818,100,99777,100,98800,100,99791,100,98730,100,99854,100,98680,100,99881,200,98648,100
2019-06-28 10:01:30.000000000,99179,176,98984,276,99183,176,98959,176,99184,300,98944,176,99227,176,98884,176,99478,100,98875,100,99751,100,98818,100,99777,100,98800,100,99791,100,98730,100,99854,100,98680,100,99881,200,98648,100
2019-06-28 10:01:40.000000000,99179,176,98984,276,99183,176,98959,176,99184,300,98944,176,99227,176,98884,176,99478,100,98875,100,99751,100,98818,100,99777,100,98800,100,99791,100,98730,100,99854,100,98680,100,99881,200,98648,100
2019-06-28 10:01:43.511725271,99179,176,98984,276,99183,176,98959,176,99184,300,98944,176,99227,176,98884,176,99478,100,98875,100,99751,100,98818,100,99777,100,98800,100,99791,100,98730,100,99854,100,98680,100,99881,200,98648,100
2019-06-28 10:01:50.000000000,99179,204,98984,304,99183,201,98959,201,99184,325,98944,201,99227,100,98884,100,99478,100,98875,100,99751,100,98818,100,99777,100,98800,100,99791,100,98730,100,99854,100,98680,100,99881,200,98648,100
2019-06-28 10:02:00.000000000,99179,161,98984,261,99183,161,98959,161,99184,285,98944,161,99227,161,98884,161,99478,161,98875,161,99751,100,98818,100,99777,100,98800,100,99791,100,98730,100,99854,100,98680,100,99881,200,98648,100
2019-06-28 10:02:10.000000000,99179,176,98984,276,99183,176,98959,176,99184,300,98944,176,99227,176,98884,176,99478,100,98875,100,99751,100,98818,100,99777,100,98800,100,99791,100,98730,100,99854,100,98680,100,99881,200,98648,100
2019-06-28 10:02:20.000000000,99179,176,98984,276,99183,176,98959,176,99184,300,98944,176,99227,176,98884,176,99478,100,98875,100,99751,100,98818,100,99777,100,98800,100,99791,100,98730,100,99854,100,98680,100,99881,200,98648,100
2019-06-28 10:02:30.000000000,99179,253,98984,353,99183,253,98959,253,99184,224,98944,100,99227,100,98884,100,99478,100,98875,100,99751,100,98818,100,99777,100,98800,100,99791,100,98730,100,99854,100,98680,100,99881,200,98648,100
2019-06-28 10:02:40.000000000,99179,406,98984,506,99183,100,98959,100,99184,224,98944,100,99227,100,98884,100,99478,100,98875,100,99751,100,98818,100,99777,100,98800,100,99791,100,98730,100,99854,100,98680,100,99881,200,98648,100
2019-06-28 10:02:42.750100680,99060,100,98984,506,99179,406,98959,100,99184,224,98944,100,99227,100,98884,100,99478,100,98875,100,99751,100,98818,100,99777,100,98800,100,99791,100,98730,100,99854,100,98680,100,99881,200,98648,100
2019-06-28 10:02:46.081497446,99060,100,98984,406,99179,406,98959,100,99184,224,98944,100,99227,100,98884,100,99478,100,98875,100,99751,100,98818,100,99777,100,98800,100,99791,100,98730,100,99854,100,98680,100,99881,200,98648,100
2019-06-28 10:02:50.000000000,99060,176,98984,176,99179,176,98959,176,99184,300,98944,176,99227,176,98884,176,99478,100,98875,100,99751,100,98818,100,99777,100,98800,100,99791,100,98730,100,99854,100,98680,100,99881,200,98648,100
2019-06-28 10:03:00.000000000,99060,253,98984,253,99179,253,98959,253,99184,224,98944,100,99227,100,98884,100,99478,100,98875,100,99751,100,98818,100,99777,100,98800,100,99791,100,98730,100,99854,100,98680,100,99881,200,98648,100
2019-06-28 10:03:02.526134451,99060,253,98984,253,99179,253,98959,253,99184,224,98944,100,99227,100,98875,100,99478,100,98818,100,99751,100,98800,100,99777,100,98730,100,99791,100,98680,100,99854,100,98648,100,99881,200,98600,100
2019-06-28 10:03:10.000000000,99060,253,98984,253,99179,253,98959,253,99184,224,98944,100,99227,100,98875,100,99478,100,98818,100,99751,100,98800,100,99777,100,98730,100,99791,100,98680,100,99854,100,98648,100,99881,200,98600,100
2019-06-28 10:03:19.070464033,99060,253,98984,153,99179,253,98959,153,99184,224,98944,100,99227,100,98875,100,99478,100,98818,100,99751,100,98800,100,99777,100,98730,100,99791,100,98680,100,99854,100,98648,100,99881,200,98600,100
2019-06-28 10:03:19.596106486,99060,253,98984,153,99179,253,98959,153,99184,224,98944,100,99227,100,98875,100,99478,100,98818,100,99751,100,98800,100,99777,100,98730,100,99791,100,98680,100,99854,100,98648,100,99881,200,98600,100
2019-06-28 10:03:20.000000000,99060,176,98944,176,99179,176,98875,176,99184,300,98818,176,99227,176,98800,176,99478,100,98730,100,99751,100,98680,100,99777,100,98648,100,99791,100,98600,100,99854,100,98590,100,99881,200,98583,100
2019-06-28 10:03:24.138726649,99060,176,98944,76,99179,176,98875,176,99184,300,98818,176,99227,176,98800,176,99478,100,98730,100,99751,100,98680,100,99777,100,98648,100,99791,100,98600,100,99854,100,98590,100,99881,200,98583,100
2019-06-28 10:03:30.000000000,99060,204,98875,204,99179,201,98818,201,99184,325,98800,201,99227,100,98730,100,99478,100,98680,100,99751,100,98648,100,99777,100,98600,100,99791,100,98590,100,99854,100,98583,100,99881,200,98543,100
2019-06-28 10:03:33.788795140,99060,204,98875,204,99179,201,98818,201,99184,325,98800,201,99227,100,98730,100,99478,100,98680,100,99751,100,98648,100,99777,100,98600,100,99791,100,98590,100,99854,100,98583,100,99881,200,98543,100
2019-06-28 10:03:40.000000000,99060,406,98875,406,99179,100,98818,100,99184,224,98800,100,99227,100,98730,100,99478,100,98680,100,99751,100,98648,100,99777,100,98600,100,99791,100,98590,100,99854,100,98583,100,99881,200,98543,100
2019-06-28 10:03:46.787376543,99060,406,98875,306,99179,100,98818,100,99184,224,98800,100,99227,100,98730,100,99478,100,98680,100,99751,100,98648,100,99777,100,98600,100,99791,100,98590,100,99854,100,98583,100,99881,200,98543,100
2019-06-28 10:03:50.000000000,99060,204,98818,204,99179,201,98800,201,99184,325,98730,201,99227,100,98680,100,99478,100,98648,100,99751,100,98600,100,99777,100,98590,100,99791,100,98583,100,99854,100,98543,100,99881,200,98443,100
2019-06-28 10:03:50.668261300,99060,204,98818,204,99179,201,98800,201,99184,325,98730,201,99227,100,98680,100,99478,100,98648,100,99751,100,98600,100,99777,100,98590,100,99791,100,98543,100,99854,100,98443,100,99881,200,98405,100
2019-06-28 10:04:00.000000000,99060,161,98818,161,99179,161,98800,161,99184,285,98730,161,99227,161,98680,161,99478,161,98648,161,99751,100,98600,100,99777,100,98590,100,99791,100,98543,100,99854,100,98443,100,99881,200,98405,100
2019-06-28 10:04:10.000000000,99060,176,98818,176,99179,176,98800,176,99184,300,98730,176,99227,176,98680,176,99478,100,98648,100,99751,100,98600,100,99777,100,98590,100,99791,100,98543,100,99854,100,98443,100,99881,200,98405,100
2019-06-28 10:04:13.918161831,99060,176,98818,76,99179,176,98800,176,99184,300,98730,176,99227,176,98680,176,99478,100,98648,100,99751,100,98600,100,99777,100,98590,100,99854,100,98543,100,99881,200,98443,100,99913,100,98405,100
2019-06-28 10:04:20.000000000,99060,204,98800,204,99179,201,98730,201,99184,325,98680,201,99227,100,98648,100,99478,100,98600,100,99751,100,98590,100,99777,100,98543,100,99854,100,98443,100,99881,200,98405,100,99913,100,98399,100
2019-06-28 10:04:29.530730206,99060,204,98800,204,99179,201,98791,100,99184,325,98730,201,99227,100,98680,201,99478,100,98648,100,99751,100,98600,100,99777,100,98590,100,99854,100,98543,100,99881,200,98405,100,99913,100,98399,100
2019-06-28 10:04:30.000000000,99060,253,98800,253,99179,253,98791,253,99184,224,98730,100,99227,100,98680,100,99478,100,98648,100,99751,100,98600,100,99777,100,98590,100,99854,100,98543,100,99881,200,98405,100,99913,100,98399,100
2019-06-28 10:04:35.711989682,99060,253,99041,100,99179,253,98800,253,99184,224,98791,253,99227,100,98730,100,99478,100,98680,100,99751,100,98648,100,99777,100,98600,100,99854,100,98590,100,99881,200,98543,100,99913,100,98405,100
2019-06-28 10:04:40.000000000,99060,204,99041,204,99179,201,98800,201,99184,325,98791,201,99227,100,98730,100,99478,100,98680,100,99751,100,98648,100,99777,100,98600,100,99854,100,98590,100,99881,200,98543,100,99913,100,98405,100
2019-06-28 10:04:49.041105884,99060,204,99041,204,99179,201,98800,201,99184,325,98791,201,99227,100,98730,100,99244,100,98680,100,99478,100,98648,100,99751,100,98600,100,99777,100,98590,100,99854,100,98543,100,99881,200,98405,100
2019-06-28 10:04:50.000000000,99060,406,99041,406,99179,100,98800,100,99184,224,98791,100,99227,100,98730,100,99244,100,98680,100,99478,100,98648,100,99751,100,98600,100,99777,100,98590,100,99854,100,98543,100,99881,200,98405,100
2019-06-28 10:05:00.000000000,99060,253,99041,253,99179,253,98800,253,99184,224,98791,100,99227,100,98730,100,99244,100,98680,100,99478,100,98648,100,99751,100,98600,100,99777,100,98590,100,99854,100,98543,100,99881,200,98405,100
2019-06-28 10:05:10.000000000,99060,253,99041,253,99179,253,98800,253,99184,224,98791,100,99227,100,98730,100,99244,100,98680,100,99478,100,98648,100,99751,100,98600,100,99777,100,98590,100,99854,100,98543,100,99881,200,98405,100
2019-06-28 10:05:11.903131241,99060,253,99041,253,99179,253,98800,253,99184,224,98791,100,99227,100,98730,100,99244,100,98680,100,99478,100,98648,100,99751,100,98600,100,99777,100,98590,100,99854,100,98543,100,99881,100,98405,100
2019-06-28 10:05:18.889163596,99060,253,99041,253,99179,253,98876,100,99184,124,98800,253,99227,100,98791,100,99244,100,98730,100,99478,100,98680,100,99751,100,98648,100,99777,100,98600,100,99854,100,98590,100,99881,100,98543,100
2019-06-28 10:05:20.000000000,99060,204,99041,204,99179,201,98876,201,99184,225,98800,201,99227,100,98791,100,99244,100,98730,100,99478,100,98680,100,99751,100,98648,100,99777,100,98600,100,99854,100,98590,100,99881,100,98543,100
2019-06-28 10:05:27.699438473,99060,204,99041,204,99179,201,98876,201,99184,225,98800,201,99227,100,98791,100,99244,100,98730,100,99415,100,98680,100,99478,100,98648,100,99751,100,98600,100,99777,100,98590,100,99854,100,98405,100
2019-06-28 10:05:27.976876949,99060,204,99041,204,99179,201,98876,201,99184,225,98800,201,99227,100,98791,100,99244,100,98730,100,99415,100,98680,100,99478,100,98648,100,99751,100,98600,100,99777,100,98590,100,99854,100,98405,100
2019-06-28 10:05:30.000000000,99060,406,99041,406,99179,100,98876,100,99184,124,98800,100,99227,100,98791,100,99244,100,98730,100,99415,100,98680,100,99478,100,98648,100,99751,100,98600,100,99777,100,98590,100,99854,100,98405,100
2019-06-28 10:05:34.040433913,99060,406,99041,406,99184,124,98876,100,99227,100,98800,100,99244,100,98791,100,99415,100,98730,100,99478,100,98680,100,99751,100,98648,100,99777,100,98600,100,99854,100,98590,100,99881,100,98405,100
2019-06-28 10:05:40.000000000,99060,161,99041,161,99184,185,98876,161,99227,161,98800,161,99244,161,98791,161,99415,161,98730,161,99478,100,98680,100,99751,100,98648,100,99777,100,98600,100,99854,100,98590,100,99881,100,98405,100
2019-06-28 10:05:50.000000000,99060,176,99041,176,99184,200,98876,176,99227,176,98800,176,99244,176,98791,176,99415,100,98730,100,99478,100,98680,100,99751,100,98648,100,99777,100,98600,100,99854,100,98590,100,99881,100,98405,100
2019-06-28 10:06:00.000000000,99060,176,99041,176,99184,200,98876,176,99227,176,98800,176,99244,176,98791,176,99415,100,98730,100,99478,100,98680,100,99751,100,98648,100,99777,100,98600,100,99854,100,98590,100,99881,100,98405,100
2019-06-28 10:06:05.693513416,99060,76,99041,176,99184,200,98876,176,99227,176,98800,176,99244,176,98791,176,99415,100,98730,100,99478,100,98680,100,99751,100,98648,100,99777,100,98600,100,99854,100,98590,100,99881,100,98405,100
2019-06-28 10:06:10.000000000,99184,185,99041,161,99227,161,98876,161,99244,161,98800,161,99415,161,98791,161,99478,161,98730,161,99751,100,98680,100,99777,100,98648,100,99854,100,98600,100,99881,100,98590,100,99913,100,98405,100
2019-06-28 10:06:14.402400048,99184,185,99041,161,99227,161,98876,161,99244,161,98800,161,99365,100,98791,161,99415,161,98730,161,99478,161,98680,100,99751,100,98648,100,99777,100,98600,100,99854,100,98590,100,99881,100,98405,100
2019-06-28 10:06:16.722726586,99184,185,99152,100,99227,161,99041,161,99244,161,98876,161,99365,100,98800,161,99415,161,98791,161,99478,161,98730,161,99751,100,98680,100,99777,100,98648,100,99854,100,98600,100,99881,100,98590,100
2019-06-28 10:06:20.000000000,99184,277,99152,253,99227,253,99041,253,99244,100,98876,100,99365,100,98800,100,99415,100,98791,100,99478,100,98730,100,99751,100,98680,100,99777,100,98648,100,99854,100,98600,100,99881,100,98590,100
2019-06-28 10:06:30.000000000,99184,430,99152,406,99227,100,99041,100,99244,100,98876,100,99365,100,98800,100,99415,100,98791,100,99478,100,98730,100,99751,100,98680,100,99777,100,98648,100,99854,100,98600,100,99881,100,98590,100
2019-06-28 10:06:39.362343994,99184,330,99152,406,99227,100,99041,100,99244,100,98876,100,99365,100,98800,100,99415,100,98791,100,99478,100,98730,100,99751,100,98680,100,99777,100,98648,100,99854,100,98600,100,99881,100,98590,100
2019-06-28 10:06:40.000000000,99184,128,99152,204,99227,201,99041,201,99244,201,98876,201,99365,100,98800,100,99415,100,98791,100,99478,100,98730,100,99751,100,98680,100,99777,100,98648,100,99854,100,98600,100,99881,100,98590,100
2019-06-28 10:06:46.417913645,99184,28,99152,204,99227,201,99041,201,99244,201,98876,201,99365,100,98800,100,99415,100,98791,100,99478,100,98730,100,99751,100,98680,100,99777,100,98648,100,99854,100,98600,100,99881,100,98590,100
2019-06-28 10:06:50.000000000,99227,406,99152,406,99244,100,99041,100,99365,100,98876,100,99415,100,98800,100,99478,100,98791,100,99751,100,98730,100,99777,100,98680,100,99854,100,98648,100,99881,100,98600,100,99913,100,98590,100
2019-06-28 10:06:52.092603744,99227,306,99152,406,99244,100,99041,100,99365,100,98876,100,99415,100,98800,100,99478,100,98791,100,99751,100,98730,100,99777,100,98680,100,99854,100,98600,100,99881,100,98590,100,99913,100,98405,100
2019-06-28 10:06:53.686410684,99227,206,99152,406,99244,100,99041,100,99365,100,98876,100,99415,100,98800,100,99478,100,98791,100,99751,100,98730,100,99777,100,98600,100,99854,100,98590,100,99881,100,98405,100,99913,100,98336,100
2019-06-28 10:06:57.483930141,99227,106,99152,406,99244,100,99041,100,99365,100,98876,100,99415,100,98800,100,99478,100,98791,100,99751,100,98730,100,99777,100,98600,100,99854,100,98590,100,99881,100,98405,100,99913,100,98336,100
2019-06-28 10:07:00.000000000,99244,253,99152,253,99365,253,99041,253,99415,100,98876,100,99478,100,98800,100,99751,100,98791,100,99777,100,98730,100,99854,100,98600,100,99881,100,98590,100,99913,100,98405,100,99969,100,98336,100
2019-06-28 10:07:07.724629382,99244,153,99152,253,99365,253,99041,253,99415,100,98876,100,99478,100,98800,100,99751,100,98791,100,99777,100,98730,100,99854,100,98600,100,99881,100,98590,100,99913,100,98405,100,99969,100,98336,100
2019-06-28 10:07:10.000000000,99365,253,99152,253,99415,253,99041,253,99478,100,98876,100,99751,100,98800,100,99777,100,98791,100,99854,100,98730,100,99881,100,98600,100,99913,100,98590,100,99969,100,98405,100,99984,96,98336,100
2019-06-28 10:07:20.000000000,99365,406,99152,406,99415,100,99041,100,99478,100,98876,100,99751,100,98800,100,99777,100,98791,100,99854,100,98730,100,99881,100,98600,100,99913,100,98590,100,99969,100,98405,100,99984,96,98336,100
2019-06-28 10:07:30.000000000,99365,176,99152,176,99415,176,99041,176,99478,176,98876,176,99751,176,98800,176,99777,100,98791,100,99854,100,98730,100,99881,100,98600,100,99913,100,98590,100,99969,100,98405,100,99984,96,98336,100
2019-06-28 10:07:36.915144864,99365,176,99152,176,99415,176,99139,100,99478,76,99041,176,99751,176,98876,176,99777,100,98800,176,99854,100,98791,100,99881,100,98730,100,99913,100,98600,100,99969,100,98590,100,99984,96,98405,100
2019-06-28 10:07:40.000000000,99365,176,99152,176,99415,176,99139,176,99751,176,99041,176,99777,176,98876,176,99854,100,98800,100,99881,100,98791,100,99913,100,98730,100,99969,100,98600,100,99984,96,98590,100,,,98405,100
2019-06-28 10:07:40.117548627,99365,176,99152,176,99415,176,99139,176,99425,100,99041,176,99751,176,98876,176,99777,176,98800,100,99854,100,98791,100,99881,100,98730,100,99913,100,98600,100,99969,100,98590,100,99984,96,98405,100
2019-06-28 10:07:42.817107009,99264,100,99152,176,99365,176,99139,176,99415,176,99041,176,99425,100,98876,176,99751,176,98800,100,99777,176,98791,100,99854,100,98730,100,99881,100,98600,100,99913,100,98590,100,99969,100,98405,100
2019-06-28 10:07:44.749564197,99264,100,99227,100,99365,176,99152,176,99415,176,99139,176,99425,100,99041,176,99751,176,98876,176,99777,176,98800,100,99854,100,98791,100,99881,100,98730,100,99913,100,98600,100,99969,100,98590,100
