,ask_price_1,ask_size_1,bid_price_1,bid_size_1,ask_price_2,ask_size_2,bid_price_2,bid_size_2,ask_price_3,ask_size_3,bid_price_3,bid_size_3,ask_price_4,ask_size_4,bid_price_4,bid_size_4,ask_price_5,ask_size_5,bid_price_5,bid_size_5,ask_price_6,ask_size_6,bid_price_6,bid_size_6,ask_price_7,ask_size_7,bid_price_7,bid_size_7,ask_price_8,ask_size_8,bid_price_8,bid_size_8,ask_price_9,ask_size_9,bid_price_9,bid_size_9,ask_price_10,ask_size_10,bid_price_10,bid_size_10
2019-06-28 09:30:00.000000000,,,99896,100,,,,,,,,,,,,,,,,,,,,,,,,,,,,,,,,,,,,
2019-06-28 09:30:00.000000001,100121,100,99896,100,,,,,,,,,,,,,,,,,,,,,,,,,,,,,,,,,,,,
2019-06-28 09:30:00.000000002,100121,100,99986,100,,,99896,100,,,,,,,,,,,,,,,,,,,,,,,,,,,,,,,,
2019-06-28 09:30:00.000000005,100024,100,99990,100,100121,100,99986,100,,,99896,100,,,,,,,,,,,,,,,,,,,,,,,,,,,,
2019-06-28 09:30:00.000000006,100024,100,100001,100,100121,100,99990,100,,,99986,100,,,99896,100,,,,,,,,,,,,,,,,,,,,,,,,
2019-06-28 09:30:00.000000007,100017,100,100001,100,100024,100,99990,100,100121,100,99986,100,,,99970,100,,,99896,100,,,,,,,,,,,,,,,,,,,,
2019-06-28 09:30:00.000000009,100017,100,100001,100,100024,100,99990,100,100121,100,99986,100,,,99970,100,,,99896,100,,,99852,100,,,,,,,,,,,,,,,,
2019-06-28 09:30:00.000000010,100017,100,100001,100,100024,100,99990,100,100121,100,99986,100,,,99970,100,,,99928,100,,,99896,100,,,99852,100,,,,,,,,,,,,
2019-06-28 09:30:00.000000014,100004,100,100001,100,100017,100,99990,100,100024,100,99986,100,100121,100,99970,100,,,99950,100,,,99928,100,,,99896,100,,,99852,100,,,,,,,,
2019-06-28 09:30:00.000000016,100004,100,100001,100,100017,100,99990,100,100024,100,99986,100,100087,100,99970,100,100121,100,99950,100,,,99928,100,,,99896,100,,,99852,100,,,99804,100,,,,
2019-06-28 09:30:00.000000018,100004,100,100001,100,100017,100,99990,100,100024,100,99986,100,100043,100,99970,100,100087,100,99950,100,100121,100,99928,100,,,99896,100,,,99852,100,,,99804,100,,,,
2019-06-28 09:30:00.000000021,100017,100,100001,100,100024,100,99990,100,100043,100,99986,100,100087,100,99970,100,100121,100,99950,100,,,99928,100,,,99896,100,,,99852,100,,,99804,100,,,,
2019-06-28 09:30:00.000000025,100024,100,100001,100,100043,100,99990,100,100087,100,99986,100,100121,100,99970,100,,,99950,100,,,99928,100,,,99896,100,,,99852,100,,,99804,100,,,,
2019-06-28 09:30:00.000000026,100024,100,100001,100,100043,100,99990,100,100087,100,99986,100,100121,100,99970,100,,,99950,100,,,99928,100,,,99906,100,,,99896,100,,,99852,100,,,99804,100
2019-06-28 09:30:00.000000030,100024,100,100001,100,100040,100,99990,100,100043,100,99986,100,100087,100,99970,100,100121,100,99950,100,,,99928,100,,,99906,100,,,99896,100,,,99852,100,,,99804,100
2019-06-28 09:30:00.000000031,100020,100,100001,100,100024,100,99990,100,100040,100,99986,100,100043,100,99980,100,100087,100,99970,100,100121,100,99950,100,,,99928,100,,,99906,100,,,99896,100,,,99852,100
2019-06-28 09:30:00.000000032,100006,100,99990,100,100020,100,99986,100,100024,100,99980,100,100040,100,99970,100,100043,100,99950,100,100087,100,99928,100,100121,100,99906,100,,,99896,100,,,99852,100,,,99804,100
2019-06-28 09:30:00.000000033,100006,100,99990,100,100020,100,99986,100,100024,100,99980,100,100037,100,99970,100,100040,100,99950,100,100043,100,99928,100,100087,100,99927,100,100121,100,99906,100,,,99896,100,,,99852,100
2019-06-28 09:30:00.000000034,100006,100,100001,100,100020,100,99990,100,100024,100,99986,100,100037,100,99980,100,100040,100,99970,100,100043,100,99950,100,100087,100,99928,100,100121,100,99927,100,100204,100,99906,100,100228,100,99896,100
2019-06-28 09:30:00.000000035,100006,100,100001,100,100020,100,99990,100,100024,100,99986,100,100037,100,99980,100,100040,100,99970,100,100043,100,99950,100,100087,100,99928,100,100121,100,99927,100,100204,100,99906,100,100228,100,99896,100
2019-06-28 09:30:00.000000036,100006,100,100001,100,100020,100,99990,100,100024,100,99986,100,100037,100,99980,100,100040,100,99970,100,100043,100,99950,100,100087,100,99928,100,100089,100,99927,100,100121,100,99906,100,100204,100,99896,100
2019-06-28 09:30:00.000000044,100006,100,99990,100,100020,100,99986,100,100024,100,99980,100,100037,100,99970,100,100040,100,99950,100,100043,100,99928,100,100087,100,99927,100,100089,100,99906,100,100121,100,99896,100,100204,100,99852,100
2019-06-28 09:30:00.000000047,100006,100,99999,100,100020,100,99990,100,100024,100,99986,100,100037,100,99980,100,100040,100,99970,100,100043,100,99950,100,100087,100,99928,100,100089,100,99927,100,100121,100,99906,100,100204,100,99896,100
2019-06-28 09:30:00.000000049,100006,100,99999,100,100020,100,99990,100,100024,100,99986,100,100037,100,99980,100,100040,100,99970,100,100043,100,99950,100,100087,100,99928,100,100089,100,99927,100,100121,100,99906,100,100204,100,99903,100
2019-06-28 09:30:00.000000050,100006,100,99999,100,100020,100,99990,100,100024,100,99986,100,100033,100,99980,100,100037,100,99970,100,100040,100,99950,100,100043,100,99928,100,100087,100,99927,100,100089,100,99906,100,100121,100,99903,100
2019-06-28 09:30:00.000000051,100006,100,99999,100,100020,100,99990,100,100024,100,99986,100,100033,100,99980,100,100037,100,99970,100,100040,100,99950,100,100043,100,99928,100,100087,100,99927,100,100089,100,99921,100,100121,100,99906,100
2019-06-28 09:30:00.000000052,100006,100,99999,100,100020,100,99990,100,100024,100,99986,100,100033,100,99980,100,100037,100,99970,100,100040,100,99950,100,100043,100,99928,100,100087,100,99927,100,100089,100,99921,100,100121,100,99906,100
2019-06-28 09:30:00.000000053,100006,100,99999,100,100020,100,99990,100,100024,100,99986,100,100033,100,99980,100,100037,100,99970,100,100040,100,99950,100,100043,100,99928,100,100087,100,99927,100,100089,100,99921,100,100121,100,99906,100
2019-06-28 09:30:00.000000054,100006,100,100001,200,100020,100,99999,100,100024,100,99990,100,100033,100,99986,100,100037,100,99980,100,100040,100,99970,100,100043,100,99950,100,100087,100,99928,100,100089,100,99927,100,100121,100,99921,100
2019-06-28 09:30:00.000000059,100006,100,100001,200,100020,100,99999,100,100024,100,99990,100,100033,100,99986,100,100037,100,99980,100,100040,100,99970,100,100043,100,99950,100,100087,100,99928,100,100089,100,99927,100,100121,100,99921,100
2019-06-28 09:30:00.000000060,100020,100,100001,200,100024,100,99999,100,100033,100,99990,100,100037,100,99986,100,100040,100,99980,100,100043,100,99970,100,100087,100,99950,100,100089,100,99928,100,100121,100,99927,100,100152,100,99921,100
2019-06-28 09:30:00.000000064,100020,100,100001,200,100024,100,99999,100,100033,100,99990,100,100037,100,99986,100,100040,100,99980,100,100043,100,99970,100,100087,100,99950,100,100089,100,99928,100,100092,100,99927,100,100121,100,99921,100
2019-06-28 09:30:00.000000065,100020,100,100001,200,100024,100,99999,100,100033,100,99990,100,100037,100,99986,100,100040,100,99980,100,100043,100,99970,100,100050,100,99950,100,100087,100,99928,100,100089,100,99927,100,100092,100,99921,100
2019-06-28 09:30:00.000000066,100020,100,100002,100,100024,100,100001,200,100033,100,99999,100,100037,100,99990,100,100040,100,99986,100,100043,100,99980,100,100050,100,99970,100,100087,100,99950,100,100089,100,99928,100,100092,100,99927,100
2019-06-28 09:30:00.000000068,100020,100,100002,100,100024,100,100001,200,100033,100,99999,100,100037,100,99990,100,100040,100,99986,100,100043,100,99980,100,100050,100,99970,100,100071,100,99950,100,100087,100,99928,100,100089,100,99927,100
2019-06-28 09:30:00.000000069,100020,100,100002,100,100024,100,100001,300,100033,100,99999,100,100037,100,99990,100,100040,100,99986,100,100043,100,99980,100,100050,100,99970,100,100071,100,99950,100,100087,100,99928,100,100089,100,99927,100
2019-06-28 09:30:00.000000072,100020,100,100002,100,100024,100,100001,300,100033,100,99999,100,100037,100,99990,100,100040,100,99986,100,100043,100,99980,100,100050,100,99970,100,100071,100,99950,100,100087,100,99928,100,100089,100,99927,100
2019-06-28 09:30:00.000000074,100020,100,100002,100,100024,100,100001,300,100033,100,99999,100,100037,100,99990,100,100040,100,99986,100,100043,100,99980,100,100050,100,99970,100,100071,100,99950,100,100087,100,99928,100,100089,100,99927,100
2019-06-28 09:30:00.000000075,100020,100,100002,100,100024,100,100001,300,100033,100,99999,100,100037,100,99990,100,100040,100,99986,100,100043,100,99980,100,100050,100,99970,100,100071,100,99966,100,100087,100,99950,100,100089,100,99928,100
2019-06-28 09:30:00.000000076,100020,100,100002,100,100024,100,100001,300,100033,100,99999,100,100037,100,99990,100,100040,100,99986,100,100043,100,99980,100,100050,100,99970,100,100059,100,99966,100,100071,100,99950,100,100087,100,99928,100
2019-06-28 09:30:00.000000077,100006,100,100002,100,100020,100,100001,300,100024,100,99999,100,100033,100,99990,100,100037,100,99986,100,100040,100,99980,100,100043,100,99970,100,100050,100,99966,100,100059,100,99950,100,100071,100,99928,100
2019-06-28 09:30:00.000000078,100006,100,100002,100,100014,100,100001,300,100020,100,99999,100,100024,100,99990,100,100033,100,99986,100,100037,100,99980,100,100040,100,99970,100,100043,100,99966,100,100050,100,99950,100,100059,100,99928,100
2019-06-28 09:30:00.000000080,100006,100,100002,200,100014,100,100001,300,100020,100,99999,100,100024,100,99990,100,100033,100,99986,100,100037,100,99980,100,100040,100,99970,100,100043,100,99966,100,100050,100,99950,100,100059,100,99928,100
2019-06-28 09:30:00.000000081,100006,100,100002,300,100014,100,100001,300,100020,100,99999,100,100024,100,99990,100,100033,100,99986,100,100037,100,99980,100,100040,100,99970,100,100043,100,99966,100,100050,100,99961,100,100059,100,99950,100
2019-06-28 09:30:00.000000082,100006,200,100002,300,100014,100,100001,300,100020,100,99999,100,100024,100,99990,100,100033,100,99986,100,100037,100,99980,100,100040,100,99970,100,100043,100,99966,100,100050,100,99961,100,100059,100,99950,100
2019-06-28 09:30:00.000000089,100006,200,100002,200,100014,100,100001,300,100020,100,99999,100,100024,100,99990,100,100033,100,99986,100,100037,100,99980,100,100040,100,99970,100,100043,100,99966,100,100050,100,99961,100,100059,100,99950,100
2019-06-28 09:30:05.278160922,100006,200,100002,200,100014,100,100001,300,100020,100,99999,100,100024,100,99990,100,100033,100,99986,100,100037,100,99980,100,100040,100,99970,100,100043,100,99966,100,100050,100,99961,100,100059,100,99950,100
2019-06-28 09:30:09.287080757,100006,200,100002,200,100014,100,100001,300,100020,100,99999,100,100024,100,99990,100,100033,100,99986,100,100037,100,99980,100,100040,100,99970,100,100043,100,99966,100,100050,100,99950,100,100059,100,99928,100
2019-06-28 09:30:10.000000000,100006,271,100002,271,100014,171,100001,371,100020,171,99999,171,100024,171,99990,171,100033,100,99986,100,100037,100,99980,100,100040,100,99970,100,100043,100,99966,100,100050,100,99950,100,100059,100,99928,100
2019-06-28 09:30:11.017689834,100006,271,100002,271,100014,171,100001,371,100020,171,99999,171,100024,171,99990,171,100033,100,99986,100,100037,100,99980,100,100040,100,99970,100,100043,100,99966,100,100059,100,99950,100,100071,100,99928,100
2019-06-28 09:30:20.000000000,100006,342,100002,342,100014,242,100001,442,100020,100,99999,100,100024,100,99990,100,100033,100,99986,100,100037,100,99980,100,100040,100,99970,100,100043,100,99966,100,100059,100,99950,100,100071,100,99928,100
2019-06-28 09:30:30.000000000,100006,342,100002,342,100014,242,100001,442,100020,100,99999,100,100024,100,99990,100,100033,100,99986,100,100037,100,99980,100,100040,100,99970,100,100043,100,99966,100,100059,100,99950,100,100071,100,99928,100
2019-06-28 09:30:40.000000000,100006,257,100002,257,100014,157,100001,357,100020,157,99999,157,100024,157,99990,157,100033,157,99986,157,100037,100,99980,100,100040,100,99970,100,100043,100,99966,100,100059,100,99950,100,100071,100,99928,100
2019-06-28 09:30:40.176577083,100006,157,100002,257,100014,157,100001,357,100020,157,99999,157,100024,157,99990,157,100033,157,99986,157,100037,100,99980,100,100040,100,99970,100,100043,100,99966,100,100059,100,99950,100,100071,100,99928,100
2019-06-28 09:30:50.000000000,100006,171,100002,271,100014,171,100001,371,100020,171,99999,171,100024,171,99990,171,100033,100,99986,100,100037,100,99980,100,100040,100,99970,100,100043,100,99966,100,100059,100,99950,100,100071,100,99928,100
2019-06-28 09:30:55.660450128,100006,171,100002,271,100014,171,100001,371,100020,171,99999,171,100024,171,99990,171,100033,100,99986,100,100037,100,99980,100,100040,100,99970,100,100043,100,99966,100,100059,100,99950,100,100071,100,99928,100
2019-06-28 09:30:58.757012165,100006,71,100002,271,100014,171,100001,371,100020,171,99999,171,100024,171,99990,171,100033,100,99986,100,100040,100,99980,100,100043,100,99970,100,100059,100,99966,100,100071,100,99950,100,100076,100,99928,100
2019-06-28 09:31:00.000000000,100014,171,100002,271,100020,171,100001,371,100024,171,99999,171,100033,171,99990,171,100040,100,99986,100,100043,100,99980,100,100059,100,99970,100,100071,100,99966,100,100076,100,99950,100,100087,200,99928,100
2019-06-28 09:31:04.777263137,100014,171,100002,271,100020,171,100001,371,100024,171,99999,171,100033,171,99990,171,100040,100,99986,100,100043,100,99980,100,100059,100,99970,100,100071,100,99966,100,100076,100,99950,100,100087,200,99928,100
2019-06-28 09:31:06.573368763,100014,71,100002,271,100020,171,100001,371,100024,171,99999,171,100033,171,99990,171,100040,100,99986,100,100043,100,99980,100,100059,100,99970,100,100071,100,99950,100,100076,100,99928,100,100087,200,99927,100
2019-06-28 09:31:10.000000000,100020,171,100002,271,100024,171,100001,371,100033,171,99999,171,100040,171,99990,171,100043,100,99986,100,100059,100,99980,100,100071,100,99970,100,100076,100,99950,100,100087,200,99928,100,100089,100,99927,100
2019-06-28 09:31:20.000000000,100020,196,100002,296,100024,193,100001,393,100033,193,99999,193,100040,100,99990,100,100043,100,99986,100,100059,100,99980,100,100071,100,99970,100,100076,100,99950,100,100087,200,99928,100,100089,100,99927,100
2019-06-28 09:31:30.000000000,100020,383,100002,483,100024,100,100001,300,100033,100,99999,100,100040,100,99990,100,100043,100,99986,100,100059,100,99980,100,100071,100,99970,100,100076,100,99950,100,100087,200,99928,100,100089,100,99927,100
2019-06-28 09:31:30.620990145,100020,283,100002,483,100024,100,100001,300,100033,100,99999,100,100040,100,99990,100,100043,100,99986,100,100059,100,99980,100,100071,100,99970,100,100076,100,99950,100,100087,200,99928,100,100089,100,99927,100
2019-06-28 09:31:30.983703125,100020,183,100002,483,100024,100,100001,300,100033,100,99999,100,100040,100,99990,100,100043,100,99986,100,100059,100,99980,100,100071,100,99970,100,100076,100,99950,100,100087,200,99928,100,100089,100,99927,100
2019-06-28 09:31:37.450733493,100020,83,100002,483,100033,100,100001,300,100040,100,99999,100,100043,100,99990,100,100059,100,99986,100,100071,100,99980,100,100076,100,99970,100,100087,200,99950,100,100089,100,99928,100,100090,100,99927,100
2019-06-28 09:31:40.000000000,100033,242,100002,342,100040,242,100001,442,100043,100,99999,100,100059,100,99990,100,100071,100,99986,100,100076,100,99980,100,100087,200,99970,100,100089,100,99950,100,100090,100,99928,100,100092,100,99927,100
2019-06-28 09:31:43.178750306,100033,142,100002,342,100040,242,100001,442,100043,100,99999,100,100059,100,99990,100,100071,100,99986,100,100076,100,99980,100,100087,200,99970,100,100090,100,99950,100,100092,100,99928,100,100099,100,99927,100
2019-06-28 09:31:43.685709907,100033,142,100002,342,100040,242,100001,342,100043,100,99999,100,100059,100,99990,100,100071,100,99986,100,100076,100,99980,100,100087,200,99970,100,100090,100,99950,100,100092,100,99928,100,100099,100,99927,100
2019-06-28 09:31:50.000000000,100040,157,100002,257,100043,157,100001,257,100059,157,99999,157,100071,157,99990,157,100076,157,99986,157,100087,200,99980,100,100090,100,99970,100,100092,100,99950,100,100099,100,99928,100,100106,100,99927,100
2019-06-28 09:32:00.000000000,100040,196,100002,296,100043,193,100001,293,100059,193,99999,193,100071,100,99990,100,100076,100,99986,100,100087,200,99980,100,100090,100,99970,100,100092,100,99950,100,100099,100,99928,100,100106,100,99927,100
2019-06-28 09:32:07.153979317,100040,196,100002,296,100043,193,100001,293,100059,193,99999,193,100071,100,99990,100,100076,100,99986,100,100087,200,99980,100,100090,100,99970,100,100092,100,99950,100,100099,100,99928,100,100106,100,99927,100
2019-06-28 09:32:10.000000000,100040,196,100002,296,100043,193,100001,293,100059,193,99999,193,100071,100,99990,100,100076,100,99986,100,100087,200,99980,100,100090,100,99970,100,100092,100,99950,100,100099,100,99928,100,100106,100,99927,100
2019-06-28 09:32:20.000000000,100040,157,100002,257,100043,157,100001,257,100059,157,99999,157,100071,157,99990,157,100076,157,99986,157,100087,200,99980,100,100090,100,99970,100,100092,100,99950,100,100099,100,99928,100,100106,100,99927,100
2019-06-28 09:32:26.184182815,100040,157,100002,257,100043,157,100001,257,100059,157,99999,157,100071,157,99990,157,100076,157,99986,157,100087,200,99980,100,100090,100,99970,100,100092,100,99950,100,100099,100,99928,100,100106,100,99927,100
2019-06-28 09:32:30.000000000,100040,171,100002,271,100043,171,100001,271,100059,171,99999,171,100071,171,99990,171,100076,100,99986,100,100087,200,99980,100,100090,100,99970,100,100092,100,99950,100,100099,100,99928,100,100106,100,99927,100
2019-06-28 09:32:38.474191102,100040,71,100002,271,100043,171,100001,271,100059,171,99999,171,100071,171,99990,171,100076,100,99986,100,100087,200,99980,100,100090,100,99970,100,100092,100,99950,100,100099,100,99928,100,100106,100,99927,100
2019-06-28 09:32:40.000000000,100043,157,100002,257,100059,157,100001,257,100071,157,99999,157,100076,157,99990,157,100087,257,99986,157,100090,100,99980,100,100092,100,99970,100,100099,100,99950,100,100106,100,99928,100,100121,100,99927,100
2019-06-28 09:32:50.000000000,100043,171,100002,271,100059,171,100001,271,100071,171,99999,171,100076,171,99990,171,100087,200,99986,100,100090,100,99980,100,100092,100,99970,100,100099,100,99950,100,100106,100,99928,100,100121,100,99927,100
2019-06-28 09:33:00.000000000,100043,383,100002,483,100059,100,100001,200,100071,100,99999,100,100076,100,99990,100,100087,200,99986,100,100090,100,99980,100,100092,100,99970,100,100099,100,99950,100,100106,100,99928,100,100121,100,99927,100
2019-06-28 09:33:10.000000000,100043,383,100002,483,100059,100,100001,200,100071,100,99999,100,100076,100,99990,100,100087,200,99986,100,100090,100,99980,100,100092,100,99970,100,100099,100,99950,100,100106,100,99928,100,100121,100,99927,100
2019-06-28 09:33:12.367276235,100043,383,100033,100,100059,100,100002,483,100071,100,100001,200,100076,100,99999,100,100087,200,99990,100,100090,100,99986,100,100092,100,99980,100,100099,100,99970,100,100106,100,99950,100,100121,100,99928,100
2019-06-28 09:33:20.000000000,100043,157,100033,157,100059,157,100002,257,100071,157,100001,257,100076,157,99999,157,100087,257,99990,157,100090,100,99986,100,100092,100,99980,100,100099,100,99970,100,100106,100,99950,100,100121,100,99928,100
2019-06-28 09:33:30.000000000,100043,157,100033,157,100059,157,100002,257,100071,157,100001,257,100076,157,99999,157,100087,257,99990,157,100090,100,99986,100,100092,100,99980,100,100099,100,99970,100,100106,100,99950,100,100121,100,99928,100
2019-06-28 09:33:32.246614385,100043,157,100033,157,100059,157,100002,257,100071,157,100001,257,100076,157,99999,157,100087,257,99990,157,100090,100,99986,100,100092,100,99980,100,100099,100,99970,100,100106,100,99950,100,100121,100,99928,100
2019-06-28 09:33:37.474886885,100043,157,100033,257,100059,157,100002,257,100071,157,100001,257,100076,157,99999,157,100087,257,99990,157,100090,100,99986,100,100092,100,99980,100,100099,100,99970,100,100106,100,99950,100,100121,100,99928,100
2019-06-28 09:33:40.000000000,100043,383,100033,483,100059,100,100002,200,100071,100,100001,200,100076,100,99999,100,100087,200,99990,100,100090,100,99986,100,100092,100,99980,100,100099,100,99970,100,100106,100,99950,100,100121,100,99928,100
2019-06-28 09:33:50.000000000,100043,157,100033,257,100059,157,100002,257,100071,157,100001,257,100076,157,99999,157,100087,257,99990,157,100090,100,99986,100,100092,100,99980,100,100099,100,99970,100,100106,100,99950,100,100121,100,99928,100
2019-06-28 09:34:00.000000000,100043,171,100033,271,100059,171,100002,271,100071,171,100001,271,100076,171,99999,171,100087,200,99990,100,100090,100,99986,100,100092,100,99980,100,100099,100,99970,100,100106,100,99950,100,100121,100,99928,100
2019-06-28 09:34:10.000000000,100043,383,100033,483,100059,100,100002,200,100071,100,100001,200,100076,100,99999,100,100087,200,99990,100,100090,100,99986,100,100092,100,99980,100,100099,100,99970,100,100106,100,99950,100,100121,100,99928,100
2019-06-28 09:34:20.000000000,100043,196,100033,296,100059,193,100002,293,100071,193,100001,293,100076,100,99999,100,100087,200,99990,100,100090,100,99986,100,100092,100,99980,100,100099,100,99970,100,100106,100,99950,100,100121,100,99928,100
2019-06-28 09:34:28.457543268,100043,196,100033,296,100059,193,100002,293,100071,193,100001,293,100076,100,99999,100,100087,200,99990,100,100090,100,99986,100,100092,100,99980,100,100099,100,99970,100,100106,100,99950,100,100121,100,99928,100
2019-06-28 09:34:30.000000000,100043,196,100033,296,100059,193,100002,293,100071,193,100001,293,100076,100,99999,100,100087,200,99990,100,100090,100,99986,100,100092,100,99980,100,100099,100,99970,100,100106,100,99950,100,100121,100,99928,100
2019-06-28 09:34:36.829416236,100043,196,100033,196,100059,193,100002,293,100071,193,100001,293,100076,100,99999,100,100087,200,99990,100,100090,100,99986,100,100092,100,99980,100,100099,100,99970,100,100106,100,99950,100,100121,100,99928,100
2019-06-28 09:34:40.000000000,100043,157,100033,157,100059,157,100002,257,100071,157,100001,257,100076,157,99999,157,100087,257,99990,157,100090,100,99986,100,100092,100,99980,100,100099,100,99970,100,100106,100,99950,100,100121,100,99928,100
2019-06-28 09:34:46.336350214,100039,100,100033,57,100043,157,100002,257,100059,157,100001,257,100071,157,99999,157,100076,157,99990,157,100087,257,99986,100,100090,100,99980,100,100092,100,99970,100,100099,100,99950,100,100106,100,99928,100
2019-06-28 09:34:46.896603464,100043,157,100033,57,100059,157,100002,257,100071,157,100001,257,100076,157,99999,157,100087,257,99990,157,100090,100,99986,100,100092,100,99980,100,100099,100,99970,100,100106,100,99950,100,100121,100,99928,100
2019-06-28 09:34:50.000000000,100043,157,100002,257,100059,157,100001,257,100071,157,99999,157,100076,157,99990,157,100087,257,99986,157,100090,100,99980,100,100092,100,99970,100,100099,100,99950,100,100106,100,99928,100,100121,100,99927,100
2019-06-28 09:34:59.377555021,100039,100,100002,257,100043,157,100001,257,100059,157,99999,157,100071,157,99990,157,100076,157,99986,157,100087,257,99980,100,100090,100,99970,100,100092,100,99950,100,100099,100,99928,100,100106,100,99927,100
2019-06-28 09:35:00.000000000,100039,171,100002,271,100043,171,100001,271,100059,171,99999,171,100071,171,99990,171,100076,100,99986,100,100087,200,99980,100,100090,100,99970,100,100092,100,99950,100,100099,100,99928,100,100106,100,99927,100
2019-06-28 09:35:08.646434245,100039,171,100002,271,100043,171,100001,271,100059,71,99999,171,100071,171,99990,171,100076,100,99986,100,100087,200,99980,100,100090,100,99970,100,100092,100,99950,100,100099,100,99928,100,100106,100,99927,100
2019-06-28 09:35:08.823219470,100039,171,100002,271,100043,171,100001,271,100059,71,99999,171,100071,71,99990,171,100076,100,99986,100,100087,200,99980,100,100090,100,99970,100,100092,100,99950,100,100099,100,99928,100,100106,100,99927,100
2019-06-28 09:35:09.747646219,100039,171,100002,171,100043,171,100001,271,100059,71,99999,171,100071,71,99990,171,100076,100,99986,100,100087,200,99980,100,100090,100,99970,100,100092,100,99950,100,100099,100,99928,100,100106,100,99927,100
2019-06-28 09:35:10.000000000,100039,157,100002,157,100043,157,100001,257,100076,157,99999,157,100087,257,99990,157,100090,157,99986,157,100092,100,99980,100,100099,100,99970,100,100106,100,99950,100,100121,100,99928,100,100123,100,99927,100
2019-06-28 09:35:20.000000000,100039,242,100002,242,100043,242,100001,342,100076,100,99999,100,100087,200,99990,100,100090,100,99986,100,100092,100,99980,100,100099,100,99970,100,100106,100,99950,100,100121,100,99928,100,100123,100,99927,100
2019-06-28 09:35:30.000000000,100039,383,100002,383,100043,100,100001,200,100076,100,99999,100,100087,200,99990,100,100090,100,99986,100,100092,100,99980,100,100099,100,99970,100,100106,100,99950,100,100121,100,99928,100,100123,100,99927,100
2019-06-28 09:35:37.731884434,100039,383,100002,283,100043,100,100001,200,100076,100,99999,100,100087,200,99990,100,100090,100,99986,100,100092,100,99980,100,100106,100,99970,100,100121,100,99950,100,100123,100,99928,100,100134,100,99927,100
2019-06-28 09:35:38.328929362,100039,383,100002,183,100043,100,100001,200,100076,100,99999,100,100087,200,99990,100,100090,100,99986,100,100092,100,99980,100,100106,100,99970,100,100121,100,99950,100,100123,100,99928,100,100134,100,99927,100
2019-06-28 09:35:40.000000000,100039,171,100001,271,100043,171,99999,171,100076,171,99990,171,100087,271,99986,171,100090,100,99980,100,100092,100,99970,100,100106,100,99950,100,100121,100,99928,100,100123,100,99927,100,100134,100,99921,100
2019-06-28 09:35:50.000000000,100039,242,100001,342,100043,242,99999,242,100076,100,99990,100,100087,200,99986,100,100090,100,99980,100,100092,100,99970,100,100106,100,99950,100,100121,100,99928,100,100123,100,99927,100,100134,100,99921,100
2019-06-28 09:35:51.866785955,100039,242,100001,342,100043,242,99999,242,100076,100,99990,100,100087,200,99986,100,100090,100,99980,100,100092,100,99970,100,100106,100,99950,100,100121,100,99928,100,100123,100,99927,100,100134,100,99921,100
2019-06-28 09:35:55.088172198,100039,242,100001,342,100043,242,99999,242,100076,100,99990,100,100087,200,99986,100,100090,100,99980,100,100092,100,99970,100,100106,100,99950,100,100121,100,99928,100,100123,100,99927,100,100134,100,99921,100
2019-06-28 09:35:59.222978037,100039,242,100001,242,100043,242,99999,242,100076,100,99990,100,100087,200,99986,100,100090,100,99980,100,100092,100,99970,100,100106,100,99950,100,100121,100,99928,100,100123,100,99927,100,100134,100,99921,100
2019-06-28 09:36:00.000000000,100039,383,100001,383,100043,100,99999,100,100076,100,99990,100,100087,200,99986,100,100090,100,99980,100,100092,100,99970,100,100106,100,99950,100,100121,100,99928,100,100123,100,99927,100,100134,100,99921,100
2019-06-28 09:36:05.106546222,100039,383,100001,283,100043,100,99999,100,100076,100,99990,100,100087,200,99986,100,100090,100,99980,100,100092,100,99970,100,100106,100,99950,100,100121,100,99928,100,100123,100,99927,100,100134,100,99921,100
2019-06-28 09:36:10.000000000,100039,196,99999,196,100043,193,99990,193,100076,193,99986,193,100087,200,99980,100,100090,100,99970,100,100092,100,99950,100,100106,100,99928,100,100121,100,99927,100,100123,100,99921,100,100134,100,99903,100
2019-06-28 09:36:11.470622399,100039,196,99999,196,100043,193,99990,193,100076,193,99986,193,100087,200,99980,100,100090,100,99970,100,100092,100,99950,100,100106,100,99928,100,100121,100,99927,100,100123,100,99921,100,100134,100,99903,100
2019-06-28 09:36:19.184614418,100001,100,99999,196,100039,196,99990,193,100043,193,99986,193,100076,193,99980,100,100087,200,99970,100,100090,100,99950,100,100092,100,99928,100,100106,100,99927,100,100121,100,99921,100,100123,100,99903,100
2019-06-28 09:36:20.000000000,100001,157,99999,157,100039,157,99990,157,100043,157,99986,157,100076,157,99980,157,100087,257,99970,157,100090,100,99950,100,100092,100,99928,100,100106,100,99927,100,100121,100,99921,100,100123,100,99903,100
2019-06-28 09:36:30.000000000,100001,171,99999,171,100039,171,99990,171,100043,171,99986,171,100076,171,99980,171,100087,200,99970,100,100090,100,99950,100,100092,100,99928,100,100106,100,99927,100,100121,100,99921,100,100123,100,99903,100
2019-06-28 09:36:40.000000000,100001,242,99999,242,100039,242,99990,242,100043,100,99986,100,100076,100,99980,100,100087,200,99970,100,100090,100,99950,100,100092,100,99928,100,100106,100,99927,100,100121,100,99921,100,100123,100,99903,100
2019-06-28 09:36:50.000000000,100001,383,99999,383,100039,100,99990,100,100043,100,99986,100,100076,100,99980,100,100087,200,99970,100,100090,100,99950,100,100092,100,99928,100,100106,100,99927,100,100121,100,99921,100,100123,100,99903,100
2019-06-28 09:37:00.000000000,100001,157,99999,157,100039,157,99990,157,100043,157,99986,157,100076,157,99980,157,100087,257,99970,157,100090,100,99950,100,100092,100,99928,100,100106,100,99927,100,100121,100,99921,100,100123,100,99903,100
2019-06-28 09:37:10.000000000,100001,171,99999,171,100039,171,99990,171,100043,171,99986,171,100076,171,99980,171,100087,200,99970,100,100090,100,99950,100,100092,100,99928,100,100106,100,99927,100,100121,100,99921,100,100123,100,99903,100
2019-06-28 09:37:20.000000000,100001,383,99999,383,100039,100,99990,100,100043,100,99986,100,100076,100,99980,100,100087,200,99970,100,100090,100,99950,100,100092,100,99928,100,100106,100,99927,100,100121,100,99921,100,100123,100,99903,100
2019-06-28 09:37:24.623098288,100001,383,99999,383,100039,100,99990,100,100043,100,99986,100,100076,100,99980,100,100087,200,99970,100,100090,100,99950,100,100092,100,99928,100,100106,100,99927,100,100121,100,99921,100,100123,100,99903,100
2019-06-28 09:37:30.000000000,100001,171,99999,171,100039,171,99990,171,100043,171,99986,171,100076,171,99980,171,100087,200,99970,100,100090,100,99950,100,100092,100,99928,100,100106,100,99927,100,100121,100,99921,100,100123,100,99903,100
2019-06-28 09:37:40.000000000,100001,171,99999,171,100039,171,99990,171,100043,171,99986,171,100076,171,99980,171,100087,200,99970,100,100090,100,99950,100,100092,100,99928,100,100106,100,99927,100,100121,100,99921,100,100123,100,99903,100
2019-06-28 09:37:50.000000000,100001,242,99999,242,100039,242,99990,242,100043,100,99986,100,100076,100,99980,100,100087,200,99970,100,100090,100,99950,100,100092,100,99928,100,100106,100,99927,100,100121,100,99921,100,100123,100,99903,100
2019-06-28 09:38:00.000000000,100001,157,99999,157,100039,157,99990,157,100043,157,99986,157,100076,157,99980,157,100087,257,99970,157,100090,100,99950,100,100092,100,99928,100,100106,100,99927,100,100121,100,99921,100,100123,100,99903,100
2019-06-28 09:38:04.907950529,100001,157,99999,157,100039,157,99990,157,100043,157,99986,157,100076,157,99980,157,100087,257,99970,157,100090,100,99950,100,100092,100,99928,100,100106,100,99927,100,100121,100,99921,100,100123,100,99903,100
2019-06-28 09:38:07.904135085,100001,157,99999,57,100039,157,99990,157,100043,157,99986,157,100076,157,99980,157,100087,257,99970,157,100090,100,99950,100,100092,100,99928,100,100106,100,99927,100,100121,100,99921,100,100123,100,99903,100
2019-06-28 09:38:09.470725709,100001,157,99999,57,100039,157,99990,157,100043,157,99986,157,100076,157,99980,157,100087,157,99970,157,100090,100,99950,100,100092,100,99928,100,100106,100,99927,100,100121,100,99921,100,100123,100,99903,100
2019-06-28 09:38:10.000000000,100001,196,99990,196,100039,193,99986,193,100043,193,99980,193,100076,100,99970,100,100087,100,99950,100,100090,100,99928,100,100092,100,99927,100,100106,100,99921,100,100121,100,99903,100,100123,100,99901,100
2019-06-28 09:38:20.000000000,100001,242,99990,242,100039,242,99986,242,100043,100,99980,100,100076,100,99970,100,100087,100,99950,100,100090,100,99928,100,100092,100,99927,100,100106,100,99921,100,100121,100,99903,100,100123,100,99901,100
2019-06-28 09:38:30.000000000,100001,171,99990,171,100039,171,99986,171,100043,171,99980,171,100076,171,99970,171,100087,100,99950,100,100090,100,99928,100,100092,100,99927,100,100106,100,99921,100,100121,100,99903,100,100123,100,99901,100
2019-06-28 09:38:40.000000000,100001,157,99990,157,100039,157,99986,157,100043,157,99980,157,100076,157,99970,157,100087,157,99950,157,100090,100,99928,100,100092,100,99927,100,100106,100,99921,100,100121,100,99903,100,100123,100,99901,100
2019-06-28 09:38:47.204045830,100001,157,99990,57,100039,157,99986,157,100043,157,99980,157,100076,157,99970,157,100087,157,99950,157,100090,100,99928,100,100092,100,99927,100,100106,100,99921,100,100121,100,99903,100,100123,100,99881,100
2019-06-28 09:38:50.000000000,100001,242,99986,242,100039,242,99980,242,100043,100,99970,100,100076,100,99950,100,100087,100,99928,100,100090,100,99927,100,100092,100,99921,100,100106,100,99903,100,100121,100,99881,100,100123,100,99852,100
2019-06-28 09:39:00.000000000,100001,157,99986,157,100039,157,99980,157,100043,157,99970,157,100076,157,99950,157,100087,157,99928,157,100090,100,99927,100,100092,100,99921,100,100106,100,99903,100,100121,100,99881,100,100123,100,99852,100
2019-06-28 09:39:10.000000000,100001,171,99986,171,100039,171,99980,171,100043,171,99970,171,100076,171,99950,171,100087,100,99928,100,100090,100,99927,100,100092,100,99921,100,100106,100,99903,100,100121,100,99881,100,100123,100,99852,100
2019-06-28 09:39:20.000000000,100001,242,99986,242,100039,242,99980,242,100043,100,99970,100,100076,100,99950,100,100087,100,99928,100,100090,100,99927,100,100092,100,99921,100,100106,100,99903,100,100121,100,99881,100,100123,100,99852,100
2019-06-28 09:39:30.000000000,100001,171,99986,171,100039,171,99980,171,100043,171,99970,171,100076,171,99950,171,100087,100,99928,100,100090,100,99927,100,100092,100,99921,100,100106,100,99903,100,100121,100,99881,100,100123,100,99852,100
2019-06-28 09:39:40.000000000,100001,383,99986,383,100039,100,99980,100,100043,100,99970,100,100076,100,99950,100,100087,100,99928,100,100090,100,99927,100,100092,100,99921,100,100106,100,99903,100,100121,100,99881,100,100123,100,99852,100
2019-06-28 09:39:50.000000000,100001,157,99986,157,100039,157,99980,157,100043,157,99970,157,100076,157,99950,157,100087,157,99928,157,100090,100,99927,100,100092,100,99921,100,100106,100,99903,100,100121,100,99881,100,100123,100,99852,100
2019-06-28 09:40:00.000000000,100001,383,99986,383,100039,100,99980,100,100043,100,99970,100,100076,100,99950,100,100087,100,99928,100,100090,100,99927,100,100092,100,99921,100,100106,100,99903,100,100121,100,99881,100,100123,100,99852,100
2019-06-28 09:40:10.000000000,100001,242,99986,242,100039,242,99980,242,100043,100,99970,100,100076,100,99950,100,100087,100,99928,100,100090,100,99927,100,100092,100,99921,100,100106,100,99903,100,100121,100,99881,100,100123,100,99852,100
2019-06-28 09:40:20.000000000,100001,171,99986,171,100039,171,99980,171,100043,171,99970,171,100076,171,99950,171,100087,100,99928,100,100090,100,99927,100,100092,100,99921,100,100106,100,99903,100,100121,100,99881,100,100123,100,99852,100
2019-06-28 09:40:30.000000000,100001,383,99986,383,100039,100,99980,100,100043,100,99970,100,100076,100,99950,100,100087,100,99928,100,100090,100,99927,100,100092,100,99921,100,100106,100,99903,100,100121,100,99881,100,100123,100,99852,100
2019-06-28 09:40:39.513183793,100001,383,99986,283,100039,100,99980,100,100043,100,99970,100,100076,100,99950,100,100087,100,99928,100,100090,100,99921,100,100092,100,99903,100,100106,100,99881,100,100121,100,99852,100,100123,100,99830,100
2019-06-28 09:40:40.000000000,100001,196,99980,196,100039,193,99970,193,100043,193,99950,193,100076,100,99928,100,100087,100,99921,100,100090,100,99903,100,100092,100,99881,100,100106,100,99852,100,100121,100,99830,100,100123,100,99825,100
2019-06-28 09:40:49.916771721,100001,196,99980,96,100039,193,99970,193,100043,193,99950,193,100076,100,99928,100,100087,100,99921,100,100090,100,99903,100,100092,100,99881,100,100106,100,99852,100,100121,100,99830,100,100123,100,99825,100
2019-06-28 09:40:50.000000000,100001,157,99970,157,100039,157,99950,157,100043,157,99928,157,100076,157,99921,157,100087,157,99903,157,100090,100,99881,100,100092,100,99852,100,100106,100,99830,100,100121,100,99825,100,100123,100,99804,100
2019-06-28 09:40:55.510434431,100001,157,99970,57,100039,157,99950,157,100043,157,99928,157,100076,157,99921,157,100087,157,99903,157,100090,100,99881,100,100092,100,99852,100,100106,100,99830,100,100121,100,99825,100,100123,100,99804,100
2019-06-28 09:41:00.000000000,100001,196,99950,196,100039,193,99928,193,100043,193,99921,193,100076,100,99903,100,100087,100,99881,100,100090,100,99852,100,100092,100,99830,100,100106,100,99825,100,100121,100,99804,100,100123,100,99701,100
2019-06-28 09:41:01.424172166,100001,196,99950,196,100039,193,99928,193,100043,193,99921,193,100076,100,99903,100,100087,100,99881,100,100090,100,99852,100,100092,100,99830,100,100106,100,99825,100,100121,100,99804,100,100123,100,99701,100
2019-06-28 09:41:02.393287824,100001,196,99950,196,100039,193,99928,193,100043,193,99921,193,100076,100,99903,100,100087,100,99881,100,100090,100,99852,100,100092,100,99830,100,100106,100,99825,100,100121,100,99804,100,100123,100,99701,100
2019-06-28 09:41:10.000000000,100001,242,99950,242,100039,242,99928,242,100043,100,99921,100,100076,100,99903,100,100087,100,99881,100,100090,100,99852,100,100092,100,99830,100,100106,100,99825,100,100121,100,99804,100,100123,100,99701,100
2019-06-28 09:41:10.656815711,100001,242,99950,142,100039,242,99928,242,100043,100,99921,100,100076,100,99903,100,100087,100,99881,100,100090,100,99852,100,100092,100,99830,100,100106,100,99825,100,100121,100,99804,100,100123,100,99701,100
2019-06-28 09:41:11.337243643,100001,242,99950,42,100039,242,99928,242,100043,100,99921,100,100076,100,99903,100,100087,100,99881,100,100090,100,99852,100,100092,100,99830,100,100106,100,99825,100,100121,100,99804,100,100123,100,99701,100
2019-06-28 09:41:20.000000000,100001,171,99928,171,100039,171,99921,171,100043,171,99903,171,100076,171,99881,171,100087,100,99852,100,100090,100,99830,100,100092,100,99825,100,100106,100,99804,100,100121,100,99701,100,100123,100,99523,100
2019-06-28 09:41:25.456988630,99950,100,99928,171,100001,171,99921,171,100039,171,99903,171,100043,171,99881,171,100076,171,99852,100,100087,100,99830,100,100090,100,99825,100,100092,100,99804,100,100106,100,99701,100,100121,100,99523,100
2019-06-28 09:41:25.826953055,99950,100,99928,171,100001,171,99921,171,100039,171,99903,171,100043,171,99881,171,100076,171,99852,100,100087,100,99830,100,100090,100,99825,100,100092,100,99804,100,100106,100,99701,100,100121,100,99523,100
2019-06-28 09:41:30.000000000,99950,171,99928,171,100001,171,99921,171,100039,171,99903,171,100043,171,99881,171,100076,100,99852,100,100087,100,99830,100,100090,100,99825,100,100092,100,99804,100,100106,100,99701,100,100121,100,99523,100
2019-06-28 09:41:31.886871524,99950,271,99928,171,100001,171,99921,171,100039,171,99903,171,100043,171,99881,171,100076,100,99852,100,100087,100,99830,100,100090,100,99825,100,100092,100,99804,100,100106,100,99701,100,100121,100,99523,100
2019-06-28 09:41:40.000000000,99950,257,99928,157,100001,157,99921,157,100039,157,99903,157,100043,157,99881,157,100076,157,99852,157,100087,100,99830,100,100090,100,99825,100,100092,100,99804,100,100106,100,99701,100,100121,100,99523,100
2019-06-28 09:41:50.000000000,99950,483,99928,383,100001,100,99921,100,100039,100,99903,100,100043,100,99881,100,100076,100,99852,100,100087,100,99830,100,100090,100,99825,100,100092,100,99804,100,100106,100,99701,100,100121,100,99523,100
2019-06-28 09:42:00.000000000,99950,296,99928,196,100001,193,99921,193,100039,193,99903,193,100043,100,99881,100,100076,100,99852,100,100087,100,99830,100,100090,100,99825,100,100092,100,99804,100,100106,100,99701,100,100121,100,99523,100
2019-06-28 09:42:10.000000000,99950,296,99928,196,100001,193,99921,193,100039,193,99903,193,100043,100,99881,100,100076,100,99852,100,100087,100,99830,100,100090,100,99825,100,100092,100,99804,100,100106,100,99701,100,100121,100,99523,100
2019-06-28 09:42:11.944069030,99950,296,99928,196,100001,193,99921,193,100039,193,99903,193,100043,100,99881,100,100076,100,99852,100,100087,100,99830,100,100090,100,99825,100,100092,100,99804,100,100106,100,99701,100,100121,100,99523,100
2019-06-28 09:42:16.891152087,99950,396,99928,196,100001,193,99921,193,100039,193,99903,193,100043,100,99881,100,100076,100,99852,100,100087,100,99830,100,100090,100,99825,100,100092,100,99804,100,100106,100,99701,100,100123,100,99523,100
2019-06-28 09:42:20.000000000,99950,357,99928,157,100001,157,99921,157,100039,157,99903,157,100043,157,99881,157,100076,157,99852,157,100087,100,99830,100,100090,100,99825,100,100092,100,99804,100,100106,100,99701,100,100123,100,99523,100
2019-06-28 09:42:30.000000000,99950,357,99928,157,100001,157,99921,157,100039,157,99903,157,100043,157,99881,157,100076,157,99852,157,100087,100,99830,100,100090,100,99825,100,100092,100,99804,100,100106,100,99701,100,100123,100,99523,100
2019-06-28 09:42:32.893833458,99950,357,99928,57,100001,157,99921,157,100039,157,99903,157,100043,157,99881,157,100076,157,99852,157,100087,100,99830,100,100090,100,99825,100,100092,100,99804,100,100106,100,99701,100,100123,100,99523,100
2019-06-28 09:42:40.000000000,99950,442,99921,242,100001,242,99903,242,100039,100,99881,100,100043,100,99852,100,100076,100,99830,100,100087,100,99825,100,100090,100,99804,100,100092,100,99701,100,100106,100,99523,100,100123,100,99350,100
2019-06-28 09:42:50.000000000,99950,583,99921,383,100001,100,99903,100,100039,100,99881,100,100043,100,99852,100,100076,100,99830,100,100087,100,99825,100,100090,100,99804,100,100092,100,99701,100,100106,100,99523,100,100123,100,99350,100
2019-06-28 09:42:57.298739346,99950,583,99921,283,100001,100,99903,100,100039,100,99881,100,100043,100,99852,100,100076,100,99830,100,100087,100,99825,100,100090,100,99804,100,100092,100,99701,100,100106,100,99523,100,100123,100,99350,100
2019-06-28 09:43:00.000000000,99950,396,99903,196,100001,193,99881,193,100039,193,99852,193,100043,100,99830,100,100076,100,99825,100,100087,100,99804,100,100090,100,99701,100,100092,100,99523,100,100106,100,99350,100,100123,100,99202,100
2019-06-28 09:43:00.771494637,99950,396,99903,196,100001,193,99881,193,100039,193,99852,193,100043,100,99830,100,100076,100,99825,100,100087,100,99804,100,100090,100,99701,100,100092,100,99523,100,100106,100,99350,100,100123,100,99202,100
2019-06-28 09:43:10.000000000,99950,357,99903,157,100001,157,99881,157,100039,157,99852,157,100043,157,99830,157,100076,157,99825,157,100087,100,99804,100,100090,100,99701,100,100092,100,99523,100,100106,100,99350,100,100123,100,99202,100
2019-06-28 09:43:13.075887824,99928,100,99903,157,99950,357,99881,157,100001,157,99852,157,100039,157,99830,157,100043,157,99825,157,100076,157,99804,100,100087,100,99701,100,100090,100,99523,100,100092,100,99350,100,100106,100,99202,100
2019-06-28 09:43:13.185598578,99928,100,99903,57,99950,357,99881,157,100001,157,99852,157,100039,157,99830,157,100043,157,99825,157,100076,157,99804,100,100087,100,99701,100,100090,100,99523,100,100092,100,99350,100,100106,100,99202,100
2019-06-28 09:43:20.000000000,99928,157,99881,157,99950,357,99852,157,100001,157,99830,157,100039,157,99825,157,100043,157,99804,157,100076,100,99701,100,100087,100,99523,100,100090,100,99350,100,100092,100,99202,100,100106,100,99161,100
2019-06-28 09:43:24.275307198,99928,157,99881,157,99950,357,99852,157,100001,157,99830,157,100039,157,99825,157,100043,157,99804,157,100076,100,99701,100,100087,100,99523,100,100090,100,99350,100,100092,100,99161,100,100106,100,98704,100
2019-06-28 09:43:30.000000000,99928,383,99881,383,99950,300,99852,100,100001,100,99830,100,100039,100,99825,100,100043,100,99804,100,100076,100,99701,100,100087,100,99523,100,100090,100,99350,100,100092,100,99161,100,100106,100,98704,100
2019-06-28 09:43:40.000000000,99928,383,99881,383,99950,300,99852,100,100001,100,99830,100,100039,100,99825,100,100043,100,99804,100,100076,100,99701,100,100087,100,99523,100,100090,100,99350,100,100092,100,99161,100,100106,100,98704,100
2019-06-28 09:43:50.000000000,99928,383,99881,383,99950,300,99852,100,100001,100,99830,100,100039,100,99825,100,100043,100,99804,100,100076,100,99701,100,100087,100,99523,100,100090,100,99350,100,100092,100,99161,100,100106,100,98704,100
2019-06-28 09:44:00.000000000,99928,242,99881,242,99950,442,99852,242,100001,100,99830,100,100039,100,99825,100,100043,100,99804,100,100076,100,99701,100,100087,100,99523,100,100090,100,99350,100,100092,100,99161,100,100106,100,98704,100
2019-06-28 09:44:05.016096586,99928,242,99881,142,99950,442,99852,242,100001,100,99830,100,100039,100,99825,100,100043,100,99804,100,100076,100,99701,100,100087,100,99523,100,100090,100,99350,100,100092,100,99161,100,100106,100,98704,100
2019-06-28 09:44:10.000000000,99928,157,99852,157,99950,357,99830,157,100001,157,99825,157,100039,157,99804,157,100043,157,99701,157,100076,100,99523,100,100087,100,99350,100,100090,100,99161,100,100092,100,98704,100,100106,100,98553,100
2019-06-28 09:44:18.509559825,99928,157,99852,157,99950,357,99830,157,100001,157,99825,157,100039,57,99804,157,100043,157,99701,157,100076,100,99523,100,100087,100,99350,100,100090,100,99161,100,100092,100,98704,100,100106,100,98553,100
2019-06-28 09:44:20.000000000,99928,242,99852,242,99950,442,99830,242,100001,100,99825,100,100043,100,99804,100,100076,100,99701,100,100087,100,99523,100,100090,100,99350,100,100092,100,99161,100,100106,100,98704,100,100123,100,98553,100
2019-06-28 09:44:30.000000000,99928,242,99852,242,99950,442,99830,242,100001,100,99825,100,100043,100,99804,100,100076,100,99701,100,100087,100,99523,100,100090,100,99350,100,100092,100,99161,100,100106,100,98704,100,100123,100,98553,100
2019-06-28 09:44:38.897976022,99903,100,99852,242,99928,242,99830,242,99950,442,99825,100,100001,100,99804,100,100043,100,99701,100,100076,100,99523,100,100087,100,99350,100,100090,100,99161,100,100092,100,98704,100,100106,100,98553,100
2019-06-28 09:44:40.000000000,99903,242,99852,242,99928,242,99830,242,99950,300,99825,100,100001,100,99804,100,100043,100,99701,100,100076,100,99523,100,100087,100,99350,100,100090,100,99161,100,100092,100,98704,100,100106,100,98553,100
2019-06-28 09:44:50.000000000,99903,196,99852,196,99928,193,99830,193,99950,393,99825,193,100001,100,99804,100,100043,100,99701,100,100076,100,99523,100,100087,100,99350,100,100090,100,99161,100,100092,100,98704,100,100106,100,98553,100
2019-06-28 09:45:00.000000000,99903,242,99852,242,99928,242,99830,242,99950,300,99825,100,100001,100,99804,100,100043,100,99701,100,100076,100,99523,100,100087,100,99350,100,100090,100,99161,100,100092,100,98704,100,100106,100,98553,100
2019-06-28 09:45:08.504410779,99903,242,99852,142,99928,242,99830,242,99950,300,99825,100,100001,100,99804,100,100043,100,99701,100,100076,100,99523,100,100087,100,99350,100,100090,100,99161,100,100092,100,98704,100,100106,100,98553,100
2019-06-28 09:45:10.000000000,99903,157,99830,157,99928,157,99825,157,99950,357,99804,157,100001,157,99701,157,100043,157,99523,157,100076,100,99350,100,100087,100,99161,100,100090,100,98704,100,100092,100,98553,100,100106,100,98514,100
2019-06-28 09:45:18.565611882,99903,157,99830,157,99928,157,99825,157,99950,357,99804,157,100001,157,99701,157,100043,157,99523,157,100076,100,99350,100,100087,100,99161,100,100090,100,98996,100,100092,100,98704,100,100106,100,98553,100
2019-06-28 09:45:20.000000000,99903,196,99830,196,99928,193,99825,193,99950,393,99804,193,100001,100,99701,100,100043,100,99523,100,100076,100,99350,100,100087,100,99161,100,100090,100,98996,100,100092,100,98704,100,100106,100,98553,100
2019-06-28 09:45:30.000000000,99903,171,99830,171,99928,171,99825,171,99950,371,99804,171,100001,171,99701,171,100043,100,99523,100,100076,100,99350,100,100087,100,99161,100,100090,100,98996,100,100092,100,98704,100,100106,100,98553,100
2019-06-28 09:45:30.781180073,99903,171,99830,171,99928,171,99825,171,99950,371,99804,171,100001,171,99701,171,100043,100,99523,100,100076,100,99350,100,100087,100,99161,100,100090,100,99045,100,100092,100,98996,100,100106,100,98704,100
2019-06-28 09:45:36.918261922,99881,100,99830,171,99903,71,99825,171,99928,171,99804,171,99950,371,99701,171,100001,171,99523,100,100043,100,99350,100,100076,100,99161,100,100087,100,99045,100,100090,100,98996,100,100092,100,98704,100
2019-06-28 09:45:40.000000000,99881,171,99830,171,99928,171,99825,171,99950,371,99804,171,100001,171,99701,171,100043,100,99523,100,100076,100,99350,100,100087,100,99161,100,100090,100,99045,100,100092,100,98996,100,100106,100,98704,100
2019-06-28 09:45:40.866226111,99881,171,99830,171,99928,171,99825,171,99950,371,99804,171,100001,171,99701,171,100043,100,99523,100,100076,100,99350,100,100087,100,99161,100,100090,100,99045,100,100092,100,98998,100,100106,100,98996,100
2019-06-28 09:45:47.057693119,99881,171,99830,171,99928,171,99825,171,99950,371,99804,171,100001,171,99701,171,100043,100,99523,100,100076,100,99350,100,100087,100,99347,100,100090,100,99161,100,100092,100,99045,100,100106,100,98998,100
2019-06-28 09:45:50.000000000,99881,157,99830,157,99928,157,99825,157,99950,357,99804,157,100001,157,99701,157,100043,157,99523,157,100076,100,99350,100,100087,100,99347,100,100090,100,99161,100,100092,100,99045,100,100106,100,98998,100
2019-06-28 09:46:00.000000000,99881,196,99830,196,99928,193,99825,193,99950,393,99804,193,100001,100,99701,100,100043,100,99523,100,100076,100,99350,100,100087,100,99347,100,100090,100,99161,100,100092,100,99045,100,100106,100,98998,100
2019-06-28 09:46:10.000000000,99881,171,99830,171,99928,171,99825,171,99950,371,99804,171,100001,171,99701,171,100043,100,99523,100,100076,100,99350,100,100087,100,99347,100,100090,100,99161,100,100092,100,99045,100,100106,100,98998,100
2019-06-28 09:46:10.742546446,99881,271,99830,171,99928,171,99825,171,99950,371,99804,171,100001,171,99701,171,100076,100,99523,100,100087,100,99350,100,100090,100,99347,100,100092,100,99161,100,100106,100,99045,100,100123,100,98998,100
2019-06-28 09:46:19.572497132,99881,271,99830,171,99928,171,99825,171,99950,371,99804,171,100001,171,99701,171,100076,100,99523,100,100087,100,99350,100,100090,100,99347,100,100092,100,99336,100,100106,100,99161,100,100123,100,99045,100
2019-06-28 09:46:20.000000000,99881,342,99830,242,99928,242,99825,242,99950,300,99804,100,100001,100,99701,100,100076,100,99523,100,100087,100,99350,100,100090,100,99347,100,100092,100,99336,100,100106,100,99161,100,100123,100,99045,100
2019-06-28 09:46:25.715983044,99881,342,99830,142,99928,242,99825,242,99950,300,99804,100,100001,100,99701,100,100076,100,99523,100,100087,100,99350,100,100090,100,99347,100,100092,100,99336,100,100106,100,99161,100,100123,100,99045,100
2019-06-28 09:46:30.000000000,99881,271,99825,171,99928,171,99804,171,99950,371,99701,171,100001,171,99523,171,100076,100,99350,100,100087,100,99347,100,100090,100,99336,100,100092,100,99161,100,100106,100,99045,100,100123,100,98996,100
2019-06-28 09:46:31.282007473,99852,100,99825,171,99881,171,99804,171,99928,171,99701,171,99950,371,99523,171,100001,171,99350,100,100076,100,99347,100,100087,100,99336,100,100090,100,99161,100,100092,100,99045,100,100106,100,98996,100
2019-06-28 09:46:40.000000000,99852,242,99825,242,99881,242,99804,242,99928,100,99701,100,99950,300,99523,100,100001,100,99350,100,100076,100,99347,100,100087,100,99336,100,100090,100,99161,100,100092,100,99045,100,100106,100,98996,100
2019-06-28 09:46:41.567586321,99852,242,99825,242,99881,242,99804,242,99928,100,99701,100,99950,300,99523,100,100001,100,99350,100,100076,100,99347,100,100087,100,99266,100,100090,100,99161,100,100092,100,99045,100,100106,100,98996,100
2019-06-28 09:46:43.954602410,99852,342,99825,242,99881,242,99804,242,99928,100,99701,100,99950,300,99523,100,100001,100,99350,100,100076,100,99347,100,100087,100,99266,100,100090,100,99161,100,100092,100,99045,100,100106,100,98996,100
2019-06-28 09:46:50.000000000,99852,483,99825,383,99881,100,99804,100,99928,100,99701,100,99950,300,99523,100,100001,100,99350,100,100076,100,99347,100,100087,100,99266,100,100090,100,99161,100,100092,100,99045,100,100106,100,98996,100
2019-06-28 09:47:00.000000000,99852,342,99825,242,99881,242,99804,242,99928,100,99701,100,99950,300,99523,100,100001,100,99350,100,100076,100,99347,100,100087,100,99266,100,100090,100,99161,100,100092,100,99045,100,100106,100,98996,100
2019-06-28 09:47:10.000000000,99852,483,99825,383,99881,100,99804,100,99928,100,99701,100,99950,300,99523,100,100001,100,99350,100,100076,100,99347,100,100087,100,99266,100,100090,100,99161,100,100092,100,99045,100,100106,100,98996,100
2019-06-28 09:47:20.000000000,99852,342,99825,242,99881,242,99804,242,99928,100,99701,100,99950,300,99523,100,100001,100,99350,100,100076,100,99347,100,100087,100,99266,100,100090,100,99161,100,100092,100,99045,100,100106,100,98996,100
2019-06-28 09:47:21.840882423,99852,342,99825,242,99881,242,99804,242,99928,100,99701,100,99950,300,99523,100,100001,100,99477,100,100076,100,99350,100,100087,100,99347,100,100090,100,99266,100,100092,100,99161,100,100106,100,99045,100
2019-06-28 09:47:30.000000000,99852,483,99825,383,99881,100,99804,100,99928,100,99701,100,99950,300,99523,100,100001,100,99477,100,100076,100,99350,100,100087,100,99347,100,100090,100,99266,100,100092,100,99161,100,100106,100,99045,100
2019-06-28 09:47:32.008200490,99852,483,99825,383,99881,100,99804,100,99928,100,99701,100,99950,200,99523,100,100001,100,99477,100,100076,100,99350,100,100087,100,99347,100,100090,100,99266,100,100092,100,99161,100,100106,100,99045,100
2019-06-28 09:47:37.496006205,99852,483,99825,283,99881,100,99804,100,99928,100,99701,100,99950,200,99523,100,100001,100,99477,100,100076,100,99350,100,100087,100,99347,100,100090,100,99266,100,100092,100,99161,100,100106,100,99045,100
2019-06-28 09:47:40.000000000,99852,296,99804,196,99881,193,99701,193,99928,193,99523,193,99950,200,99477,100,100001,100,99350,100,100076,100,99347,100,100087,100,99266,100,100090,100,99161,100,100092,100,99045,100,100106,100,98996,100
2019-06-28 09:47:50.000000000,99852,342,99804,242,99881,242,99701,242,99928,100,99523,100,99950,200,99477,100,100001,100,99350,100,100076,100,99347,100,100087,100,99266,100,100090,100,99161,100,100092,100,99045,100,100106,100,98996,100
2019-06-28 09:47:57.916221120,99852,342,99804,242,99881,242,99701,242,99928,100,99523,100,99950,200,99477,100,100001,100,99350,100,100076,100,99347,100,100087,100,99266,100,100090,100,99161,100,100092,100,99052,100,100106,100,99045,100
2019-06-28 09:48:00.000000000,99852,342,99804,242,99881,242,99701,242,99928,100,99523,100,99950,200,99477,100,100001,100,99350,100,100076,100,99347,100,100087,100,99266,100,100090,100,99161,100,100092,100,99052,100,100106,100,99045,100
2019-06-28 09:48:05.187066847,99852,342,99804,142,99881,242,99701,242,99928,100,99523,100,99950,200,99477,100,100001,100,99350,100,100076,100,99347,100,100087,100,99266,100,100090,100,99161,100,100092,100,99052,100,100106,100,99045,100
2019-06-28 09:48:10.000000000,99852,342,99701,242,99881,242,99523,242,99928,100,99477,100,99950,200,99350,100,100001,100,99347,100,100076,100,99266,100,100087,100,99161,100,100090,100,99052,100,100092,100,99045,100,100106,100,98996,100
2019-06-28 09:48:20.000000000,99852,257,99701,157,99881,157,99523,157,99928,157,99477,157,99950,257,99350,157,100001,157,99347,157,100076,100,99266,100,100087,100,99161,100,100090,100,99052,100,100092,100,99045,100,100106,100,98996,100
2019-06-28 09:48:30.000000000,99852,296,99701,196,99881,193,99523,193,99928,193,99477,193,99950,200,99350,100,100001,100,99347,100,100076,100,99266,100,100087,100,99161,100,100090,100,99052,100,100092,100,99045,100,100106,100,98996,100
2019-06-28 09:48:30.839684189,99852,296,99701,196,99881,193,99523,193,99928,193,99477,193,99950,200,99350,100,100001,100,99347,100,100076,100,99342,100,100087,100,99266,100,100090,100,99161,100,100092,100,99052,100,100106,100,99045,100
2019-06-28 09:48:35.725144600,99852,296,99701,196,99881,193,99523,193,99928,193,99477,193,99950,200,99391,100,100001,100,99350,100,100076,100,99347,100,100087,100,99342,100,100090,100,99266,100,100092,100,99161,100,100106,100,99052,100
2019-06-28 09:48:40.000000000,99852,296,99701,196,99881,193,99523,193,99928,193,99477,193,99950,200,99391,100,100001,100,99350,100,100076,100,99347,100,100087,100,99342,100,100090,100,99266,100,100092,100,99161,100,100106,100,99052,100
2019-06-28 09:48:50.000000000,99852,483,99701,383,99881,100,99523,100,99928,100,99477,100,99950,200,99391,100,100001,100,99350,100,100076,100,99347,100,100087,100,99342,100,100090,100,99266,100,100092,100,99161,100,100106,100,99052,100
2019-06-28 09:49:00.000000000,99852,296,99701,196,99881,193,99523,193,99928,193,99477,193,99950,200,99391,100,100001,100,99350,100,100076,100,99347,100,100087,100,99342,100,100090,100,99266,100,100092,100,99161,100,100106,100,99052,100
2019-06-28 09:49:10.000000000,99852,296,99701,196,99881,193,99523,193,99928,193,99477,193,99950,200,99391,100,100001,100,99350,100,100076,100,99347,100,100087,100,99342,100,100090,100,99266,100,100092,100,99161,100,100106,100,99052,100
2019-06-28 09:49:20.000000000,99852,342,99701,242,99881,242,99523,242,99928,100,99477,100,99950,200,99391,100,100001,100,99350,100,100076,100,99347,100,100087,100,99342,100,100090,100,99266,100,100092,100,99161,100,100106,100,99052,100
2019-06-28 09:49:25.557111411,99852,342,99701,142,99881,242,99523,142,99928,100,99477,100,99950,200,99391,100,100001,100,99350,100,100076,100,99347,100,100087,100,99342,100,100090,100,99266,100,100092,100,99161,100,100106,100,99052,100
2019-06-28 09:49:30.000000000,99852,257,99477,157,99881,157,99391,157,99928,157,99350,157,99950,257,99347,157,100001,157,99342,157,100076,100,99266,100,100087,100,99161,100,100090,100,99052,100,100092,100,99045,100,100106,100,98704,100
2019-06-28 09:49:40.000000000,99852,296,99477,196,99881,193,99391,193,99928,193,99350,193,99950,200,99347,100,100001,100,99342,100,100076,100,99266,100,100087,100,99161,100,100090,100,99052,100,100092,100,99045,100,100106,100,98704,100
2019-06-28 09:49:50.000000000,99852,271,99477,171,99881,171,99391,171,99928,171,99350,171,99950,271,99347,171,100001,100,99342,100,100076,100,99266,100,100087,100,99161,100,100090,100,99052,100,100092,100,99045,100,100106,100,98704,100
2019-06-28 09:50:00.000000000,99852,257,99477,157,99881,157,99391,157,99928,157,99350,157,99950,257,99347,157,100001,157,99342,157,100076,100,99266,100,100087,100,99161,100,100090,100,99052,100,100092,100,99045,100,100106,100,98704,100
2019-06-28 09:50:10.000000000,99852,342,99477,242,99881,242,99391,242,99928,100,99350,100,99950,200,99347,100,100001,100,99342,100,100076,100,99266,100,100087,100,99161,100,100090,100,99052,100,100092,100,99045,100,100106,100,98704,100
2019-06-28 09:50:11.901398963,99804,100,99477,242,99852,342,99391,242,99881,242,99350,100,99928,100,99347,100,99950,200,99342,100,100001,100,99266,100,100076,100,99161,100,100087,100,99052,100,100090,100,99045,100,100092,100,98704,100
2019-06-28 09:50:18.892354526,99804,200,99477,242,99852,342,99391,242,99881,242,99350,100,99950,200,99347,100,100001,100,99342,100,100076,100,99266,100,100087,100,99161,100,100090,100,99052,100,100092,100,99045,100,100106,100,98704,100
2019-06-28 09:50:20.000000000,99804,342,99477,242,99852,342,99391,242,99881,100,99350,100,99950,200,99347,100,100001,100,99342,100,100076,100,99266,100,100087,100,99161,100,100090,100,99052,100,100092,100,99045,100,100106,100,98704,100
2019-06-28 09:50:30.000000000,99804,342,99477,242,99852,342,99391,242,99881,100,99350,100,99950,200,99347,100,100001,100,99342,100,100076,100,99266,100,100087,100,99161,100,100090,100,99052,100,100092,100,99045,100,100106,100,98704,100
2019-06-28 09:50:32.219926411,99804,342,99477,242,99852,342,99457,100,99881,100,99391,242,99950,200,99350,100,100001,100,99347,100,100076,100,99342,100,100087,100,99266,100,100090,100,99161,100,100092,100,99052,100,100106,100,99045,100
2019-06-28 09:50:36.318600740,99804,442,99477,242,99852,342,99457,100,99881,100,99391,242,99950,200,99350,100,100001,100,99347,100,100076,100,99342,100,100087,100,99266,100,100090,100,99161,100,100092,100,99052,100,100106,100,99045,100
2019-06-28 09:50:40.000000000,99804,396,99477,196,99852,293,99457,193,99881,193,99391,193,99950,200,99350,100,100001,100,99347,100,100076,100,99342,100,100087,100,99266,100,100090,100,99161,100,100092,100,99052,100,100106,100,99045,100
2019-06-28 09:50:49.409383264,99748,100,99477,196,99804,396,99457,193,99852,293,99391,193,99881,193,99350,100,99950,200,99347,100,100001,100,99342,100,100076,100,99161,100,100087,100,99052,100,100090,100,99045,100,100092,100,98704,100
2019-06-28 09:50:50.000000000,99748,242,99477,242,99804,442,99457,242,99852,200,99391,100,99881,100,99350,100,99950,200,99347,100,100001,100,99342,100,100076,100,99161,100,100087,100,99052,100,100090,100,99045,100,100092,100,98704,100
2019-06-28 09:51:00.000000000,99748,383,99477,383,99804,300,99457,100,99852,200,99391,100,99881,100,99350,100,99950,200,99347,100,100001,100,99342,100,100076,100,99161,100,100087,100,99052,100,100090,100,99045,100,100092,100,98704,100
2019-06-28 09:51:01.542250227,99748,383,99627,100,99804,300,99477,383,99852,200,99457,100,99881,100,99391,100,99950,200,99350,100,100001,100,99347,100,100076,100,99342,100,100087,100,99161,100,100090,100,99052,100,100092,100,99045,100
2019-06-28 09:51:04.309876318,99748,383,99627,100,99804,400,99477,383,99852,200,99457,100,99881,100,99391,100,99950,200,99350,100,100001,100,99347,100,100076,100,99342,100,100087,100,99161,100,100090,100,99052,100,100092,100,99045,100
2019-06-28 09:51:10.000000000,99748,242,99627,242,99804,542,99477,242,99852,200,99457,100,99881,100,99391,100,99950,200,99350,100,100001,100,99347,100,100076,100,99342,100,100087,100,99161,100,100090,100,99052,100,100092,100,99045,100
2019-06-28 09:51:18.112168606,99748,142,99627,242,99804,542,99477,242,99852,200,99457,100,99881,100,99391,100,99950,200,99350,100,100001,100,99347,100,100076,100,99342,100,100087,100,99161,100,100090,100,99052,100,100092,100,99045,100
2019-06-28 09:51:19.440689713,99748,142,99702,100,99804,542,99627,242,99852,200,99477,242,99881,100,99457,100,99950,200,99391,100,100001,100,99350,100,100076,100,99347,100,100087,100,99342,100,100090,100,99161,100,100092,100,99052,100
2019-06-28 09:51:20.000000000,99804,457,99702,157,99852,257,99627,157,99881,157,99477,157,99950,257,99457,157,100001,157,99391,157,100076,100,99350,100,100087,100,99347,100,100090,100,99342,100,100092,100,99161,100,100106,100,99052,100
2019-06-28 09:51:21.899953676,99804,457,99702,257,99852,257,99627,157,99881,157,99477,157,99950,257,99457,157,100001,157,99391,157,100076,100,99350,100,100087,100,99347,100,100090,100,99342,100,100092,100,99161,100,100106,100,99052,100
2019-06-28 09:51:30.000000000,99804,496,99702,296,99852,293,99627,193,99881,193,99477,193,99950,200,99457,100,100001,100,99391,100,100076,100,99350,100,100087,100,99347,100,100090,100,99342,100,100092,100,99161,100,100106,100,99052,100
2019-06-28 09:51:40.000000000,99804,457,99702,257,99852,257,99627,157,99881,157,99477,157,99950,257,99457,157,100001,157,99391,157,100076,100,99350,100,100087,100,99347,100,100090,100,99342,100,100092,100,99161,100,100106,100,99052,100
2019-06-28 09:51:50.000000000,99804,471,99702,271,99852,271,99627,171,99881,171,99477,171,99950,271,99457,171,100001,100,99391,100,100076,100,99350,100,100087,100,99347,100,100090,100,99342,100,100092,100,99161,100,100106,100,99052,100
2019-06-28 09:52:00.000000000,99804,471,99702,271,99852,271,99627,171,99881,171,99477,171,99950,271,99457,171,100001,100,99391,100,100076,100,99350,100,100087,100,99347,100,100090,100,99342,100,100092,100,99161,100,100106,100,99052,100
2019-06-28 09:52:10.000000000,99804,496,99702,296,99852,293,99627,193,99881,193,99477,193,99950,200,99457,100,100001,100,99391,100,100076,100,99350,100,100087,100,99347,100,100090,100,99342,100,100092,100,99161,100,100106,100,99052,100
2019-06-28 09:52:11.714180227,99804,496,99702,296,99852,293,99627,193,99881,193,99477,193,99950,200,99457,100,100001,100,99391,100,100076,100,99350,100,100087,100,99347,100,100090,100,99342,100,100092,100,99161,100,100106,100,99052,100
2019-06-28 09:52:20.000000000,99804,471,99702,271,99852,271,99627,171,99881,171,99477,171,99950,271,99457,171,100001,100,99391,100,100076,100,99350,100,100087,100,99347,100,100090,100,99342,100,100092,100,99161,100,100106,100,99052,100
2019-06-28 09:52:30.000000000,99804,683,99702,483,99852,200,99627,100,99881,100,99477,100,99950,200,99457,100,100001,100,99391,100,100076,100,99350,100,100087,100,99347,100,100090,100,99342,100,100092,100,99161,100,100106,100,99052,100
2019-06-28 09:52:40.000000000,99804,542,99702,342,99852,342,99627,242,99881,100,99477,100,99950,200,99457,100,100001,100,99391,100,100076,100,99350,100,100087,100,99347,100,100090,100,99342,100,100092,100,99161,100,100106,100,99052,100
2019-06-28 09:52:44.553325788,99804,542,99702,342,99852,342,99627,242,99881,100,99477,100,99950,200,99457,100,100001,100,99391,100,100076,100,99350,100,100087,100,99347,100,100090,100,99342,100,100092,100,99161,100,100106,100,99052,100
2019-06-28 09:52:50.000000000,99804,542,99702,342,99852,342,99627,242,99881,100,99477,100,99950,200,99457,100,100001,100,99391,100,100076,100,99350,100,100087,100,99347,100,100090,100,99342,100,100092,100,99161,100,100106,100,99052,100
2019-06-28 09:52:59.961617390,99804,442,99702,442,99852,342,99627,242,99881,100,99477,100,99950,200,99457,100,100001,100,99391,100,100076,100,99350,100,100087,100,99347,100,100090,100,99342,100,100092,100,99161,100,100106,100,99052,100
2019-06-28 09:53:00.000000000,99804,357,99702,357,99852,257,99627,157,99881,157,99477,157,99950,257,99457,157,100001,157,99391,157,100076,100,99350,100,100087,100,99347,100,100090,100,99342,100,100092,100,99161,100,100106,100,99052,100
2019-06-28 09:53:10.000000000,99804,371,99702,371,99852,271,99627,171,99881,171,99477,171,99950,271,99457,171,100001,100,99391,100,100076,100,99350,100,100087,100,99347,100,100090,100,99342,100,100092,100,99161,100,100106,100,99052,100
2019-06-28 09:53:20.000000000,99804,442,99702,442,99852,342,99627,242,99881,100,99477,100,99950,200,99457,100,100001,100,99391,100,100076,100,99350,100,100087,100,99347,100,100090,100,99342,100,100092,100,99161,100,100106,100,99052,100
2019-06-28 09:53:28.812879445,99804,442,99702,542,99852,342,99627,242,99881,100,99477,100,99950,200,99457,100,100001,100,99391,100,100076,100,99350,100,100087,100,99347,100,100090,100,99342,100,100092,100,99161,100,100106,100,99052,100
2019-06-28 09:53:30.000000000,99804,357,99702,457,99852,257,99627,157,99881,157,99477,157,99950,257,99457,157,100001,157,99391,157,100076,100,99350,100,100087,100,99347,100,100090,100,99342,100,100092,100,99161,100,100106,100,99052,100
2019-06-28 09:53:37.644788477,99804,357,99702,457,99852,257,99627,157,99881,157,99477,157,99950,257,99457,157,100001,157,99391,57,100076,100,99350,100,100087,100,99347,100,100090,100,99342,100,100092,100,99161,100,100106,100,99052,100
2019-06-28 09:53:40.000000000,99804,396,99702,496,99852,293,99627,193,99881,193,99477,193,99950,200,99457,100,100001,100,99350,100,100076,100,99347,100,100087,100,99342,100,100090,100,99161,100,100092,100,99052,100,100106,100,99045,100
2019-06-28 09:53:50.000000000,99804,583,99702,683,99852,200,99627,100,99881,100,99477,100,99950,200,99457,100,100001,100,99350,100,100076,100,99347,100,100087,100,99342,100,100090,100,99161,100,100092,100,99052,100,100106,100,99045,100
2019-06-28 09:54:00.000000000,99804,371,99702,471,99852,271,99627,171,99881,171,99477,171,99950,271,99457,171,100001,100,99350,100,100076,100,99347,100,100087,100,99342,100,100090,100,99161,100,100092,100,99052,100,100106,100,99045,100
2019-06-28 09:54:10.000000000,99804,583,99702,683,99852,200,99627,100,99881,100,99477,100,99950,200,99457,100,100001,100,99350,100,100076,100,99347,100,100087,100,99342,100,100090,100,99161,100,100092,100,99052,100,100106,100,99045,100
2019-06-28 09:54:12.218354817,99804,583,99702,683,99852,200,99627,100,99881,100,99477,100,99950,200,99457,100,100001,100,99350,100,100076,100,99347,100,100087,100,99342,100,100090,100,99161,100,100092,100,99052,100,100106,100,99045,100
2019-06-28 09:54:20.000000000,99804,371,99702,471,99852,271,99627,171,99881,171,99477,171,99950,271,99457,171,100001,100,99350,100,100076,100,99347,100,100087,100,99342,100,100090,100,99161,100,100092,100,99052,100,100106,100,99045,100
2019-06-28 09:54:25.401132554,99804,271,99702,471,99852,271,99627,171,99881,171,99477,171,99950,271,99457,171,100001,100,99350,100,100076,100,99347,100,100087,100,99342,100,100092,100,99161,100,100106,100,99052,100,100123,100,99045,100
2019-06-28 09:54:30.000000000,99804,483,99702,683,99852,200,99627,100,99881,100,99477,100,99950,200,99457,100,100001,100,99350,100,100076,100,99347,100,100087,100,99342,100,100092,100,99161,100,100106,100,99052,100,100123,100,99045,100
2019-06-28 09:54:31.316751482,99804,483,99702,683,99852,200,99627,100,99881,100,99477,100,99950,200,99457,100,100001,100,99350,100,100076,100,99347,100,100087,100,99342,100,100092,100,99161,100,100106,100,99052,100,100123,100,99045,100
2019-06-28 09:54:31.379251901,99804,483,99748,100,99852,200,99702,583,99881,100,99627,100,99950,200,99477,100,100001,100,99457,100,100076,100,99350,100,100087,100,99347,100,100092,100,99342,100,100106,100,99161,100,100123,100,99052,100
2019-06-28 09:54:40.000000000,99804,483,99748,383,99852,200,99702,300,99881,100,99627,100,99950,200,99477,100,100001,100,99457,100,100076,100,99350,100,100087,100,99347,100,100092,100,99342,100,100106,100,99161,100,100123,100,99052,100
2019-06-28 09:54:50.000000000,99804,296,99748,196,99852,293,99702,393,99881,193,99627,193,99950,200,99477,100,100001,100,99457,100,100076,100,99350,100,100087,100,99347,100,100092,100,99342,100,100106,100,99161,100,100123,100,99052,100
2019-06-28 09:55:00.000000000,99804,296,99748,196,99852,293,99702,393,99881,193,99627,193,99950,200,99477,100,100001,100,99457,100,100076,100,99350,100,100087,100,99347,100,100092,100,99342,100,100106,100,99161,100,100123,100,99052,100
2019-06-28 09:55:10.000000000,99804,342,99748,242,99852,342,99702,442,99881,100,99627,100,99950,200,99477,100,100001,100,99457,100,100076,100,99350,100,100087,100,99347,100,100092,100,99342,100,100106,100,99161,100,100123,100,99052,100
2019-06-28 09:55:20.000000000,99804,271,99748,171,99852,271,99702,371,99881,171,99627,171,99950,271,99477,171,100001,100,99457,100,100076,100,99350,100,100087,100,99347,100,100092,100,99342,100,100106,100,99161,100,100123,100,99052,100
2019-06-28 09:55:28.006188970,99804,171,99748,171,99852,271,99702,371,99881,171,99627,171,99950,271,99477,171,100001,100,99350,100,100076,100,99347,100,100087,100,99342,100,100092,100,99161,100,100106,100,99052,100,100123,100,99045,100
2019-06-28 09:55:30.000000000,99804,171,99748,171,99852,271,99702,371,99881,171,99627,171,99950,271,99477,171,100001,100,99350,100,100076,100,99347,100,100087,100,99342,100,100092,100,99161,100,100106,100,99052,100,100123,100,99045,100
2019-06-28 09:55:40.000000000,99804,242,99748,242,99852,342,99702,442,99881,100,99627,100,99950,200,99477,100,100001,100,99350,100,100076,100,99347,100,100087,100,99342,100,100092,100,99161,100,100106,100,99052,100,100123,100,99045,100
2019-06-28 09:55:50.000000000,99804,196,99748,196,99852,293,99702,393,99881,193,99627,193,99950,200,99477,100,100001,100,99350,100,100076,100,99347,100,100087,100,99342,100,100092,100,99161,100,100106,100,99052,100,100123,100,99045,100
2019-06-28 09:55:52.965555295,99804,96,99748,196,99852,293,99702,393,99881,193,99627,193,99950,200,99477,100,100001,100,99350,100,100076,100,99347,100,100087,100,99342,100,100092,100,99161,100,100106,100,99052,100,100123,100,99045,100
2019-06-28 09:56:00.000000000,99852,483,99748,383,99881,100,99702,300,99950,200,99627,100,100001,100,99477,100,100076,100,99350,100,100087,100,99347,100,100092,100,99342,100,100106,100,99161,100,100123,100,99052,100,100133,100,99045,100
2019-06-28 09:56:00.020407945,99852,483,99748,383,99881,100,99702,200,99950,200,99627,100,100001,100,99477,100,100076,100,99350,100,100087,100,99347,100,100092,100,99342,100,100106,100,99161,100,100123,100,99052,100,100133,100,99045,100
2019-06-28 09:56:08.317016007,99852,483,99748,383,99881,100,99702,200,99950,100,99627,100,100001,100,99477,100,100076,100,99350,100,100087,100,99347,100,100092,100,99342,100,100106,100,99161,100,100123,100,99052,100,100133,100,99045,100
2019-06-28 09:56:10.000000000,99852,257,99748,157,99881,157,99702,257,99950,157,99627,157,100001,157,99477,157,100076,157,99350,157,100087,100,99347,100,100092,100,99342,100,100106,100,99161,100,100123,100,99052,100,100133,100,99045,100
2019-06-28 09:56:20.000000000,99852,296,99748,196,99881,193,99702,293,99950,193,99627,193,100001,100,99477,100,100076,100,99350,100,100087,100,99347,100,100092,100,99342,100,100106,100,99161,100,100123,100,99052,100,100133,100,99045,100
2019-06-28 09:56:30.000000000,99852,296,99748,196,99881,193,99702,293,99950,193,99627,193,100001,100,99477,100,100076,100,99350,100,100087,100,99347,100,100092,100,99342,100,100106,100,99161,100,100123,100,99052,100,100133,100,99045,100
2019-06-28 09:56:40.000000000,99852,342,99748,242,99881,242,99702,342,99950,100,99627,100,100001,100,99477,100,100076,100,99350,100,100087,100,99347,100,100092,100,99342,100,100106,100,99161,100,100123,100,99052,100,100133,100,99045,100
2019-06-28 09:56:47.884829460,99852,342,99748,242,99881,242,99702,342,99950,100,99627,100,100001,100,99477,100,100076,100,99350,100,100087,100,99347,100,100092,100,99342,100,100106,100,99161,100,100123,100,99052,100,100133,100,99045,100
2019-06-28 09:56:50.000000000,99852,257,99748,157,99881,157,99702,257,99950,157,99627,157,100001,157,99477,157,100076,157,99350,157,100087,100,99347,100,100092,100,99342,100,100106,100,99161,100,100123,100,99052,100,100133,100,99045,100
2019-06-28 09:56:55.939247847,99852,257,99804,100,99881,157,99748,157,99950,157,99702,257,100001,157,99627,157,100076,157,99477,157,100087,100,99350,157,100092,100,99347,100,100106,100,99342,100,100123,100,99161,100,100133,100,99052,100
2019-06-28 09:57:00.000000000,99852,296,99804,196,99881,193,99748,193,99950,193,99702,293,100001,100,99627,100,100076,100,99477,100,100087,100,99350,100,100092,100,99347,100,100106,100,99342,100,100123,100,99161,100,100133,100,99052,100
2019-06-28 09:57:09.649583763,99852,296,99804,296,99881,193,99748,193,99950,193,99702,293,100001,100,99627,100,100076,100,99477,100,100087,100,99350,100,100092,100,99347,100,100106,100,99342,100,100123,100,99161,100,100133,100,99052,100
2019-06-28 09:57:10.000000000,99852,342,99804,342,99881,242,99748,242,99950,100,99702,200,100001,100,99627,100,100076,100,99477,100,100087,100,99350,100,100092,100,99347,100,100106,100,99342,100,100123,100,99161,100,100133,100,99052,100
2019-06-28 09:57:16.057401014,99852,242,99804,342,99881,242,99748,242,99950,100,99702,200,100001,100,99627,100,100076,100,99477,100,100087,100,99350,100,100092,100,99347,100,100106,100,99342,100,100123,100,99052,100,100133,100,99045,100
2019-06-28 09:57:20.000000000,99852,171,99804,271,99881,171,99748,171,99950,171,99702,271,100001,171,99627,171,100076,100,99477,100,100087,100,99350,100,100092,100,99347,100,100106,100,99342,100,100123,100,99052,100,100133,100,99045,100
2019-06-28 09:57:20.487006225,99852,71,99804,271,99881,171,99748,171,99950,171,99702,271,100001,171,99627,171,100076,100,99477,100,100087,100,99347,100,100092,100,99342,100,100106,100,99052,100,100123,100,99045,100,100133,100,98704,100
2019-06-28 09:57:30.000000000,99881,157,99804,257,99950,157,99748,157,100001,157,99702,257,100076,157,99627,157,100087,157,99477,157,100092,100,99347,100,100106,100,99342,100,100123,100,99052,100,100133,100,99045,100,100134,100,98704,100
2019-06-28 09:57:40.000000000,99881,157,99804,257,99950,157,99748,157,100001,157,99702,257,100076,157,99627,157,100087,157,99477,157,100092,100,99347,100,100106,100,99342,100,100123,100,99052,100,100133,100,99045,100,100134,100,98704,100
2019-06-28 09:57:42.033127233,99881,57,99804,257,99950,157,99748,157,100001,157,99702,257,100076,157,99627,157,100087,157,99477,157,100092,100,99347,100,100106,100,99342,100,100123,100,99052,100,100133,100,99045,100,100134,100,98704,100
2019-06-28 09:57:50.000000000,99950,242,99804,342,100001,242,99748,242,100076,100,99702,200,100087,100,99627,100,100092,100,99477,100,100106,100,99347,100,100123,100,99342,100,100133,100,99052,100,100134,100,99045,100,100231,100,98704,100
2019-06-28 09:57:51.691160734,99950,142,99804,342,100001,242,99748,242,100076,100,99702,200,100087,100,99627,100,100092,100,99477,100,100106,100,99347,100,100123,100,99342,100,100133,100,99052,100,100134,100,99045,100,100231,100,98704,100
2019-06-28 09:57:55.467244483,99950,142,99881,100,100001,242,99804,342,100076,100,99748,242,100087,100,99702,200,100092,100,99627,100,100106,100,99477,100,100123,100,99347,100,100133,100,99342,100,100134,100,99052,100,100231,100,99045,100
2019-06-28 09:58:00.000000000,100001,171,99881,171,100076,171,99804,271,100087,171,99748,171,100092,171,99702,271,100106,100,99627,100,100123,100,99477,100,100133,100,99347,100,100134,100,99342,100,100231,100,99052,100,100421,100,99045,100
2019-06-28 09:58:02.569404293,100001,71,99881,171,100076,171,99804,271,100087,171,99748,171,100092,171,99702,271,100106,100,99627,100,100123,100,99477,100,100133,100,99347,100,100134,100,99342,100,100421,100,99052,100,100483,100,99045,100
2019-06-28 09:58:06.772058314,100076,171,100001,29,100087,171,99881,171,100092,71,99804,271,100106,100,99748,171,100123,100,99702,271,100133,100,99627,100,100134,100,99477,100,100421,100,99347,100,100483,100,99342,100,100535,100,99052,100
2019-06-28 09:58:10.000000000,100076,383,100001,312,100087,100,99881,100,100106,100,99804,200,100123,100,99748,100,100133,100,99702,200,100134,100,99627,100,100421,100,99477,100,100483,100,99347,100,100535,100,99342,100,100587,100,99052,100
2019-06-28 09:58:20.000000000,100076,383,100001,312,100087,100,99881,100,100106,100,99804,200,100123,100,99748,100,100133,100,99702,200,100134,100,99627,100,100421,100,99477,100,100483,100,99347,100,100535,100,99342,100,100587,100,99052,100
2019-06-28 09:58:30.000000000,100076,242,100001,171,100087,242,99881,242,100106,100,99804,200,100123,100,99748,100,100133,100,99702,200,100134,100,99627,100,100421,100,99477,100,100483,100,99347,100,100535,100,99342,100,100587,100,99052,100
2019-06-28 09:58:35.062515555,100076,142,100001,171,100087,242,99881,242,100123,100,99804,200,100133,100,99748,100,100134,100,99702,200,100421,100,99627,100,100483,100,99477,100,100535,100,99347,100,100587,100,99342,100,100627,100,99052,100
2019-06-28 09:58:40.000000000,100087,157,100001,86,100123,157,99881,157,100133,157,99804,257,100134,157,99748,157,100421,157,99702,257,100483,100,99627,100,100535,100,99477,100,100587,100,99347,100,100627,100,99342,100,100762,100,99052,100
2019-06-28 09:58:50.000000000,100087,383,100001,312,100123,100,99881,100,100133,100,99804,200,100134,100,99748,100,100421,100,99702,200,100483,100,99627,100,100535,100,99477,100,100587,100,99347,100,100627,100,99342,100,100762,100,99052,100
2019-06-28 09:59:00.000000000,100087,383,100001,312,100123,100,99881,100,100133,100,99804,200,100134,100,99748,100,100421,100,99702,200,100483,100,99627,100,100535,100,99477,100,100587,100,99347,100,100627,100,99342,100,100762,100,99052,100
2019-06-28 09:59:09.208807093,100087,383,100001,312,100123,100,99881,100,100133,100,99804,200,100134,100,99748,100,100421,100,99702,200,100444,100,99627,100,100483,100,99477,100,100535,100,99347,100,100587,100,99342,100,100627,100,99052,100
2019-06-28 09:59:10.000000000,100087,383,100001,312,100123,100,99881,100,100133,100,99804,200,100134,100,99748,100,100421,100,99702,200,100444,100,99627,100,100483,100,99477,100,100535,100,99347,100,100587,100,99342,100,100627,100,99052,100
2019-06-28 09:59:20.000000000,100087,383,100001,312,100123,100,99881,100,100133,100,99804,200,100134,100,99748,100,100421,100,99702,200,100444,100,99627,100,100483,100,99477,100,100535,100,99347,100,100587,100,99342,100,100627,100,99052,100
2019-06-28 09:59:27.978878357,100087,383,100001,312,100123,100,99881,100,100133,100,99804,200,100134,100,99748,100,100421,100,99702,200,100444,100,99627,100,100483,100,99477,100,100535,100,99347,100,100555,100,99342,100,100587,100,99052,100
2019-06-28 09:59:30.000000000,100087,383,100001,312,100123,100,99881,100,100133,100,99804,200,100134,100,99748,100,100421,100,99702,200,100444,100,99627,100,100483,100,99477,100,100535,100,99347,100,100555,100,99342,100,100587,100,99052,100
2019-06-28 09:59:40.000000000,100087,171,100001,100,100123,171,99881,171,100133,171,99804,271,100134,171,99748,171,100421,100,99702,200,100444,100,99627,100,100483,100,99477,100,100535,100,99347,100,100555,100,99342,100,100587,100,99052,100
2019-06-28 09:59:50.000000000,100087,171,100001,100,100123,171,99881,171,100133,171,99804,271,100134,171,99748,171,100421,100,99702,200,100444,100,99627,100,100483,100,99477,100,100535,100,99347,100,100555,100,99342,100,100587,100,99052,100
2019-06-28 10:00:00.000000000,100087,196,100001,125,100123,193,99881,193,100133,193,99804,293,100134,100,99748,100,100421,100,99702,200,100444,100,99627,100,100483,100,99477,100,100535,100,99347,100,100555,100,99342,100,100587,100,99052,100
2019-06-28 10:00:10.000000000,100087,242,100001,171,100123,242,99881,242,100133,100,99804,200,100134,100,99748,100,100421,100,99702,200,100444,100,99627,100,100483,100,99477,100,100535,100,99347,100,100555,100,99342,100,100587,100,99052,100
2019-06-28 10:00:20.000000000,100087,196,100001,125,100123,193,99881,193,100133,193,99804,293,100134,100,99748,100,100421,100,99702,200,100444,100,99627,100,100483,100,99477,100,100535,100,99347,100,100555,100,99342,100,100587,100,99052,100
2019-06-28 10:00:20.199856983,100087,196,100003,100,100123,193,100001,125,100133,193,99881,193,100134,100,99804,293,100421,100,99748,100,100444,100,99702,200,100483,100,99627,100,100535,100,99477,100,100555,100,99347,100,100587,100,99342,100
2019-06-28 10:00:22.397566327,100087,196,100003,100,100123,193,100001,125,100133,193,99881,193,100134,100,99804,293,100255,100,99748,100,100421,100,99702,200,100444,100,99627,100,100483,100,99477,100,100535,100,99347,100,100555,100,99342,100
2019-06-28 10:00:30.000000000,100087,171,100003,171,100123,171,100001,100,100133,171,99881,171,100134,171,99804,271,100255,100,99748,100,100421,100,99702,200,100444,100,99627,100,100483,100,99477,100,100535,100,99347,100,100555,100,99342,100
2019-06-28 10:00:36.359167264,100044,100,100003,171,100087,171,100001,100,100123,171,99881,171,100133,171,99804,271,100134,171,99748,100,100255,100,99702,200,100421,100,99627,100,100444,100,99477,100,100483,100,99347,100,100535,100,99342,100
2019-06-28 10:00:40.000000000,100044,196,100003,196,100087,193,100001,122,100123,193,99881,193,100133,100,99804,200,100134,100,99748,100,100255,100,99702,200,100421,100,99627,100,100444,100,99477,100,100483,100,99347,100,100535,100,99342,100
2019-06-28 10:00:50.000000000,100044,171,100003,171,100087,171,100001,100,100123,171,99881,171,100133,171,99804,271,100134,100,99748,100,100255,100,99702,200,100421,100,99627,100,100444,100,99477,100,100483,100,99347,100,100535,100,99342,100
2019-06-28 10:00:52.072854919,100044,171,100003,71,100087,171,100001,100,100123,171,99881,171,100133,171,99804,271,100134,100,99748,100,100255,100,99702,200,100421,100,99627,100,100444,100,99477,100,100483,100,99342,100,100535,100,99052,100
2019-06-28 10:01:00.000000000,100044,171,100001,100,100087,171,99881,171,100123,171,99804,271,100133,171,99748,171,100134,100,99702,200,100255,100,99627,100,100421,100,99477,100,100444,100,99342,100,100483,100,99052,100,100535,100,99045,100
2019-06-28 10:01:06.755073236,100044,171,100001,100,100087,171,99881,171,100123,171,99804,271,100133,171,99748,171,100134,100,99702,200,100255,100,99627,100,100421,100,99477,100,100444,100,99342,100,100483,100,99229,100,100535,100,99052,100
2019-06-28 10:01:10.000000000,100044,157,100001,86,100087,157,99881,157,100123,157,99804,257,100133,157,99748,157,100134,157,99702,257,100255,100,99627,100,100421,100,99477,100,100444,100,99342,100,100483,100,99229,100,100535,100,99052,100
2019-06-28 10:01:20.000000000,100044,196,100001,125,100087,193,99881,193,100123,193,99804,293,100133,100,99748,100,100134,100,99702,200,100255,100,99627,100,100421,100,99477,100,100444,100,99342,100,100483,100,99229,100,100535,100,99052,100
2019-06-28 10:01:30.000000000,100044,242,100001,171,100087,242,99881,242,100123,100,99804,200,100133,100,99748,100,100134,100,99702,200,100255,100,99627,100,100421,100,99477,100,100444,100,99342,100,100483,100,99229,100,100535,100,99052,100
2019-06-28 10:01:30.756866148,100044,242,100001,171,100087,242,99881,242,100123,100,99804,200,100133,100,99748,100,100134,100,99702,200,100255,100,99627,100,100421,100,99552,100,100444,100,99477,100,100483,100,99342,100,100535,100,99229,100
2019-06-28 10:01:40.000000000,100044,196,100001,125,100087,193,99881,193,100123,193,99804,293,100133,100,99748,100,100134,100,99702,200,100255,100,99627,100,100421,100,99552,100,100444,100,99477,100,100483,100,99342,100,100535,100,99229,100
2019-06-28 10:01:42.655067941,100044,196,100001,125,100087,93,99881,193,100123,193,99804,293,100133,100,99748,100,100134,100,99702,200,100255,100,99627,100,100421,100,99552,100,100444,100,99477,100,100483,100,99342,100,100535,100,99237,100
2019-06-28 10:01:50.000000000,100044,171,100001,100,100123,171,99881,171,100133,171,99804,271,100134,171,99748,171,100255,100,99702,200,100421,100,99627,100,100444,100,99552,100,100483,100,99477,100,100535,100,99342,100,100555,100,99237,100
2019-06-28 10:02:00.000000000,100044,242,100001,171,100123,242,99881,242,100133,100,99804,200,100134,100,99748,100,100255,100,99702,200,100421,100,99627,100,100444,100,99552,100,100483,100,99477,100,100535,100,99342,100,100555,100,99237,100
2019-06-28 10:02:10.000000000,100044,242,100001,171,100123,242,99881,242,100133,100,99804,200,100134,100,99748,100,100255,100,99702,200,100421,100,99627,100,100444,100,99552,100,100483,100,99477,100,100535,100,99342,100,100555,100,99237,100
2019-06-28 10:02:20.000000000,100044,196,100001,125,100123,193,99881,193,100133,193,99804,293,100134,100,99748,100,100255,100,99702,200,100421,100,99627,100,100444,100,99552,100,100483,100,99477,100,100535,100,99342,100,100555,100,99237,100
2019-06-28 10:02:30.000000000,100044,196,100001,125,100123,193,99881,193,100133,193,99804,293,100134,100,99748,100,100255,100,99702,200,100421,100,99627,100,100444,100,99552,100,100483,100,99477,100,100535,100,99342,100,100555,100,99237,100
2019-06-28 10:02:40.000000000,100044,383,100001,312,100123,100,99881,100,100133,100,99804,200,100134,100,99748,100,100255,100,99702,200,100421,100,99627,100,100444,100,99552,100,100483,100,99477,100,100535,100,99342,100,100555,100,99237,100
2019-06-28 10:02:50.000000000,100044,157,100001,86,100123,157,99881,157,100133,157,99804,257,100134,157,99748,157,100255,157,99702,257,100421,100,99627,100,100444,100,99552,100,100483,100,99477,100,100535,100,99342,100,100555,100,99237,100
2019-06-28 10:02:54.424638217,100043,100,100001,86,100044,157,99881,157,100123,157,99804,257,100133,157,99748,157,100134,157,99702,257,100255,157,99627,100,100421,100,99552,100,100444,100,99477,100,100483,100,99342,100,100535,100,99237,100
2019-06-28 10:02:57.291900956,100043,100,100001,86,100044,157,99881,157,100123,157,99804,257,100133,157,99748,157,100134,157,99702,157,100255,157,99627,100,100421,100,99552,100,100444,100,99477,100,100483,100,99342,100,100535,100,99237,100
2019-06-28 10:03:00.000000000,100043,242,100001,171,100044,242,99881,242,100123,100,99804,200,100133,100,99748,100,100134,100,99702,100,100255,100,99627,100,100421,100,99552,100,100444,100,99477,100,100483,100,99342,100,100535,100,99237,100
2019-06-28 10:03:06.754375798,100043,242,100001,71,100044,242,99881,242,100123,100,99804,200,100133,100,99748,100,100134,100,99702,100,100255,100,99627,100,100421,100,99552,100,100444,100,99477,100,100483,100,99342,100,100535,100,99237,100
2019-06-28 10:03:10.000000000,100043,383,99881,383,100044,100,99804,200,100123,100,99748,100,100133,100,99702,100,100134,100,99627,100,100255,100,99552,100,100421,100,99477,100,100444,100,99342,100,100483,100,99237,100,100535,100,99229,100
2019-06-28 10:03:20.000000000,100043,383,99881,383,100044,100,99804,200,100123,100,99748,100,100133,100,99702,100,100134,100,99627,100,100255,100,99552,100,100421,100,99477,100,100444,100,99342,100,100483,100,99237,100,100535,100,99229,100
2019-06-28 10:03:24.837590004,100043,383,99881,383,100044,100,99804,100,100123,100,99748,100,100133,100,99702,100,100134,100,99627,100,100255,100,99552,100,100421,100,99477,100,100444,100,99342,100,100483,100,99237,100,100535,100,99229,100
2019-06-28 10:03:26.419073234,100043,383,99881,283,100044,100,99804,100,100123,100,99748,100,100133,100,99702,100,100134,100,99627,100,100421,100,99552,100,100444,100,99477,100,100483,100,99342,100,100535,100,99237,100,100555,100,99229,100
2019-06-28 10:03:30.000000000,100043,383,99804,383,100044,100,99748,100,100123,100,99702,100,100133,100,99627,100,100134,100,99552,100,100421,100,99477,100,100444,100,99342,100,100483,100,99237,100,100535,100,99229,100,100555,100,99052,100
2019-06-28 10:03:40.000000000,100043,171,99804,171,100044,171,99748,171,100123,171,99702,171,100133,171,99627,171,100134,100,99552,100,100421,100,99477,100,100444,100,99342,100,100483,100,99237,100,100535,100,99229,100,100555,100,99052,100
2019-06-28 10:03:50.000000000,100043,242,99804,242,100044,242,99748,242,100123,100,99702,100,100133,100,99627,100,100134,100,99552,100,100421,100,99477,100,100444,100,99342,100,100483,100,99237,100,100535,100,99229,100,100555,100,99052,100
2019-06-28 10:03:54.406188980,100043,242,99804,242,100044,242,99748,242,100123,100,99702,100,100133,100,99627,100,100134,100,99552,100,100421,100,99477,100,100444,100,99342,100,100483,100,99237,100,100535,100,99229,100,100555,100,99052,100
2019-06-28 10:03:55.201063222,100001,100,99804,242,100043,242,99748,242,100044,242,99702,100,100123,100,99627,100,100133,100,99552,100,100134,100,99477,100,100421,100,99342,100,100444,100,99237,100,100483,100,99229,100,100535,100,99052,100
2019-06-28 10:04:00.000000000,100001,196,99804,196,100043,193,99748,193,100044,193,99702,193,100123,100,99627,100,100133,100,99552,100,100134,100,99477,100,100421,100,99342,100,100444,100,99237,100,100483,100,99229,100,100535,100,99052,100
2019-06-28 10:04:05.872700995,100001,196,99804,96,100043,193,99748,193,100044,193,99702,193,100123,100,99627,100,100133,100,99552,100,100134,100,99477,100,100421,100,99342,100,100444,100,99237,100,100483,100,99229,100,100535,100,99052,100
2019-06-28 10:04:10.000000000,100001,242,99748,242,100043,242,99702,242,100044,100,99627,100,100123,100,99552,100,100133,100,99477,100,100134,100,99342,100,100421,100,99237,100,100444,100,99229,100,100483,100,99052,100,100535,100,99045,100
2019-06-28 10:04:11.827736541,100001,242,99748,142,100043,242,99702,242,100044,100,99627,100,100123,100,99552,100,100133,100,99477,100,100134,100,99342,100,100421,100,99237,100,100444,100,99229,100,100483,100,99052,100,100535,100,99045,100
2019-06-28 10:04:20.000000000,100001,242,99702,242,100043,242,99627,242,100044,100,99552,100,100123,100,99477,100,100133,100,99342,100,100134,100,99237,100,100421,100,99229,100,100444,100,99052,100,100483,100,99045,100,100535,100,98927,100
2019-06-28 10:04:26.346828785,100001,242,99702,142,100043,242,99627,242,100044,100,99552,100,100123,100,99477,100,100133,100,99342,100,100134,100,99237,100,100421,100,99229,100,100444,100,99052,100,100483,100,99045,100,100535,100,98927,100
2019-06-28 10:04:30.000000000,100001,383,99627,383,100043,100,99552,100,100044,100,99477,100,100123,100,99342,100,100133,100,99237,100,100134,100,99229,100,100421,100,99052,100,100444,100,99045,100,100483,100,98927,100,100535,100,98704,100
2019-06-28 10:04:32.566072558,100001,383,99627,283,100043,100,99552,100,100044,100,99477,100,100123,100,99342,100,100133,100,99237,100,100134,100,99229,100,100421,100,99052,100,100444,100,99045,100,100483,100,98927,100,100535,100,98704,100
2019-06-28 10:04:39.907972115,100001,383,99627,283,100043,100,99552,100,100044,100,99477,100,100123,100,99342,100,100133,100,99237,100,100134,100,99229,100,100421,100,99052,100,100444,100,99045,100,100483,100,98927,100,100535,100,98784,100
2019-06-28 10:04:40.000000000,100001,171,99552,171,100043,171,99477,171,100044,171,99342,171,100123,171,99237,171,100133,100,99229,100,100134,100,99052,100,100421,100,99045,100,100444,100,98927,100,100483,100,98784,100,100535,100,98704,100
2019-06-28 10:04:44.520058296,100001,171,99552,171,100043,171,99477,171,100044,171,99342,71,100123,171,99237,171,100133,100,99229,100,100134,100,99052,100,100421,100,99045,100,100444,100,98927,100,100483,100,98784,100,100535,100,98704,100
2019-06-28 10:04:50.000000000,100001,157,99552,157,100043,157,99477,157,100044,157,99237,157,100123,157,99229,157,100133,157,99052,157,100134,100,99045,100,100421,100,98927,100,100444,100,98784,100,100483,100,98704,100,100535,100,98567,100
2019-06-28 10:05:00.000000000,100001,242,99552,242,100043,242,99477,242,100044,100,99237,100,100123,100,99229,100,100133,100,99052,100,100134,100,99045,100,100421,100,98927,100,100444,100,98784,100,100483,100,98704,100,100535,100,98567,100
2019-06-28 10:05:04.549856482,100001,242,99552,142,100043,242,99477,242,100044,100,99237,100,100123,100,99229,100,100133,100,99052,100,100134,100,99045,100,100421,100,98927,100,100444,100,98784,100,100483,100,98704,100,100535,100,98499,100
2019-06-28 10:05:08.211315292,100001,242,99552,42,100043,242,99477,242,100044,100,99237,100,100123,100,99229,100,100133,100,99052,100,100134,100,99045,100,100421,100,98927,100,100444,100,98784,100,100483,100,98704,100,100535,100,98499,100
2019-06-28 10:05:10.000000000,100001,383,99477,383,100043,100,99237,100,100044,100,99229,100,100123,100,99052,100,100133,100,99045,100,100134,100,98927,100,100421,100,98784,100,100444,100,98704,100,100483,100,98499,100,100535,100,,
2019-06-28 10:05:13.390852751,99552,100,99477,383,100001,383,99237,100,100043,100,99229,100,100044,100,99052,100,100123,100,99045,100,100133,100,98927,100,100134,100,98784,100,100421,100,98704,100,100444,100,98499,100,100483,100,,
2019-06-28 10:05:13.690848651,99552,100,99477,283,100001,383,99237,100,100043,100,99229,100,100044,100,99052,100,100123,100,99045,100,100133,100,98927,100,100134,100,98784,100,100421,100,98704,100,100444,100,98499,100,100483,100,,
2019-06-28 10:05:20.000000000,99552,242,99237,242,100001,242,99229,242,100043,100,99052,100,100044,100,99045,100,100123,100,98927,100,100133,100,98784,100,100134,100,98704,100,100421,100,98499,100,100444,100,,,100483,100,,
2019-06-28 10:05:27.953413459,99552,242,99237,142,100001,242,99229,242,100043,100,99052,100,100044,100,99045,100,100123,100,98927,100,100133,100,98784,100,100134,100,98704,100,100421,100,98499,100,100444,100,,,100483,100,,
2019-06-28 10:05:30.000000000,99552,383,99229,383,100001,100,99052,100,100043,100,99045,100,100044,100,98927,100,100123,100,98784,100,100133,100,98704,100,100134,100,98499,100,100421,100,,,100444,100,,,100483,100,,
2019-06-28 10:05:40.000000000,99552,171,99229,171,100001,171,99052,171,100043,171,99045,171,100044,171,98927,171,100123,100,98784,100,100133,100,98704,100,100134,100,98499,100,100421,100,,,100444,100,,,100483,100,,
2019-06-28 10:05:45.730119897,99552,171,99229,171,100001,171,99052,171,100043,171,99045,171,100044,171,98927,171,100123,100,98872,100,100133,100,98784,100,100134,100,98704,100,100421,100,98499,100,100444,100,,,100483,100,,
2019-06-28 10:05:50.000000000,99552,242,99229,242,100001,242,99052,242,100043,100,99045,100,100044,100,98927,100,100123,100,98872,100,100133,100,98784,100,100134,100,98704,100,100421,100,98499,100,100444,100,,,100483,100,,
2019-06-28 10:05:52.794083047,99477,100,99229,242,99552,242,99052,242,100001,242,99045,100,100043,100,98927,100,100044,100,98872,100,100123,100,98784,100,100133,100,98704,100,100134,100,98499,100,100421,100,,,100444,100,,
2019-06-28 10:05:55.035192960,99357,100,99229,242,99477,100,99052,242,99552,242,99045,100,100001,242,98927,100,100043,100,98872,100,100044,100,98784,100,100123,100,98704,100,100133,100,98499,100,100134,100,,,100421,100,,
2019-06-28 10:06:00.000000000,99357,383,99229,383,99477,100,99052,100,99552,100,99045,100,100001,100,98927,100,100043,100,98872,100,100044,100,98784,100,100123,100,98704,100,100133,100,98499,100,100134,100,,,100421,100,,
2019-06-28 10:06:10.000000000,99357,171,99229,171,99477,171,99052,171,99552,171,99045,171,100001,171,98927,171,100043,100,98872,100,100044,100,98784,100,100123,100,98704,100,100133,100,98499,100,100134,100,,,100421,100,,
2019-06-28 10:06:20.000000000,99357,242,99229,242,99477,242,99052,242,99552,100,99045,100,100001,100,98927,100,100043,100,98872,100,100044,100,98784,100,100123,100,98704,100,100133,100,98499,100,100134,100,,,100421,100,,
2019-06-28 10:06:30.000000000,99357,157,99229,157,99477,157,99052,157,99552,157,99045,157,100001,157,98927,157,100043,157,98872,157,100044,100,98784,100,100123,100,98704,100,100133,100,98499,100,100134,100,,,100421,100,,
2019-06-28 10:06:40.000000000,99357,196,99229,196,99477,193,99052,193,99552,193,99045,193,100001,100,98927,100,100043,100,98872,100,100044,100,98784,100,100123,100,98704,100,100133,100,98499,100,100134,100,,,100421,100,,
2019-06-28 10:06:42.581006304,99357,196,99292,100,99477,193,99229,196,99552,193,99052,193,100001,100,99045,193,100043,100,98927,100,100044,100,98872,100,100123,100,98784,100,100133,100,98704,100,100134,100,98499,100,100421,100,,
2019-06-28 10:06:50.000000000,99357,171,99292,171,99477,171,99229,171,99552,171,99052,171,100001,171,99045,171,100043,100,98927,100,100044,100,98872,100,100123,100,98784,100,100133,100,98704,100,100134,100,98499,100,100421,100,,
2019-06-28 10:06:50.461614900,99357,171,99292,171,99477,171,99229,171,99552,171,99052,171,100001,171,99045,171,100043,100,98927,100,100044,100,98872,100,100123,100,98856,100,100133,100,98784,100,100134,100,98704,100,100421,100,98499,100
2019-06-28 10:07:00.000000000,99357,171,99292,171,99477,171,99229,171,99552,171,99052,171,100001,171,99045,171,100043,100,98927,100,100044,100,98872,100,100123,100,98856,100,100133,100,98784,100,100134,100,98704,100,100421,100,98499,100
2019-06-28 10:07:10.000000000,99357,383,99292,383,99477,100,99229,100,99552,100,99052,100,100001,100,99045,100,100043,100,98927,100,100044,100,98872,100,100123,100,98856,100,100133,100,98784,100,100134,100,98704,100,100421,100,98499,100
2019-06-28 10:07:14.100296207,99357,383,99292,383,99477,200,99229,100,99552,100,99052,100,100001,100,99045,100,100043,100,98927,100,100044,100,98872,100,100123,100,98856,100,100133,100,98784,100,100134,100,98704,100,100421,100,98499,100
2019-06-28 10:07:20.000000000,99357,171,99292,171,99477,271,99229,171,99552,171,99052,171,100001,171,99045,171,100043,100,98927,100,100044,100,98872,100,100123,100,98856,100,100133,100,98784,100,100134,100,98704,100,100421,100,98499,100
2019-06-28 10:07:24.414837700,99357,171,99292,171,99477,271,99229,171,99552,171,99188,100,100001,171,99052,171,100043,100,99045,171,100044,100,98927,100,100123,100,98872,100,100133,100,98856,100,100134,100,98784,100,100421,100,98704,100
2019-06-28 10:07:27.167073218,99357,171,99292,171,99373,100,99229,171,99477,271,99188,100,99552,171,99052,171,100001,171,99045,171,100043,100,98927,100,100044,100,98872,100,100123,100,98856,100,100133,100,98784,100,100134,100,98704,100
2019-06-28 10:07:30.000000000,99357,171,99292,171,99373,171,99229,171,99477,271,99188,171,99552,171,99052,171,100001,100,99045,100,100043,100,98927,100,100044,100,98872,100,100123,100,98856,100,100133,100,98784,100,100134,100,98704,100
2019-06-28 10:07:31.127355793,99357,171,99292,171,99373,171,99229,171,99477,271,99188,171,99552,171,99085,100,100001,100,99052,171,100043,100,99045,100,100044,100,98927,100,100123,100,98872,100,100133,100,98856,100,100134,100,98784,100
2019-06-28 10:07:31.323555992,99357,171,99292,71,99373,171,99229,171,99477,271,99188,171,99552,171,99085,100,100001,100,99052,171,100043,100,99045,100,100044,100,98927,100,100123,100,98872,100,100133,100,98856,100,100134,100,98784,100
