,ask_price_1,ask_size_1,bid_price_1,bid_size_1,ask_price_2,ask_size_2,bid_price_2,bid_size_2,ask_price_3,ask_size_3,bid_price_3,bid_size_3,ask_price_4,ask_size_4,bid_price_4,bid_size_4,ask_price_5,ask_size_5,bid_price_5,bid_size_5,ask_price_6,ask_size_6,bid_price_6,bid_size_6,ask_price_7,ask_size_7,bid_price_7,bid_size_7,ask_price_8,ask_size_8,bid_price_8,bid_size_8,ask_price_9,ask_size_9,bid_price_9,bid_size_9,ask_price_10,ask_size_10,bid_price_10,bid_size_10
2019-06-28 09:30:00.000000001,,,100020,100,,,,,,,,,,,,,,,,,,,,,,,,,,,,,,,,,,,,
2019-06-28 09:30:00.000000008,100118,100,100020,100,,,,,,,,,,,,,,,,,,,,,,,,,,,,,,,,,,,,
2019-06-28 09:30:00.000000010,100118,100,100037,100,100131,100,100020,100,,,,,,,,,,,,,,,,,,,,,,,,,,,,,,,,
2019-06-28 09:30:00.000000012,100118,100,100037,100,100131,100,100020,100,,,99898,100,,,,,,,,,,,,,,,,,,,,,,,,,,,,
2019-06-28 09:30:00.000000013,100086,100,100037,100,100118,100,100020,100,100131,100,99898,100,,,,,,,,,,,,,,,,,,,,,,,,,,,,
2019-06-28 09:30:00.000000016,100038,100,100037,100,100075,100,100020,100,100086,100,99898,100,100118,100,,,100131,100,,,,,,,,,,,,,,,,,,,,,,
2019-06-28 09:30:00.000000017,100038,100,100037,100,100059,100,100020,100,100075,100,99898,100,100086,100,,,100118,100,,,100131,100,,,,,,,,,,,,,,,,,,
2019-06-28 09:30:00.000000018,100038,100,100020,100,100059,100,99898,100,100075,100,,,100086,100,,,100118,100,,,100131,100,,,,,,,,,,,,,,,,,,
2019-06-28 09:30:00.000000019,100038,100,100020,100,100059,100,99898,100,100075,100,99846,100,100086,100,,,100118,100,,,100131,100,,,,,,,,,,,,,,,,,,
2019-06-28 09:30:00.000000021,100038,100,99898,100,100059,100,99846,100,100075,100,,,100086,100,,,100118,100,,,100131,100,,,100209,100,,,,,,,,,,,,,,
2019-06-28 09:30:00.000000022,100038,100,99898,100,100058,100,99846,100,100059,100,,,100075,100,,,100086,100,,,100118,100,,,100131,100,,,100209,100,,,,,,,,,,
2019-06-28 09:30:00.000000026,100038,100,100020,100,100058,100,99898,100,100059,100,99846,100,100075,100,,,100086,100,,,100118,100,,,100131,100,,,100209,100,,,,,,,,,,
2019-06-28 09:30:00.000000028,100038,100,100020,100,100058,100,99898,100,100059,100,99846,100,100075,100,99804,100,100086,100,,,100118,100,,,100131,100,,,100209,100,,,,,,,,,,
2019-06-28 09:30:00.000000030,100038,100,100020,100,100047,100,99898,100,100058,100,99846,100,100059,100,99804,100,100075,100,,,100086,100,,,100118,100,,,100131,100,,,100209,100,,,,,,
2019-06-28 09:30:00.000000031,100038,100,100020,100,100047,100,99933,100,100058,100,99898,100,100059,100,99846,100,100075,100,99804,100,100086,100,,,100118,100,,,100131,100,,,100209,100,,,,,,
2019-06-28 09:30:00.000000033,100023,100,100020,100,100038,100,99933,100,100047,100,99898,100,100058,100,99846,100,100059,100,99804,100,100075,100,,,100086,100,,,100118,100,,,100131,100,,,100209,100,,
2019-06-28 09:30:00.000000034,100020,200,99933,100,100023,100,99898,100,100038,100,99846,100,100047,100,99804,100,100058,100,,,100059,100,,,100075,100,,,100086,100,,,100118,100,,,100131,100,,
2019-06-28 09:30:00.000000036,100020,200,99933,100,100023,100,99928,100,100038,100,99898,100,100047,100,99846,100,100058,100,99804,100,100059,100,,,100075,100,,,100086,100,,,100118,100,,,100131,100,,
2019-06-28 09:30:00.000000039,100020,200,99933,100,100023,100,99928,100,100038,100,99898,100,100047,100,99846,100,100058,100,99826,100,100059,100,99804,100,100075,100,,,100086,100,,,100118,100,,,100131,100,,
2019-06-28 09:30:00.000000042,100020,200,99983,100,100023,100,99933,100,100038,100,99928,100,100047,100,99898,100,100058,100,99846,100,100059,100,99826,100,100075,100,99804,100,100086,100,,,100118,100,,,100131,100,,
2019-06-28 09:30:00.000000043,100015,100,99983,100,100020,200,99933,100,100023,100,99928,100,100038,100,99898,100,100047,100,99846,100,100058,100,99826,100,100059,100,99804,100,100075,100,,,100086,100,,,100118,100,,
2019-06-28 09:30:00.000000045,100015,100,99983,100,100020,200,99933,100,100023,100,99928,100,100038,100,99922,100,100047,100,99898,100,100058,100,99846,100,100059,100,99826,100,100075,100,99804,100,100086,100,,,100118,100,,
2019-06-28 09:30:00.000000047,100015,100,99983,100,100020,400,99933,100,100023,200,99928,100,100038,100,99922,100,100047,100,99898,100,100058,100,99846,100,100059,100,99826,100,100075,100,99804,100,100086,100,,,100118,100,,
2019-06-28 09:30:00.000000049,100015,100,99983,100,100020,400,99933,100,100023,200,99928,200,100038,100,99922,100,100047,100,99905,100,100058,100,99898,100,100059,100,99846,100,100075,100,99826,100,100086,100,99804,100,100118,100,,
2019-06-28 09:30:00.000000057,100015,100,99983,100,100020,400,99933,100,100023,200,99928,200,100038,100,99922,100,100047,100,99905,100,100058,100,99898,100,100059,100,99858,100,100075,100,99846,100,100086,100,99826,100,100118,100,99804,100
2019-06-28 09:30:00.000000061,100015,100,99983,100,100020,400,99933,100,100023,200,99928,200,100038,100,99922,100,100047,100,99905,100,100058,100,99898,100,100059,100,99858,100,100075,100,99846,100,100086,100,99826,100,100087,100,99804,100
2019-06-28 09:30:00.000000063,100013,100,99983,100,100015,100,99933,100,100020,400,99928,200,100023,200,99922,100,100038,100,99905,100,100047,100,99898,100,100058,100,99858,100,100059,100,99846,100,100075,100,99826,100,100086,100,99804,100
2019-06-28 09:30:00.000000065,100013,100,99983,100,100015,100,99933,100,100020,400,99928,200,100023,200,99922,100,100038,100,99905,100,100047,100,99898,100,100058,100,99858,100,100059,100,99846,100,100075,100,99826,100,100084,100,99804,100
2019-06-28 09:30:00.000000067,100013,100,99983,100,100015,100,99974,100,100020,400,99933,100,100023,200,99928,200,100038,100,99922,100,100047,100,99905,100,100058,100,99898,100,100059,100,99858,100,100075,100,99846,100,100084,100,99826,100
2019-06-28 09:30:00.000000068,100013,100,99983,100,100015,100,99974,100,100020,400,99933,100,100023,200,99928,200,100038,100,99922,100,100047,100,99905,100,100058,100,99898,100,100059,100,99858,100,100066,100,99846,100,100075,100,99826,100
2019-06-28 09:30:00.000000071,100015,100,99983,100,100020,400,99974,100,100023,200,99933,100,100038,100,99928,200,100047,100,99922,100,100058,100,99905,100,100059,100,99898,100,100066,100,99858,100,100075,100,99846,100,100084,100,99826,100
2019-06-28 09:30:00.000000074,100015,100,99983,100,100020,400,99974,100,100023,200,99933,100,100038,100,99928,200,100047,100,99922,100,100058,100,99905,100,100059,100,99898,100,100066,100,99858,100,100069,100,99846,100,100075,100,99826,100
2019-06-28 09:30:00.000000075,100015,100,99983,100,100020,400,99974,100,100023,200,99933,100,100030,100,99928,200,100038,100,99922,100,100047,100,99905,100,100058,100,99898,100,100059,100,99858,100,100066,100,99846,100,100069,100,99826,100
2019-06-28 09:30:00.000000076,100020,400,99983,100,100023,200,99974,100,100030,100,99944,100,100038,100,99933,100,100047,100,99928,200,100058,100,99922,100,100059,100,99905,100,100066,100,99898,100,100069,100,99858,100,100075,100,99846,100
2019-06-28 09:30:00.000000079,100019,100,99983,100,100020,400,99974,100,100023,200,99944,100,100030,100,99933,100,100038,100,99928,200,100047,100,99922,100,100058,100,99905,100,100059,100,99898,100,100066,100,99858,100,100069,100,99846,100
2019-06-28 09:30:00.000000083,100019,100,99983,100,100020,400,99974,100,100023,200,99969,100,100030,100,99944,100,100038,100,99933,100,100047,100,99928,200,100058,100,99922,100,100059,100,99905,100,100066,100,99898,100,100069,100,99858,100
2019-06-28 09:30:00.000000084,100019,100,99983,100,100020,400,99974,100,100023,200,99969,100,100030,100,99944,100,100038,100,99933,100,100047,100,99928,200,100058,100,99922,100,100059,100,99905,100,100066,100,99898,100,100069,100,99858,100
2019-06-28 09:30:00.000000085,100019,100,99983,100,100020,400,99974,100,100023,200,99969,100,100030,100,99944,100,100038,100,99933,100,100047,100,99928,200,100058,100,99922,100,100059,100,99905,100,100066,100,99898,100,100069,100,99870,100
2019-06-28 09:30:00.000000089,100019,100,99983,100,100020,400,99974,100,100023,200,99969,100,100030,100,99967,100,100038,100,99944,100,100047,100,99933,100,100058,100,99928,200,100059,100,99922,100,100066,100,99905,100,100069,100,99898,100
2019-06-28 09:30:00.000000091,100019,100,99983,200,100020,400,99974,100,100023,200,99969,100,100030,100,99967,100,100038,100,99944,100,100047,100,99933,100,100058,100,99928,200,100059,100,99922,100,100066,100,99905,100,100069,100,99898,100
2019-06-28 09:30:00.000000093,100019,100,99983,200,100020,400,99974,100,100023,200,99969,100,100030,100,99967,100,100038,100,99944,100,100047,100,99933,100,100058,100,99928,200,100059,100,99922,100,100066,100,99905,100,100069,100,99903,100
2019-06-28 09:30:00.000000094,99984,100,99983,200,100019,100,99974,100,100020,400,99969,100,100023,200,99967,100,100030,100,99944,100,100038,100,99933,100,100047,100,99928,200,100058,100,99922,100,100059,100,99905,100,100066,100,99903,100
2019-06-28 09:30:00.000000095,99984,100,99983,200,100019,100,99974,100,100020,400,99969,100,100023,200,99967,100,100030,100,99951,100,100038,100,99944,100,100047,100,99933,100,100058,100,99928,200,100059,100,99922,100,100066,100,99905,100
2019-06-28 09:30:00.000000097,99984,100,99983,200,100019,100,99974,100,100020,400,99969,100,100023,200,99967,100,100030,100,99951,100,100038,100,99944,100,100047,100,99938,100,100058,100,99933,100,100059,100,99928,200,100066,100,99922,100
2019-06-28 09:30:03.849381047,99984,100,99983,300,100020,400,99974,100,100023,200,99969,100,100030,100,99967,100,100038,100,99951,100,100047,100,99944,100,100058,100,99938,100,100059,100,99933,100,100066,100,99928,200,100069,100,99922,100
2019-06-28 09:30:09.081356988,99984,100,99983,300,100020,400,99974,100,100023,200,99969,100,100030,100,99967,100,100038,100,99951,100,100047,100,99944,100,100058,100,99938,100,100059,100,99933,100,100066,100,99928,200,100069,100,99922,100
2019-06-28 09:30:10.000000000,99984,231,99983,431,100020,527,99974,227,100023,327,99969,227,100030,100,99967,100,100038,100,99951,100,100047,100,99944,100,100058,100,99938,100,100059,100,99933,100,100066,100,99928,200,100069,100,99922,100
2019-06-28 09:30:16.149678040,99984,231,99983,431,100020,527,99974,227,100023,327,99969,227,100030,100,99967,100,100038,100,99951,100,100047,100,99944,100,100059,100,99938,100,100066,100,99933,100,100069,100,99928,200,100075,100,99922,100
2019-06-28 09:30:17.336956408,99984,231,99983,431,100020,527,99974,227,100023,327,99969,227,100030,100,99967,100,100038,100,99954,100,100047,100,99951,100,100059,100,99944,100,100066,100,99938,100,100069,100,99928,200,100075,100,99922,100
2019-06-28 09:30:20.000000000,99984,196,99983,396,100020,496,99974,196,100023,296,99969,196,100030,196,99967,196,100038,100,99954,100,100047,100,99951,100,100059,100,99944,100,100066,100,99938,100,100069,100,99928,200,100075,100,99922,100
2019-06-28 09:30:30.000000000,99984,292,99983,492,100020,592,99974,292,100023,200,99969,100,100030,100,99967,100,100038,100,99954,100,100047,100,99951,100,100059,100,99944,100,100066,100,99938,100,100069,100,99928,200,100075,100,99922,100
2019-06-28 09:30:40.000000000,99984,292,99983,492,100020,592,99974,292,100023,200,99969,100,100030,100,99967,100,100038,100,99954,100,100047,100,99951,100,100059,100,99944,100,100066,100,99938,100,100069,100,99928,200,100075,100,99922,100
2019-06-28 09:30:41.376929799,99984,292,99983,392,100020,592,99974,292,100023,200,99969,100,100030,100,99967,100,100038,100,99954,100,100047,100,99951,100,100059,100,99944,100,100066,100,99938,100,100069,100,99928,200,100075,100,99922,100
2019-06-28 09:30:50.000000000,99984,231,99983,331,100020,527,99974,227,100023,327,99969,227,100030,100,99967,100,100038,100,99954,100,100047,100,99951,100,100059,100,99944,100,100066,100,99938,100,100069,100,99928,200,100075,100,99922,100
2019-06-28 09:31:00.000000000,99984,196,99983,296,100020,496,99974,196,100023,296,99969,196,100030,196,99967,196,100038,100,99954,100,100047,100,99951,100,100059,100,99944,100,100066,100,99938,100,100069,100,99928,200,100075,100,99922,100
2019-06-28 09:31:02.811232788,99984,196,99983,196,100020,496,99974,196,100023,296,99969,196,100030,196,99967,196,100038,100,99954,100,100047,100,99951,100,100059,100,99944,100,100066,100,99938,100,100069,100,99928,200,100075,100,99922,100
2019-06-28 09:31:10.000000000,99984,484,99983,484,100020,400,99974,100,100023,200,99969,100,100030,100,99967,100,100038,100,99954,100,100047,100,99951,100,100059,100,99944,100,100066,100,99938,100,100069,100,99928,200,100075,100,99922,100
2019-06-28 09:31:19.661109957,99984,484,99983,484,100020,400,99974,100,100023,200,99969,100,100030,100,99967,100,100038,100,99954,100,100047,100,99951,100,100059,100,99944,100,100066,100,99938,100,100069,100,99928,200,100075,100,99922,100
2019-06-28 09:31:20.000000000,99984,292,99983,292,100020,592,99974,292,100023,200,99969,100,100030,100,99967,100,100038,100,99954,100,100047,100,99951,100,100059,100,99944,100,100066,100,99938,100,100069,100,99928,200,100075,100,99922,100
2019-06-28 09:31:27.582160833,99984,292,99983,192,100020,492,99974,292,100023,200,99969,100,100030,100,99967,100,100038,100,99954,100,100047,100,99951,100,100059,100,99944,100,100066,100,99938,100,100069,100,99928,200,100075,100,99922,100
2019-06-28 09:31:30.000000000,99984,484,99974,484,100020,300,99969,100,100023,200,99967,100,100030,100,99954,100,100038,100,99951,100,100047,100,99944,100,100059,100,99938,100,100066,100,99928,200,100069,100,99922,100,100075,100,99898,100
2019-06-28 09:31:30.081440440,99984,484,99974,484,100020,300,99969,100,100023,200,99967,100,100030,100,99954,100,100038,100,99951,100,100047,100,99944,100,100059,100,99938,100,100066,100,99928,100,100069,100,99922,100,100075,100,99898,100
2019-06-28 09:31:31.617773047,99984,484,99974,484,100020,300,99969,100,100023,200,99967,100,100030,100,99951,100,100032,100,99944,100,100038,100,99938,100,100047,100,99928,100,100059,100,99922,100,100066,100,99898,100,100069,100,99870,100
2019-06-28 09:31:40.000000000,99984,231,99974,231,100020,427,99969,227,100023,327,99967,227,100030,100,99951,100,100032,100,99944,100,100038,100,99938,100,100047,100,99928,100,100059,100,99922,100,100066,100,99898,100,100069,100,99870,100
2019-06-28 09:31:40.429874919,99984,231,99974,131,100020,427,99969,227,100023,327,99967,227,100030,100,99951,100,100032,100,99944,100,100038,100,99938,100,100047,100,99928,100,100059,100,99922,100,100066,100,99898,100,100069,100,99870,100
2019-06-28 09:31:48.282593493,99984,331,99974,131,100020,427,99969,227,100023,327,99967,227,100030,100,99951,100,100032,100,99944,100,100038,100,99938,100,100047,100,99922,100,100059,100,99898,100,100066,100,99870,100,100069,100,99858,100
2019-06-28 09:31:50.000000000,99984,277,99969,177,100020,377,99967,177,100023,277,99951,177,100030,177,99944,177,100032,177,99938,177,100038,100,99922,100,100047,100,99898,100,100059,100,99870,100,100066,100,99858,100,100069,100,99857,100
2019-06-28 09:31:55.897025843,99984,277,99969,177,100020,377,99967,177,100023,277,99951,177,100030,177,99944,177,100032,177,99938,177,100038,100,99898,100,100047,100,99870,100,100059,100,99858,100,100066,100,99857,100,100069,100,99846,100
2019-06-28 09:32:00.000000000,99984,331,99969,231,100020,427,99967,227,100023,327,99951,227,100030,100,99944,100,100032,100,99938,100,100038,100,99898,100,100047,100,99870,100,100059,100,99858,100,100066,100,99857,100,100069,100,99846,100
2019-06-28 09:32:07.280945885,99984,331,99969,131,100020,427,99967,227,100023,327,99951,227,100030,100,99944,100,100032,100,99938,100,100038,100,99898,100,100047,100,99870,100,100059,100,99858,100,100066,100,99857,100,100069,100,99846,100
2019-06-28 09:32:10.000000000,99984,331,99967,231,100020,427,99951,227,100023,327,99944,227,100030,100,99938,100,100032,100,99898,100,100038,100,99870,100,100047,100,99858,100,100059,100,99857,100,100066,100,99846,100,100069,100,99827,100
2019-06-28 09:32:20.000000000,99984,331,99967,231,100020,427,99951,227,100023,327,99944,227,100030,100,99938,100,100032,100,99898,100,100038,100,99870,100,100047,100,99858,100,100059,100,99857,100,100066,100,99846,100,100069,100,99827,100
2019-06-28 09:32:30.000000000,99984,331,99967,231,100020,427,99951,227,100023,327,99944,227,100030,100,99938,100,100032,100,99898,100,100038,100,99870,100,100047,100,99858,100,100059,100,99857,100,100066,100,99846,100,100069,100,99827,100
2019-06-28 09:32:35.998736220,99984,231,99967,131,100020,427,99951,227,100023,327,99944,227,100030,100,99938,100,100032,100,99898,100,100038,100,99870,100,100047,100,99858,100,100059,100,99857,100,100066,100,99846,100,100069,100,99827,100
2019-06-28 09:32:40.000000000,99984,292,99951,292,100020,492,99944,292,100023,200,99938,100,100030,100,99898,100,100032,100,99870,100,100038,100,99858,100,100047,100,99857,100,100059,100,99846,100,100066,100,99827,100,100069,100,99826,100
2019-06-28 09:32:40.133563667,99984,292,99951,292,100020,392,99944,292,100023,200,99938,100,100030,100,99898,100,100032,100,99870,100,100038,100,99858,100,100047,100,99857,100,100059,100,99846,100,100066,100,99827,100,100069,100,99826,100
2019-06-28 09:32:50.000000000,99984,196,99951,196,100020,296,99944,196,100023,296,99938,196,100030,196,99898,196,100032,100,99870,100,100038,100,99858,100,100047,100,99857,100,100059,100,99846,100,100066,100,99827,100,100069,100,99826,100
2019-06-28 09:32:56.669495944,99984,196,99951,96,100020,296,99944,196,100023,296,99938,196,100030,196,99898,196,100032,100,99870,100,100038,100,99858,100,100047,100,99857,100,100059,100,99846,100,100066,100,99827,100,100069,100,99826,100
2019-06-28 09:32:58.626710490,99951,4,99944,196,99984,196,99938,196,100020,296,99898,196,100023,296,99870,100,100030,196,99858,100,100032,100,99857,100,100038,100,99846,100,100047,100,99827,100,100059,100,99826,100,100066,100,99818,100
2019-06-28 09:33:00.000000000,99951,388,99944,484,99984,100,99938,100,100020,200,99898,100,100023,200,99870,100,100030,100,99858,100,100032,100,99857,100,100038,100,99846,100,100047,100,99827,100,100059,100,99826,100,100066,100,99818,100
2019-06-28 09:33:10.000000000,99951,100,99944,196,99984,196,99938,196,100020,296,99898,196,100023,296,99870,196,100030,100,99858,100,100032,100,99857,100,100038,100,99846,100,100047,100,99827,100,100059,100,99826,100,100066,100,99818,100
2019-06-28 09:33:20.000000000,99951,196,99944,292,99984,292,99938,292,100020,200,99898,100,100023,200,99870,100,100030,100,99858,100,100032,100,99857,100,100038,100,99846,100,100047,100,99827,100,100059,100,99826,100,100066,100,99818,100
2019-06-28 09:33:30.000000000,99951,81,99944,177,99984,177,99938,177,100020,277,99898,177,100023,277,99870,177,100030,177,99858,177,100032,100,99857,100,100038,100,99846,100,100047,100,99827,100,100059,100,99826,100,100066,100,99818,100
2019-06-28 09:33:40.000000000,99951,81,99944,177,99984,177,99938,177,100020,277,99898,177,100023,277,99870,177,100030,177,99858,177,100032,100,99857,100,100038,100,99846,100,100047,100,99827,100,100059,100,99826,100,100066,100,99818,100
2019-06-28 09:33:47.098866079,99951,81,99944,177,99984,177,99938,177,100020,277,99898,177,100023,277,99870,177,100030,177,99858,177,100032,100,99857,100,100038,100,99846,100,100047,100,99827,100,100059,100,99826,100,100066,100,99818,100
2019-06-28 09:33:47.186549629,99951,81,99944,177,99984,177,99938,177,100020,277,99898,177,100023,277,99870,177,100030,177,99858,177,100032,100,99857,100,100038,100,99846,100,100059,100,99827,100,100066,100,99826,100,100069,100,99818,100
2019-06-28 09:33:50.000000000,99951,81,99944,177,99984,177,99938,177,100020,277,99898,177,100023,277,99870,177,100030,177,99858,177,100032,100,99857,100,100038,100,99846,100,100059,100,99827,100,100066,100,99826,100,100069,100,99818,100
2019-06-28 09:33:50.817987097,99984,177,99952,19,100020,277,99944,177,100023,277,99938,177,100030,177,99898,177,100032,100,99870,177,100038,100,99858,177,100059,100,99857,100,100066,100,99846,100,100069,100,99827,100,100075,100,99826,100
2019-06-28 09:33:55.762056316,99984,177,99952,19,100020,277,99944,177,100023,277,99938,177,100030,177,99898,177,100038,100,99870,177,100059,100,99858,177,100066,100,99857,100,100069,100,99846,100,100075,100,99827,100,100085,100,99826,100
2019-06-28 09:34:00.000000000,99984,231,99952,150,100020,327,99944,227,100023,327,99938,227,100030,100,99898,100,100038,100,99870,100,100059,100,99858,100,100066,100,99857,100,100069,100,99846,100,100075,100,99827,100,100085,100,99826,100
2019-06-28 09:34:10.000000000,99984,484,99952,403,100020,200,99944,100,100023,200,99938,100,100030,100,99898,100,100038,100,99870,100,100059,100,99858,100,100066,100,99857,100,100069,100,99846,100,100075,100,99827,100,100085,100,99826,100
2019-06-28 09:34:17.045097444,99984,484,99952,403,100020,200,99944,100,100023,200,99938,100,100030,100,99898,100,100038,100,99870,200,100059,100,99858,100,100066,100,99857,100,100069,100,99846,100,100075,100,99827,100,100085,100,99826,100
2019-06-28 09:34:20.000000000,99984,231,99952,150,100020,327,99944,227,100023,327,99938,227,100030,100,99898,100,100038,100,99870,200,100059,100,99858,100,100066,100,99857,100,100069,100,99846,100,100075,100,99827,100,100085,100,99826,100
2019-06-28 09:34:30.000000000,99984,196,99952,115,100020,296,99944,196,100023,296,99938,196,100030,196,99898,196,100038,100,99870,200,100059,100,99858,100,100066,100,99857,100,100069,100,99846,100,100075,100,99827,100,100085,100,99826,100
2019-06-28 09:34:30.430580594,99984,196,99952,115,100020,296,99944,196,100023,296,99938,196,100030,196,99898,196,100038,100,99870,200,100059,100,99858,100,100066,100,99857,100,100069,100,99846,100,100075,100,99827,100,100078,100,99826,100
2019-06-28 09:34:38.291785366,99984,96,99952,115,100014,100,99944,196,100020,296,99938,196,100023,296,99898,196,100030,196,99870,200,100038,100,99858,100,100059,100,99857,100,100066,100,99846,100,100069,100,99827,100,100075,100,99826,100
2019-06-28 09:34:40.000000000,100014,292,99952,211,100020,392,99944,292,100023,200,99938,100,100030,100,99898,100,100038,100,99870,200,100059,100,99858,100,100066,100,99857,100,100069,100,99846,100,100075,100,99827,100,100078,100,99826,100
2019-06-28 09:34:46.798488854,100014,192,99952,211,100020,392,99944,292,100023,200,99938,100,100030,100,99898,100,100038,100,99870,200,100059,100,99858,100,100066,100,99857,100,100069,100,99846,100,100078,100,99827,100,100085,100,99826,100
2019-06-28 09:34:50.000000000,100020,584,99952,403,100023,200,99944,100,100030,100,99938,100,100038,100,99898,100,100059,100,99870,200,100066,100,99858,100,100069,100,99857,100,100078,100,99846,100,100085,100,99827,100,100086,100,99826,100
2019-06-28 09:34:53.207590195,100020,584,99952,403,100023,200,99944,100,100030,100,99938,100,100038,100,99898,100,100059,100,99870,200,100066,100,99858,100,100069,100,99857,100,100078,100,99846,100,100085,100,99827,100,100086,100,99826,100
2019-06-28 09:34:57.181764506,100020,584,99998,100,100023,200,99952,403,100030,100,99944,100,100038,100,99938,100,100059,100,99898,100,100066,100,99870,200,100069,100,99858,100,100078,100,99857,100,100085,100,99846,100,100086,100,99827,100
2019-06-28 09:35:00.000000000,100020,296,99998,196,100023,296,99952,115,100030,196,99944,196,100038,196,99938,196,100059,100,99898,100,100066,100,99870,200,100069,100,99858,100,100078,100,99857,100,100085,100,99846,100,100086,100,99827,100
2019-06-28 09:35:07.399222785,100020,196,99998,196,100023,296,99952,115,100030,196,99944,196,100038,196,99938,196,100059,100,99898,100,100066,100,99870,200,100069,100,99858,100,100078,100,99857,100,100085,100,99846,100,100086,100,99827,100
2019-06-28 09:35:10.000000000,100020,177,99998,177,100023,277,99952,96,100030,177,99944,177,100038,177,99938,177,100059,177,99898,177,100066,100,99870,200,100069,100,99858,100,100078,100,99857,100,100085,100,99846,100,100086,100,99827,100
2019-06-28 09:35:15.078375602,100020,177,99998,177,100023,277,99959,100,100030,177,99952,96,100038,177,99944,77,100059,177,99938,177,100066,100,99898,177,100069,100,99870,200,100078,100,99858,100,100085,100,99857,100,100086,100,99846,100
2019-06-28 09:35:20.000000000,100020,484,99998,484,100023,200,99959,100,100030,100,99952,19,100038,100,99938,100,100059,100,99898,100,100066,100,99870,200,100069,100,99858,100,100078,100,99857,100,100085,100,99846,100,100086,100,99827,100
2019-06-28 09:35:30.000000000,100020,484,99998,484,100023,200,99959,100,100030,100,99952,19,100038,100,99938,100,100059,100,99898,100,100066,100,99870,200,100069,100,99858,100,100078,100,99857,100,100085,100,99846,100,100086,100,99827,100
2019-06-28 09:35:32.896370415,100020,484,99999,100,100023,200,99998,484,100030,100,99959,100,100038,100,99952,19,100059,100,99938,100,100066,100,99898,100,100069,100,99870,200,100078,100,99858,100,100085,100,99857,100,100086,100,99846,100
2019-06-28 09:35:33.218369154,100020,484,99999,100,100023,100,99998,484,100030,100,99959,100,100038,100,99952,19,100059,100,99938,100,100066,100,99898,100,100069,100,99870,200,100078,100,99858,100,100085,100,99857,100,100086,100,99846,100
2019-06-28 09:35:40.000000000,100020,196,99999,196,100023,196,99998,196,100030,196,99959,196,100038,196,99952,115,100059,100,99938,100,100066,100,99898,100,100069,100,99870,200,100078,100,99858,100,100085,100,99857,100,100086,100,99846,100
2019-06-28 09:35:42.211776352,100020,196,99999,196,100023,196,99998,196,100030,196,99959,196,100038,196,99952,115,100059,100,99938,100,100066,100,99898,100,100069,100,99870,200,100078,100,99858,100,100085,100,99857,100,100086,100,99846,100
2019-06-28 09:35:45.235892560,100020,96,99999,196,100023,196,99998,196,100030,196,99959,196,100038,196,99952,115,100059,100,99938,100,100066,100,99898,100,100069,100,99870,200,100078,100,99858,100,100085,100,99857,100,100086,100,99846,100
2019-06-28 09:35:50.000000000,100023,484,99999,484,100030,100,99998,100,100038,100,99959,100,100059,100,99952,19,100066,100,99938,100,100069,100,99898,100,100078,100,99870,200,100085,100,99858,100,100086,100,99857,100,100087,100,99846,100
2019-06-28 09:35:56.655138216,100023,484,99999,484,100030,100,99998,100,100038,100,99959,100,100059,100,99952,19,100066,100,99938,100,100069,100,99898,100,100078,100,99870,200,100085,100,99858,100,100086,100,99857,100,100087,100,99846,100
2019-06-28 09:36:00.000000000,100023,196,99999,196,100030,196,99998,196,100038,196,99959,196,100059,196,99952,115,100066,100,99938,100,100069,100,99898,100,100078,100,99870,200,100085,100,99858,100,100086,100,99857,100,100087,100,99846,100
2019-06-28 09:36:02.706379452,100023,196,100020,100,100030,196,99999,196,100038,196,99998,196,100059,196,99959,196,100066,100,99952,115,100069,100,99938,100,100078,100,99898,100,100085,100,99870,200,100086,100,99858,100,100087,100,99857,100
2019-06-28 09:36:03.915071190,100023,96,100020,100,100030,196,99999,196,100038,196,99998,196,100059,196,99959,196,100066,100,99952,115,100069,100,99938,100,100078,100,99898,100,100085,100,99870,200,100087,100,99858,100,100092,200,99857,100
2019-06-28 09:36:04.925208057,100023,96,100020,100,100030,196,99999,196,100038,196,99998,196,100059,196,99959,196,100066,100,99952,115,100069,100,99938,100,100078,100,99898,100,100085,100,99870,200,100087,100,99858,100,100092,200,99857,100
2019-06-28 09:36:10.000000000,100030,292,100020,292,100038,292,99999,292,100059,100,99998,100,100066,100,99959,100,100069,100,99952,19,100078,100,99938,100,100085,100,99898,100,100087,100,99870,200,100092,200,99858,100,100105,100,99857,100
2019-06-28 09:36:20.000000000,100030,484,100020,484,100038,100,99999,100,100059,100,99998,100,100066,100,99959,100,100069,100,99952,19,100078,100,99938,100,100085,100,99898,100,100087,100,99870,200,100092,200,99858,100,100105,100,99857,100
2019-06-28 09:36:30.000000000,100030,177,100020,177,100038,177,99999,177,100059,177,99998,177,100066,177,99959,177,100069,177,99952,96,100078,100,99938,100,100085,100,99898,100,100087,100,99870,200,100092,200,99858,100,100105,100,99857,100
2019-06-28 09:36:40.000000000,100030,231,100020,231,100038,227,99999,227,100059,227,99998,227,100066,100,99959,100,100069,100,99952,19,100078,100,99938,100,100085,100,99898,100,100087,100,99870,200,100092,200,99858,100,100105,100,99857,100
2019-06-28 09:36:40.001426964,100030,231,100020,231,100038,227,99999,227,100059,227,99998,227,100066,100,99959,100,100069,100,99952,19,100085,100,99938,100,100087,100,99898,100,100092,200,99870,200,100105,100,99858,100,100108,100,99857,100
2019-06-28 09:36:48.587043695,100030,231,100020,231,100038,227,99999,227,100059,227,99998,227,100066,100,99959,100,100069,100,99938,100,100085,100,99898,100,100087,100,99870,200,100092,200,99858,100,100105,100,99857,100,100108,100,99846,100
2019-06-28 09:36:50.000000000,100030,231,100020,231,100038,227,99999,227,100059,227,99998,227,100066,100,99959,100,100069,100,99938,100,100085,100,99898,100,100087,100,99870,200,100092,200,99858,100,100105,100,99857,100,100108,100,99846,100
2019-06-28 09:36:54.653076373,100030,131,100020,231,100038,227,99999,227,100059,127,99998,227,100066,100,99959,100,100069,100,99938,100,100085,100,99898,100,100087,100,99870,200,100092,200,99858,100,100105,100,99857,100,100108,100,99846,100
2019-06-28 09:36:55.093791765,100030,131,100020,231,100038,127,100003,100,100059,127,99999,227,100066,100,99998,227,100069,100,99959,100,100085,100,99938,100,100087,100,99898,100,100092,200,99870,200,100105,100,99858,100,100108,100,99857,100
2019-06-28 09:37:00.000000000,100066,196,100020,196,100069,196,100003,196,100085,196,99999,196,100087,196,99998,196,100092,200,99959,100,100105,100,99938,100,100108,100,99898,100,100131,100,99870,200,100137,100,99858,100,100144,100,99857,100
2019-06-28 09:37:10.000000000,100066,292,100020,292,100069,292,100003,292,100085,100,99999,100,100087,100,99998,100,100092,200,99959,100,100105,100,99938,100,100108,100,99898,100,100131,100,99870,200,100137,100,99858,100,100144,100,99857,100
2019-06-28 09:37:18.981196935,100066,292,100023,100,100069,292,100020,292,100085,100,100003,292,100087,100,99999,100,100092,200,99998,100,100105,100,99959,100,100108,100,99938,100,100131,100,99898,100,100137,100,99870,200,100144,100,99858,100
2019-06-28 09:37:20.000000000,100066,177,100023,177,100069,177,100020,177,100085,177,100003,177,100087,177,99999,177,100092,277,99998,177,100105,100,99959,100,100108,100,99938,100,100131,100,99898,100,100137,100,99870,200,100144,100,99858,100
2019-06-28 09:37:30.000000000,100066,196,100023,196,100069,196,100020,196,100085,196,100003,196,100087,196,99999,196,100092,200,99998,100,100105,100,99959,100,100108,100,99938,100,100131,100,99898,100,100137,100,99870,200,100144,100,99858,100
2019-06-28 09:37:40.000000000,100066,196,100023,196,100069,196,100020,196,100085,196,100003,196,100087,196,99999,196,100092,200,99998,100,100105,100,99959,100,100108,100,99938,100,100131,100,99898,100,100137,100,99870,200,100144,100,99858,100
2019-06-28 09:37:50.000000000,100066,196,100023,196,100069,196,100020,196,100085,196,100003,196,100087,196,99999,196,100092,200,99998,100,100105,100,99959,100,100108,100,99938,100,100131,100,99898,100,100137,100,99870,200,100144,100,99858,100
2019-06-28 09:37:56.858658130,100066,196,100023,96,100069,196,100020,196,100085,196,100003,196,100087,196,99999,196,100092,200,99998,100,100105,100,99959,100,100108,100,99938,100,100131,100,99898,100,100137,100,99870,200,100144,100,99858,100
2019-06-28 09:38:00.000000000,100066,177,100020,177,100069,177,100003,177,100085,177,99999,177,100087,177,99998,177,100092,277,99959,177,100105,100,99938,100,100108,100,99898,100,100131,100,99870,200,100137,100,99858,100,100144,100,99857,100
2019-06-28 09:38:05.867910312,100066,177,100020,177,100069,177,100003,177,100085,177,99999,177,100087,177,99998,177,100092,277,99959,177,100105,100,99938,100,100108,100,99898,100,100131,100,99870,200,100137,100,99858,100,100144,100,99857,100
2019-06-28 09:38:10.000000000,100066,484,100020,484,100069,100,100003,100,100085,100,99999,100,100087,100,99998,100,100092,200,99959,100,100105,100,99938,100,100108,100,99898,100,100131,100,99870,200,100137,100,99858,100,100144,100,99857,100
2019-06-28 09:38:20.000000000,100066,484,100020,484,100069,100,100003,100,100085,100,99999,100,100087,100,99998,100,100092,200,99959,100,100105,100,99938,100,100108,100,99898,100,100131,100,99870,200,100137,100,99858,100,100144,100,99857,100
2019-06-28 09:38:30.000000000,100066,231,100020,231,100069,227,100003,227,100085,227,99999,227,100087,100,99998,100,100092,200,99959,100,100105,100,99938,100,100108,100,99898,100,100131,100,99870,200,100137,100,99858,100,100144,100,99857,100
2019-06-28 09:38:31.357223987,100066,231,100020,231,100069,227,100003,227,100085,227,99999,227,100087,100,99998,100,100092,200,99959,100,100105,100,99938,100,100108,100,99898,100,100131,100,99870,200,100137,100,99858,100,100144,100,99857,100
2019-06-28 09:38:40.000000000,100066,484,100020,484,100069,100,100003,100,100085,100,99999,100,100087,100,99998,100,100092,200,99959,100,100105,100,99938,100,100108,100,99898,100,100131,100,99870,200,100137,100,99858,100,100144,100,99857,100
2019-06-28 09:38:50.000000000,100066,231,100020,231,100069,227,100003,227,100085,227,99999,227,100087,100,99998,100,100092,200,99959,100,100105,100,99938,100,100108,100,99898,100,100131,100,99870,200,100137,100,99858,100,100144,100,99857,100
2019-06-28 09:39:00.000000000,100066,196,100020,196,100069,196,100003,196,100085,196,99999,196,100087,196,99998,196,100092,200,99959,100,100105,100,99938,100,100108,100,99898,100,100131,100,99870,200,100137,100,99858,100,100144,100,99857,100
2019-06-28 09:39:02.072674797,100029,100,100020,196,100066,196,100003,196,100069,196,99999,196,100085,196,99998,196,100087,196,99959,100,100092,200,99938,100,100105,100,99898,100,100108,100,99870,200,100131,100,99858,100,100137,100,99857,100
2019-06-28 09:39:10.000000000,100029,292,100020,292,100066,292,100003,292,100069,100,99999,100,100085,100,99998,100,100087,100,99959,100,100092,200,99938,100,100105,100,99898,100,100108,100,99870,200,100131,100,99858,100,100137,100,99857,100
2019-06-28 09:39:15.075619784,100029,292,100020,192,100066,292,100003,292,100069,100,99999,100,100085,100,99998,100,100087,100,99959,100,100092,200,99938,100,100105,100,99898,100,100108,100,99870,200,100131,100,99858,100,100137,100,99857,100
2019-06-28 09:39:18.014770664,100029,292,100020,192,100066,292,100003,292,100069,100,99999,100,100087,100,99998,100,100092,200,99959,100,100105,100,99938,100,100108,100,99898,100,100131,100,99870,200,100137,100,99858,100,100144,100,99857,100
2019-06-28 09:39:20.000000000,100029,231,100003,231,100066,227,99999,227,100069,227,99998,227,100087,100,99959,100,100092,200,99938,100,100105,100,99898,100,100108,100,99870,200,100131,100,99858,100,100137,100,99857,100,100144,100,99846,100
2019-06-28 09:39:30.000000000,100029,231,100003,231,100066,227,99999,227,100069,227,99998,227,100087,100,99959,100,100092,200,99938,100,100105,100,99898,100,100108,100,99870,200,100131,100,99858,100,100137,100,99857,100,100144,100,99846,100
2019-06-28 09:39:40.000000000,100029,231,100003,231,100066,227,99999,227,100069,227,99998,227,100087,100,99959,100,100092,200,99938,100,100105,100,99898,100,100108,100,99870,200,100131,100,99858,100,100137,100,99857,100,100144,100,99846,100
2019-06-28 09:39:42.640761070,100023,100,100003,231,100029,231,99999,227,100066,227,99998,227,100069,227,99959,100,100087,100,99938,100,100092,200,99898,100,100105,100,99870,200,100108,100,99858,100,100131,100,99857,100,100137,100,99846,100
2019-06-28 09:39:50.000000000,100023,484,100003,484,100029,100,99999,100,100066,100,99998,100,100069,100,99959,100,100087,100,99938,100,100092,200,99898,100,100105,100,99870,200,100108,100,99858,100,100131,100,99857,100,100137,100,99846,100
2019-06-28 09:39:50.989131378,100023,484,100003,484,100029,100,99999,100,100066,100,99998,100,100069,100,99959,100,100087,100,99938,100,100092,200,99898,100,100105,100,99870,200,100108,100,99858,100,100131,100,99857,100,100137,100,99846,100
2019-06-28 09:39:59.741388627,100023,484,100003,384,100029,100,99999,100,100066,100,99998,100,100069,100,99959,100,100087,100,99938,100,100092,200,99898,100,100105,100,99870,200,100108,100,99858,100,100131,100,99857,100,100137,100,99846,100
2019-06-28 09:40:00.000000000,100023,231,99999,231,100029,227,99998,227,100066,227,99959,227,100069,100,99938,100,100087,100,99898,100,100092,200,99870,200,100105,100,99858,100,100108,100,99857,100,100131,100,99846,100,100137,100,99827,100
2019-06-28 09:40:03.283565329,100023,231,99999,131,100029,227,99998,227,100066,227,99959,227,100069,100,99938,100,100087,100,99898,100,100092,200,99870,200,100105,100,99858,100,100108,100,99857,100,100131,100,99846,100,100144,100,99827,100
2019-06-28 09:40:05.260477011,100003,100,99999,131,100023,231,99998,227,100029,227,99959,227,100066,227,99938,100,100069,100,99898,100,100087,100,99870,200,100092,200,99858,100,100105,100,99857,100,100108,100,99846,100,100131,100,99827,100
2019-06-28 09:40:10.000000000,100003,484,99998,484,100023,100,99959,100,100029,100,99938,100,100066,100,99898,100,100069,100,99870,200,100087,100,99858,100,100092,200,99857,100,100105,100,99846,100,100108,100,99827,100,100131,100,99826,100
2019-06-28 09:40:20.000000000,100003,177,99998,177,100023,177,99959,177,100029,177,99938,177,100066,177,99898,177,100069,177,99870,277,100087,100,99858,100,100092,200,99857,100,100105,100,99846,100,100108,100,99827,100,100131,100,99826,100
2019-06-28 09:40:21.639391266,100003,177,99998,177,100023,177,99959,177,100029,177,99938,177,100066,177,99898,177,100069,177,99870,277,100087,100,99858,100,100092,200,99857,100,100108,100,99846,100,100131,100,99827,100,100144,100,99826,100
2019-06-28 09:40:29.728782243,100003,177,99998,77,100023,177,99959,177,100029,177,99938,177,100066,177,99898,177,100069,177,99870,277,100087,100,99858,100,100092,200,99857,100,100108,100,99846,100,100131,100,99827,100,100144,100,99826,100
2019-06-28 09:40:30.000000000,100003,177,99959,177,100023,177,99938,177,100029,177,99898,177,100066,177,99870,277,100069,177,99858,177,100087,100,99857,100,100092,200,99846,100,100108,100,99827,100,100131,100,99826,100,100144,100,99818,100
2019-06-28 09:40:40.000000000,100003,292,99959,292,100023,292,99938,292,100029,100,99898,100,100066,100,99870,200,100069,100,99858,100,100087,100,99857,100,100092,200,99846,100,100108,100,99827,100,100131,100,99826,100,100144,100,99818,100
2019-06-28 09:40:48.285710640,100003,292,99959,292,100023,292,99938,292,100029,100,99898,100,100066,100,99870,200,100069,100,99858,100,100087,100,99857,100,100092,100,99846,100,100108,100,99827,100,100131,100,99826,100,100144,100,99818,100
2019-06-28 09:40:50.000000000,100003,292,99959,292,100023,292,99938,292,100029,100,99898,100,100066,100,99870,200,100069,100,99858,100,100087,100,99857,100,100092,100,99846,100,100108,100,99827,100,100131,100,99826,100,100144,100,99818,100
2019-06-28 09:40:53.000403852,100003,292,99959,192,100023,292,99938,292,100029,100,99898,100,100066,100,99870,200,100069,100,99858,100,100087,100,99857,100,100092,100,99846,100,100108,100,99827,100,100131,100,99826,100,100144,100,99818,100
2019-06-28 09:40:57.898161510,100003,292,99959,92,100023,292,99938,292,100029,100,99898,100,100066,100,99870,200,100069,100,99858,100,100087,100,99857,100,100092,100,99846,100,100108,100,99827,100,100131,100,99826,100,100144,100,99818,100
2019-06-28 09:41:00.000000000,100003,177,99938,177,100023,177,99898,177,100029,177,99870,277,100066,177,99858,177,100069,177,99857,177,100087,100,99846,100,100092,100,99827,100,100108,100,99826,100,100131,100,99818,100,100144,100,99785,100
2019-06-28 09:41:01.516416190,100003,177,99938,77,100023,177,99898,177,100029,177,99870,177,100066,177,99858,177,100069,177,99857,177,100087,100,99846,100,100092,100,99827,100,100108,100,99826,100,100131,100,99818,100,100144,100,99785,100
2019-06-28 09:41:10.000000000,100003,292,99898,292,100023,292,99870,292,100029,100,99858,100,100066,100,99857,100,100069,100,99846,100,100087,100,99827,100,100092,100,99826,100,100108,100,99818,100,100131,100,99785,100,100144,100,99695,100
2019-06-28 09:41:17.680203698,100003,292,99898,192,100023,292,99870,292,100029,100,99858,100,100069,100,99857,100,100087,100,99846,100,100092,100,99827,100,100108,100,99826,100,100131,100,99818,100,100144,100,99785,100,100192,100,99695,100
2019-06-28 09:41:20.000000000,100003,196,99870,196,100023,196,99858,196,100029,196,99857,196,100069,196,99846,196,100087,100,99827,100,100092,100,99826,100,100108,100,99818,100,100131,100,99785,100,100144,100,99695,100,100192,100,99555,100
2019-06-28 09:41:30.000000000,100003,484,99870,484,100023,100,99858,100,100029,100,99857,100,100069,100,99846,100,100087,100,99827,100,100092,100,99826,100,100108,100,99818,100,100131,100,99785,100,100144,100,99695,100,100192,100,99555,100
2019-06-28 09:41:34.333052390,99938,100,99870,484,100003,484,99858,100,100029,100,99857,100,100069,100,99846,100,100087,100,99827,100,100092,100,99826,100,100108,100,99818,100,100131,100,99785,100,100144,100,99695,100,100192,100,99555,100
2019-06-28 09:41:40.000000000,99938,196,99870,196,100003,196,99858,196,100029,196,99857,196,100069,196,99846,196,100087,100,99827,100,100092,100,99826,100,100108,100,99818,100,100131,100,99785,100,100144,100,99695,100,100192,100,99555,100
2019-06-28 09:41:41.362587940,99938,296,99870,196,100003,196,99858,196,100029,196,99857,196,100069,196,99846,196,100087,100,99827,100,100092,100,99826,100,100108,100,99818,100,100131,100,99785,100,100144,100,99695,100,100192,100,99555,100
2019-06-28 09:41:50.000000000,99938,296,99870,196,100003,196,99858,196,100029,196,99857,196,100069,196,99846,196,100087,100,99827,100,100092,100,99826,100,100108,100,99818,100,100131,100,99785,100,100144,100,99695,100,100192,100,99555,100
2019-06-28 09:42:00.000000000,99938,277,99870,177,100003,177,99858,177,100029,177,99857,177,100069,177,99846,177,100087,177,99827,177,100092,100,99826,100,100108,100,99818,100,100131,100,99785,100,100144,100,99695,100,100192,100,99555,100
2019-06-28 09:42:04.635180740,99938,277,99870,77,100003,177,99858,177,100029,177,99857,177,100069,177,99846,177,100087,177,99827,177,100092,100,99826,100,100108,100,99818,100,100131,100,99785,100,100144,100,99695,100,100192,100,99555,100
2019-06-28 09:42:10.000000000,99938,584,99858,484,100003,100,99857,100,100029,100,99846,100,100069,100,99827,100,100087,100,99826,100,100092,100,99818,100,100108,100,99785,100,100131,100,99695,100,100144,100,99555,100,100192,100,99271,100
2019-06-28 09:42:18.373830569,99898,100,99858,484,99938,484,99857,100,100003,100,99846,100,100029,100,99827,100,100069,100,99826,100,100087,100,99818,100,100092,100,99785,100,100108,100,99695,100,100131,100,99555,100,100144,100,99271,100
2019-06-28 09:42:20.000000000,99898,292,99858,292,99938,292,99857,292,100003,100,99846,100,100029,100,99827,100,100069,100,99826,100,100087,100,99818,100,100092,100,99785,100,100108,100,99695,100,100131,100,99555,100,100144,100,99271,100
2019-06-28 09:42:23.003667328,99898,392,99858,292,99938,292,99857,292,100003,100,99846,100,100029,100,99827,100,100069,100,99826,100,100087,100,99818,100,100092,100,99785,100,100108,100,99695,100,100131,100,99555,100,100144,100,99271,100
2019-06-28 09:42:29.600177577,99898,492,99858,292,99938,292,99857,292,100003,100,99846,100,100029,100,99827,100,100069,100,99826,100,100087,100,99818,100,100092,100,99785,100,100108,100,99695,100,100131,100,99555,100,100144,100,99271,100
2019-06-28 09:42:30.000000000,99898,377,99858,177,99938,177,99857,177,100003,177,99846,177,100029,177,99827,177,100069,177,99826,177,100087,100,99818,100,100092,100,99785,100,100108,100,99695,100,100131,100,99555,100,100144,100,99271,100
2019-06-28 09:42:33.732347700,99898,377,99858,177,99938,177,99857,177,100003,177,99846,177,100029,177,99827,177,100069,177,99826,177,100087,100,99818,100,100092,100,99785,100,100108,100,99695,100,100131,100,99614,100,100144,100,99555,100
2019-06-28 09:42:40.000000000,99898,377,99858,177,99938,177,99857,177,100003,177,99846,177,100029,177,99827,177,100069,177,99826,177,100087,100,99818,100,100092,100,99785,100,100108,100,99695,100,100131,100,99614,100,100144,100,99555,100
2019-06-28 09:42:50.000000000,99898,684,99858,484,99938,100,99857,100,100003,100,99846,100,100029,100,99827,100,100069,100,99826,100,100087,100,99818,100,100092,100,99785,100,100108,100,99695,100,100131,100,99614,100,100144,100,99555,100
2019-06-28 09:42:52.304478184,99898,584,99858,484,99938,100,99857,100,100003,100,99846,100,100029,100,99827,100,100069,100,99826,100,100087,100,99818,100,100092,100,99785,100,100108,100,99695,100,100131,100,99614,100,100144,100,99555,100
2019-06-28 09:43:00.000000000,99898,392,99858,292,99938,292,99857,292,100003,100,99846,100,100029,100,99827,100,100069,100,99826,100,100087,100,99818,100,100092,100,99785,100,100108,100,99695,100,100131,100,99614,100,100144,100,99555,100
2019-06-28 09:43:08.537459232,99898,392,99858,292,99938,292,99857,292,100003,100,99846,100,100029,100,99827,100,100069,100,99826,100,100087,100,99818,100,100092,100,99785,100,100108,100,99695,100,100131,100,99614,100,100144,100,99555,100
2019-06-28 09:43:10.000000000,99898,392,99858,292,99938,292,99857,292,100003,100,99846,100,100029,100,99827,100,100069,100,99826,100,100087,100,99818,100,100092,100,99785,100,100108,100,99695,100,100131,100,99614,100,100144,100,99555,100
2019-06-28 09:43:12.286468239,99898,392,99858,292,99938,292,99857,292,100003,100,99846,100,100029,100,99827,100,100069,100,99826,100,100087,100,99818,100,100092,100,99785,100,100108,100,99695,100,100131,100,99614,100,100144,100,99555,100
2019-06-28 09:43:17.319770841,99898,392,99858,192,99938,292,99857,292,100003,100,99846,100,100029,100,99827,100,100069,100,99826,100,100087,100,99818,100,100092,100,99785,100,100108,100,99695,100,100131,100,99614,100,100144,100,99555,100
2019-06-28 09:43:20.000000000,99898,331,99857,231,99938,227,99846,227,100003,227,99827,227,100029,100,99826,100,100069,100,99818,100,100087,100,99785,100,100092,100,99695,100,100108,100,99614,100,100131,100,99555,100,100144,100,99359,100
2019-06-28 09:43:30.000000000,99898,296,99857,196,99938,196,99846,196,100003,196,99827,196,100029,196,99826,196,100069,100,99818,100,100087,100,99785,100,100092,100,99695,100,100108,100,99614,100,100131,100,99555,100,100144,100,99359,100
2019-06-28 09:43:40.000000000,99898,277,99857,177,99938,177,99846,177,100003,177,99827,177,100029,177,99826,177,100069,177,99818,177,100087,100,99785,100,100092,100,99695,100,100108,100,99614,100,100131,100,99555,100,100144,100,99359,100
2019-06-28 09:43:50.000000000,99898,296,99857,196,99938,196,99846,196,100003,196,99827,196,100029,196,99826,196,100069,100,99818,100,100087,100,99785,100,100092,100,99695,100,100108,100,99614,100,100131,100,99555,100,100144,100,99359,100
2019-06-28 09:44:00.000000000,99898,277,99857,177,99938,177,99846,177,100003,177,99827,177,100029,177,99826,177,100069,177,99818,177,100087,100,99785,100,100092,100,99695,100,100108,100,99614,100,100131,100,99555,100,100144,100,99359,100
2019-06-28 09:44:10.000000000,99898,584,99857,484,99938,100,99846,100,100003,100,99827,100,100029,100,99826,100,100069,100,99818,100,100087,100,99785,100,100092,100,99695,100,100108,100,99614,100,100131,100,99555,100,100144,100,99359,100
2019-06-28 09:44:20.000000000,99898,331,99857,231,99938,227,99846,227,100003,227,99827,227,100029,100,99826,100,100069,100,99818,100,100087,100,99785,100,100092,100,99695,100,100108,100,99614,100,100131,100,99555,100,100144,100,99359,100
2019-06-28 09:44:30.000000000,99898,277,99857,177,99938,177,99846,177,100003,177,99827,177,100029,177,99826,177,100069,177,99818,177,100087,100,99785,100,100092,100,99695,100,100108,100,99614,100,100131,100,99555,100,100144,100,99359,100
2019-06-28 09:44:33.523168641,99898,277,99857,177,99938,177,99846,177,100003,177,99827,177,100029,177,99826,177,100069,177,99818,177,100087,100,99785,100,100092,100,99695,100,100108,100,99614,100,100131,100,99555,100,100144,100,99359,100
2019-06-28 09:44:40.000000000,99898,331,99857,231,99938,227,99846,227,100003,227,99827,227,100029,100,99826,100,100069,100,99818,100,100087,100,99785,100,100092,100,99695,100,100108,100,99614,100,100131,100,99555,100,100144,100,99359,100
2019-06-28 09:44:43.635513999,99898,331,99857,231,99938,227,99846,227,100003,227,99827,227,100029,100,99818,100,100069,100,99785,100,100087,100,99695,100,100092,100,99614,100,100108,100,99555,100,100131,100,99359,100,100144,100,99226,100
2019-06-28 09:44:45.598580344,99898,331,99857,231,99938,227,99846,227,100003,227,99827,227,100029,100,99818,100,100069,100,99785,100,100087,100,99695,100,100092,100,99555,100,100108,100,99359,100,100131,100,99226,100,100144,100,98993,100
2019-06-28 09:44:50.000000000,99898,331,99857,231,99938,227,99846,227,100003,227,99827,227,100029,100,99818,100,100069,100,99785,100,100087,100,99695,100,100092,100,99555,100,100108,100,99359,100,100131,100,99226,100,100144,100,98993,100
2019-06-28 09:45:00.000000000,99898,584,99857,484,99938,100,99846,100,100003,100,99827,100,100029,100,99818,100,100069,100,99785,100,100087,100,99695,100,100092,100,99555,100,100108,100,99359,100,100131,100,99226,100,100144,100,98993,100
2019-06-28 09:45:04.699133953,99898,484,99857,484,99938,100,99846,100,100003,100,99827,100,100029,100,99818,100,100069,100,99785,100,100087,100,99695,100,100092,100,99555,100,100108,100,99359,100,100131,100,99226,100,100144,100,98993,100
2019-06-28 09:45:06.176009980,99898,484,99857,484,99938,100,99846,100,100003,100,99827,100,100029,100,99818,100,100069,100,99785,100,100087,100,99695,100,100092,100,99555,100,100108,100,99359,100,100131,100,99226,100,100144,100,98993,100
2019-06-28 09:45:07.328864259,99898,484,99859,100,99938,100,99857,484,100003,100,99846,100,100029,100,99827,100,100069,100,99818,100,100087,100,99785,100,100092,100,99695,100,100108,100,99555,100,100131,100,99359,100,100144,100,99226,100
2019-06-28 09:45:10.000000000,99898,292,99859,292,99938,292,99857,292,100003,100,99846,100,100029,100,99827,100,100069,100,99818,100,100087,100,99785,100,100092,100,99695,100,100108,100,99555,100,100131,100,99359,100,100144,100,99226,100
2019-06-28 09:45:15.879039070,99898,292,99859,292,99938,292,99857,192,100003,100,99846,100,100029,100,99827,100,100069,100,99818,100,100087,100,99785,100,100092,100,99695,100,100108,100,99555,100,100131,100,99359,100,100144,100,99226,100
2019-06-28 09:45:20.000000000,99898,177,99859,177,99938,177,99846,177,100003,177,99827,177,100029,177,99818,177,100069,177,99785,177,100087,100,99695,100,100092,100,99555,100,100108,100,99359,100,100131,100,99226,100,100144,100,98993,100
2019-06-28 09:45:30.000000000,99898,177,99859,177,99938,177,99846,177,100003,177,99827,177,100029,177,99818,177,100069,177,99785,177,100087,100,99695,100,100092,100,99555,100,100108,100,99359,100,100131,100,99226,100,100144,100,98993,100
2019-06-28 09:45:35.539153370,99898,177,99859,177,99938,177,99846,177,100003,177,99827,177,100029,177,99818,177,100069,177,99785,177,100087,100,99695,100,100092,100,99555,100,100108,100,99359,100,100131,100,99226,100,100144,100,98993,100
2019-06-28 09:45:37.020574862,99898,77,99859,177,99938,177,99846,177,100003,177,99827,177,100029,177,99818,177,100069,177,99785,177,100087,100,99695,100,100092,100,99555,100,100108,100,99359,100,100131,100,98993,100,100144,100,,
2019-06-28 09:45:40.000000000,99938,177,99859,177,100003,177,99846,177,100029,177,99827,177,100069,177,99818,177,100087,177,99785,177,100092,100,99695,100,100108,100,99555,100,100131,100,99359,100,100144,100,98993,100,100192,100,,
2019-06-28 09:45:46.215682326,99938,177,99859,177,100003,177,99846,177,100029,177,99827,177,100069,177,99818,177,100087,177,99785,177,100092,100,99695,100,100108,100,99555,100,100131,100,99359,100,100144,100,98993,100,100192,100,,
2019-06-28 09:45:50.000000000,99938,177,99859,177,100003,177,99846,177,100029,177,99827,177,100069,177,99818,177,100087,177,99785,177,100092,100,99695,100,100108,100,99555,100,100131,100,99359,100,100144,100,98993,100,100192,100,,
2019-06-28 09:45:59.577187730,99938,177,99859,177,100003,177,99846,177,100029,177,99827,177,100069,177,99818,177,100087,177,99785,177,100092,100,99695,100,100108,100,99555,100,100131,100,99359,100,100144,100,98993,100,100192,100,,
2019-06-28 09:46:00.000000000,99938,177,99859,177,100003,177,99846,177,100029,177,99827,177,100069,177,99818,177,100087,177,99785,177,100092,100,99695,100,100108,100,99555,100,100131,100,99359,100,100144,100,98993,100,100192,100,,
2019-06-28 09:46:10.000000000,99938,484,99859,484,100003,100,99846,100,100029,100,99827,100,100069,100,99818,100,100087,100,99785,100,100092,100,99695,100,100108,100,99555,100,100131,100,99359,100,100144,100,98993,100,100192,100,,
2019-06-28 09:46:17.359308924,99938,484,99898,100,100003,100,99859,484,100029,100,99846,100,100069,100,99827,100,100087,100,99818,100,100092,100,99785,100,100108,100,99695,100,100131,100,99555,100,100144,100,99359,100,100192,100,98993,100
2019-06-28 09:46:17.713681335,99938,384,99898,100,100003,100,99859,484,100029,100,99846,100,100069,100,99827,100,100087,100,99818,100,100092,100,99785,100,100108,100,99695,100,100131,100,99555,100,100144,100,99359,100,100192,100,98993,100
2019-06-28 09:46:20.000000000,100003,231,99898,231,100029,227,99859,227,100069,227,99846,227,100087,100,99827,100,100092,100,99818,100,100108,100,99785,100,100131,100,99695,100,100144,100,99555,100,100192,100,99359,100,100352,100,98993,100
2019-06-28 09:46:30.000000000,100003,177,99898,177,100029,177,99859,177,100069,177,99846,177,100087,177,99827,177,100092,177,99818,177,100108,100,99785,100,100131,100,99695,100,100144,100,99555,100,100192,100,99359,100,100352,100,98993,100
2019-06-28 09:46:40.000000000,100003,196,99898,196,100029,196,99859,196,100069,196,99846,196,100087,196,99827,196,100092,100,99818,100,100108,100,99785,100,100131,100,99695,100,100144,100,99555,100,100192,100,99359,100,100352,100,98993,100
2019-06-28 09:46:42.247792997,100003,96,99898,196,100029,196,99859,196,100069,196,99846,196,100087,196,99827,196,100092,100,99818,100,100108,100,99785,100,100131,100,99695,100,100144,100,99555,100,100192,100,99359,100,100352,100,98993,100
2019-06-28 09:46:50.000000000,100029,231,99898,231,100069,227,99859,227,100087,227,99846,227,100092,100,99827,100,100108,100,99818,100,100131,100,99785,100,100144,100,99695,100,100192,100,99555,100,100352,100,99359,100,100450,100,98993,100
2019-06-28 09:46:52.702629999,100029,231,99898,231,100069,227,99859,227,100087,227,99846,227,100092,100,99827,100,100108,100,99818,100,100131,100,99785,100,100144,100,99695,100,100192,100,99555,100,100228,100,99359,100,100352,100,98993,100
2019-06-28 09:47:00.000000000,100029,292,99898,292,100069,292,99859,292,100087,100,99846,100,100092,100,99827,100,100108,100,99818,100,100131,100,99785,100,100144,100,99695,100,100192,100,99555,100,100228,100,99359,100,100352,100,98993,100
2019-06-28 09:47:10.000000000,100029,231,99898,231,100069,227,99859,227,100087,227,99846,227,100092,100,99827,100,100108,100,99818,100,100131,100,99785,100,100144,100,99695,100,100192,100,99555,100,100228,100,99359,100,100352,100,98993,100
2019-06-28 09:47:20.000000000,100029,231,99898,231,100069,227,99859,227,100087,227,99846,227,100092,100,99827,100,100108,100,99818,100,100131,100,99785,100,100144,100,99695,100,100192,100,99555,100,100228,100,99359,100,100352,100,98993,100
2019-06-28 09:47:30.000000000,100029,196,99898,196,100069,196,99859,196,100087,196,99846,196,100092,196,99827,196,100108,100,99818,100,100131,100,99785,100,100144,100,99695,100,100192,100,99555,100,100228,100,99359,100,100352,100,98993,100
2019-06-28 09:47:39.909777219,100029,96,99898,196,100069,196,99859,196,100087,196,99846,196,100092,196,99827,196,100108,100,99818,100,100131,100,99785,100,100144,100,99695,100,100192,100,99555,100,100228,100,99359,100,100352,100,98993,100
2019-06-28 09:47:40.000000000,100069,196,99898,196,100087,196,99859,196,100092,196,99846,196,100108,196,99827,196,100131,100,99818,100,100144,100,99785,100,100192,100,99695,100,100228,100,99555,100,100352,100,99359,100,100450,100,98993,100
2019-06-28 09:47:43.728968528,100069,96,99898,196,100087,196,99859,196,100092,196,99846,196,100108,196,99827,196,100131,100,99818,100,100144,100,99785,100,100192,100,99695,100,100228,100,99555,100,100352,100,99359,100,100450,100,98993,100
2019-06-28 09:47:50.000000000,100087,231,99898,231,100092,227,99859,227,100108,227,99846,227,100131,100,99827,100,100144,100,99818,100,100192,100,99785,100,100228,100,99695,100,100352,100,99555,100,100450,100,99359,100,100494,100,98993,100
2019-06-28 09:48:00.000000000,100087,292,99898,292,100092,292,99859,292,100108,100,99846,100,100131,100,99827,100,100144,100,99818,100,100192,100,99785,100,100228,100,99695,100,100352,100,99555,100,100450,100,99359,100,100494,100,98993,100
2019-06-28 09:48:07.655113053,100087,292,99898,292,100092,292,99859,292,100108,100,99846,100,100131,100,99827,100,100144,100,99818,100,100192,100,99785,100,100228,100,99695,100,100352,100,99555,100,100450,100,99359,100,100494,100,98993,100
2019-06-28 09:48:10.000000000,100087,292,99898,292,100092,292,99859,292,100108,100,99846,100,100131,100,99827,100,100144,100,99818,100,100192,100,99785,100,100228,100,99695,100,100352,100,99555,100,100450,100,99359,100,100494,100,98993,100
2019-06-28 09:48:11.634933219,100087,292,99898,292,100092,292,99859,292,100108,100,99846,100,100131,100,99827,100,100144,100,99818,100,100192,100,99785,100,100228,100,99695,100,100352,100,99555,100,100445,100,99359,100,100450,100,98993,100
2019-06-28 09:48:15.535449195,100087,292,99898,292,100092,292,99859,292,100108,100,99846,100,100131,100,99827,100,100144,100,99818,100,100192,100,99785,100,100228,100,99695,100,100352,100,99555,100,100421,100,99359,100,100445,100,98993,100
2019-06-28 09:48:17.300373547,100087,192,99898,292,100092,292,99859,292,100108,100,99846,100,100131,100,99827,100,100144,100,99818,100,100192,100,99785,100,100228,100,99695,100,100352,100,99555,100,100421,100,99359,100,100445,100,,
2019-06-28 09:48:20.000000000,100092,292,99898,292,100108,292,99859,292,100131,100,99846,100,100144,100,99827,100,100192,100,99818,100,100228,100,99785,100,100352,100,99695,100,100421,100,99555,100,100445,100,99359,100,100450,100,,
2019-06-28 09:48:30.000000000,100092,484,99898,484,100108,100,99859,100,100131,100,99846,100,100144,100,99827,100,100192,100,99818,100,100228,100,99785,100,100352,100,99695,100,100421,100,99555,100,100445,100,99359,100,100450,100,,
2019-06-28 09:48:33.867501265,100092,484,100069,100,100108,100,99898,484,100131,100,99859,100,100144,100,99846,100,100192,100,99827,100,100228,100,99818,100,100352,100,99785,100,100421,100,99695,100,100445,100,99555,100,100450,100,99359,100
2019-06-28 09:48:35.256283102,100092,384,100069,100,100108,100,99898,484,100131,100,99859,100,100144,100,99846,100,100192,100,99827,100,100228,100,99818,100,100352,100,99785,100,100421,100,99695,100,100445,100,99555,100,100450,100,99359,100
2019-06-28 09:48:38.429457013,100092,384,100069,100,100108,100,99898,484,100131,100,99859,100,100144,100,99846,100,100192,100,99827,100,100228,100,99818,100,100352,100,99785,100,100417,100,99695,100,100421,100,99555,100,100445,100,99359,100
2019-06-28 09:48:40.000000000,100108,231,100069,231,100131,227,99898,227,100144,227,99859,227,100192,100,99846,100,100228,100,99827,100,100352,100,99818,100,100417,100,99785,100,100421,100,99695,100,100445,100,99555,100,100450,100,99359,100
2019-06-28 09:48:47.353672740,100108,231,100069,231,100131,227,99898,227,100144,227,99859,227,100192,100,99846,100,100228,100,99827,100,100352,100,99818,100,100399,100,99785,100,100417,100,99695,100,100421,100,99555,100,100445,100,99359,100
2019-06-28 09:48:50.000000000,100108,484,100069,484,100131,100,99898,100,100144,100,99859,100,100192,100,99846,100,100228,100,99827,100,100352,100,99818,100,100399,100,99785,100,100417,100,99695,100,100421,100,99555,100,100445,100,99359,100
2019-06-28 09:49:00.000000000,100108,231,100069,231,100131,227,99898,227,100144,227,99859,227,100192,100,99846,100,100228,100,99827,100,100352,100,99818,100,100399,100,99785,100,100417,100,99695,100,100421,100,99555,100,100445,100,99359,100
2019-06-28 09:49:09.734137532,100108,231,100069,231,100131,227,99898,127,100144,227,99859,227,100192,100,99846,100,100228,100,99827,100,100352,100,99818,100,100399,100,99785,100,100417,100,99695,100,100421,100,99555,100,100445,100,99359,100
2019-06-28 09:49:10.000000000,100108,484,100069,484,100131,100,99859,100,100144,100,99846,100,100192,100,99827,100,100228,100,99818,100,100352,100,99785,100,100399,100,99695,100,100417,100,99555,100,100421,100,99359,100,100445,100,,
2019-06-28 09:49:20.000000000,100108,177,100069,177,100131,177,99859,177,100144,177,99846,177,100192,177,99827,177,100228,177,99818,177,100352,100,99785,100,100399,100,99695,100,100417,100,99555,100,100421,100,99359,100,100445,100,,
2019-06-28 09:49:30.000000000,100108,196,100069,196,100131,196,99859,196,100144,196,99846,196,100192,196,99827,196,100228,100,99818,100,100352,100,99785,100,100399,100,99695,100,100417,100,99555,100,100421,100,99359,100,100445,100,,
2019-06-28 09:49:40.000000000,100108,177,100069,177,100131,177,99859,177,100144,177,99846,177,100192,177,99827,177,100228,177,99818,177,100352,100,99785,100,100399,100,99695,100,100417,100,99555,100,100421,100,99359,100,100445,100,,
2019-06-28 09:49:46.071954344,100105,100,100069,177,100108,177,99859,177,100131,177,99846,177,100144,177,99827,177,100192,177,99818,177,100228,177,99785,100,100352,100,99695,100,100399,100,99555,100,100417,100,99359,100,100421,100,,
2019-06-28 09:49:50.000000000,100105,177,100069,177,100108,177,99859,177,100131,177,99846,177,100144,177,99827,177,100192,177,99818,177,100228,100,99785,100,100352,100,99695,100,100399,100,99555,100,100417,100,99359,100,100421,100,,
2019-06-28 09:49:53.278191747,100105,77,100069,177,100108,177,99859,177,100131,177,99846,177,100144,177,99827,177,100192,177,99818,177,100228,100,99785,100,100352,100,99695,100,100399,100,99555,100,100417,100,99359,100,100421,100,,
2019-06-28 09:50:00.000000000,100108,231,100069,231,100131,227,99859,227,100144,227,99846,227,100192,100,99827,100,100228,100,99818,100,100352,100,99785,100,100399,100,99695,100,100417,100,99555,100,100421,100,99359,100,100445,100,,
2019-06-28 09:50:03.689457781,100108,231,100069,231,100131,227,100009,100,100144,227,99859,227,100192,100,99846,227,100228,100,99827,100,100352,100,99818,100,100399,100,99785,100,100417,100,99695,100,100421,100,99555,100,100445,100,99359,100
2019-06-28 09:50:10.000000000,100108,196,100069,196,100131,196,100009,196,100144,196,99859,196,100192,196,99846,196,100228,100,99827,100,100352,100,99818,100,100399,100,99785,100,100417,100,99695,100,100421,100,99555,100,100445,100,99359,100
2019-06-28 09:50:20.000000000,100108,177,100069,177,100131,177,100009,177,100144,177,99859,177,100192,177,99846,177,100228,177,99827,177,100352,100,99818,100,100399,100,99785,100,100417,100,99695,100,100421,100,99555,100,100445,100,99359,100
2019-06-28 09:50:30.000000000,100108,231,100069,231,100131,227,100009,227,100144,227,99859,227,100192,100,99846,100,100228,100,99827,100,100352,100,99818,100,100399,100,99785,100,100417,100,99695,100,100421,100,99555,100,100445,100,99359,100
2019-06-28 09:50:40.000000000,100108,177,100069,177,100131,177,100009,177,100144,177,99859,177,100192,177,99846,177,100228,177,99827,177,100352,100,99818,100,100399,100,99785,100,100417,100,99695,100,100421,100,99555,100,100445,100,99359,100
2019-06-28 09:50:50.000000000,100108,196,100069,196,100131,196,100009,196,100144,196,99859,196,100192,196,99846,196,100228,100,99827,100,100352,100,99818,100,100399,100,99785,100,100417,100,99695,100,100421,100,99555,100,100445,100,99359,100
2019-06-28 09:50:56.619201454,100108,96,100069,196,100131,196,100009,196,100144,196,99859,196,100192,196,99846,196,100228,100,99827,100,100352,100,99818,100,100399,100,99785,100,100417,100,99695,100,100421,100,99555,100,100445,100,99359,100
2019-06-28 09:51:00.000000000,100131,484,100069,484,100144,100,100009,100,100192,100,99859,100,100228,100,99846,100,100352,100,99827,100,100399,100,99818,100,100417,100,99785,100,100421,100,99695,100,100445,100,99555,100,100450,100,99359,100
2019-06-28 09:51:10.000000000,100131,231,100069,231,100144,227,100009,227,100192,227,99859,227,100228,100,99846,100,100352,100,99827,100,100399,100,99818,100,100417,100,99785,100,100421,100,99695,100,100445,100,99555,100,100450,100,99359,100
2019-06-28 09:51:16.190953985,100131,231,100069,231,100144,127,100009,227,100192,227,99859,227,100228,100,99846,100,100352,100,99827,100,100399,100,99818,100,100417,100,99785,100,100421,100,99695,100,100445,100,99555,100,100450,100,99359,100
2019-06-28 09:51:18.543118021,100131,131,100069,231,100144,127,100009,227,100192,227,99859,227,100228,100,99846,100,100352,100,99827,100,100399,100,99818,100,100417,100,99695,100,100421,100,99555,100,100445,100,99359,100,100450,100,,
2019-06-28 09:51:20.000000000,100192,292,100069,292,100228,292,100009,292,100352,100,99859,100,100399,100,99846,100,100417,100,99827,100,100421,100,99818,100,100445,100,99695,100,100450,100,99555,100,100494,100,99359,100,100552,100,,
2019-06-28 09:51:30.000000000,100192,231,100069,231,100228,227,100009,227,100352,227,99859,227,100399,100,99846,100,100417,100,99827,100,100421,100,99818,100,100445,100,99695,100,100450,100,99555,100,100494,100,99359,100,100552,100,,
2019-06-28 09:51:40.000000000,100192,292,100069,292,100228,292,100009,292,100352,100,99859,100,100399,100,99846,100,100417,100,99827,100,100421,100,99818,100,100445,100,99695,100,100450,100,99555,100,100494,100,99359,100,100552,100,,
2019-06-28 09:51:45.839066136,100192,192,100069,292,100228,292,100009,292,100352,100,99859,100,100417,100,99846,100,100421,100,99827,100,100445,100,99818,100,100450,100,99695,100,100494,100,99555,100,100552,100,99359,100,100561,100,,
2019-06-28 09:51:47.799722025,100192,92,100069,292,100228,292,100009,292,100352,100,99859,100,100417,100,99846,100,100421,100,99827,100,100445,100,99818,100,100450,100,99695,100,100494,100,99555,100,100552,100,99359,100,100561,100,,
2019-06-28 09:51:50.000000000,100228,177,100069,177,100352,177,100009,177,100417,177,99859,177,100421,177,99846,177,100445,177,99827,177,100450,100,99818,100,100494,100,99695,100,100552,100,99555,100,100561,100,99359,100,100623,100,,
2019-06-28 09:52:00.000000000,100228,231,100069,231,100352,227,100009,227,100417,227,99859,227,100421,100,99846,100,100445,100,99827,100,100450,100,99818,100,100494,100,99695,100,100552,100,99555,100,100561,100,99359,100,100623,100,,
2019-06-28 09:52:10.000000000,100228,231,100069,231,100352,227,100009,227,100417,227,99859,227,100421,100,99846,100,100445,100,99827,100,100450,100,99818,100,100494,100,99695,100,100552,100,99555,100,100561,100,99359,100,100623,100,,
2019-06-28 09:52:11.055100795,100228,231,100069,231,100352,227,100009,227,100417,227,99859,227,100421,100,99846,100,100445,100,99827,100,100450,100,99818,100,100494,100,99695,100,100552,100,99555,100,100561,100,99359,100,100623,100,,
2019-06-28 09:52:20.000000000,100228,484,100069,484,100352,100,100009,100,100417,100,99859,100,100421,100,99846,100,100445,100,99827,100,100450,100,99818,100,100494,100,99695,100,100552,100,99555,100,100561,100,99359,100,100623,100,,
2019-06-28 09:52:30.000000000,100228,484,100069,484,100352,100,100009,100,100417,100,99859,100,100421,100,99846,100,100445,100,99827,100,100450,100,99818,100,100494,100,99695,100,100552,100,99555,100,100561,100,99359,100,100623,100,,
2019-06-28 09:52:38.040792455,100228,484,100069,484,100352,100,100009,100,100417,100,99859,100,100421,100,99827,100,100445,100,99818,100,100450,100,99695,100,100494,100,99555,100,100552,100,99359,100,100561,100,,,100623,100,,
2019-06-28 09:52:40.000000000,100228,231,100069,231,100352,227,100009,227,100417,227,99859,227,100421,100,99827,100,100445,100,99818,100,100450,100,99695,100,100494,100,99555,100,100552,100,99359,100,100561,100,,,100623,100,,
2019-06-28 09:52:43.924739133,100228,131,100069,231,100352,227,100009,227,100417,227,99859,227,100421,100,99827,100,100445,100,99818,100,100450,100,99695,100,100494,100,99555,100,100552,100,99359,100,100623,100,,,100638,100,,
2019-06-28 09:52:50.000000000,100352,177,100069,177,100417,177,100009,177,100421,177,99859,177,100445,177,99827,177,100450,177,99818,177,100494,100,99695,100,100552,100,99555,100,100623,100,99359,100,100638,100,,,100816,100,,
2019-06-28 09:53:00.000000000,100352,231,100069,231,100417,227,100009,227,100421,227,99859,227,100445,100,99827,100,100450,100,99818,100,100494,100,99695,100,100552,100,99555,100,100623,100,99359,100,100638,100,,,100816,100,,
2019-06-28 09:53:04.832492816,100352,231,100069,231,100417,227,100009,227,100421,227,99859,227,100445,100,99827,100,100450,100,99818,100,100494,100,99695,100,100552,100,99555,100,100623,100,99359,100,100638,100,,,100816,100,,
2019-06-28 09:53:06.231640670,100352,231,100069,231,100417,227,100009,227,100421,227,99859,227,100445,100,99827,100,100450,100,99818,100,100494,100,99695,100,100552,100,99555,100,100623,100,99359,100,100638,100,,,100816,100,,
2019-06-28 09:53:10.000000000,100352,231,100069,231,100417,227,100009,227,100421,227,99859,227,100445,100,99827,100,100450,100,99818,100,100494,100,99695,100,100552,100,99555,100,100623,100,99359,100,100638,100,,,100816,100,,
2019-06-28 09:53:20.000000000,100352,196,100069,196,100417,196,100009,196,100421,196,99859,196,100445,196,99827,196,100450,100,99818,100,100494,100,99695,100,100552,100,99555,100,100623,100,99359,100,100638,100,,,100816,100,,
2019-06-28 09:53:28.458431024,100352,196,100069,196,100417,196,100009,196,100421,196,99859,196,100445,196,99827,196,100494,100,99818,100,100552,100,99695,100,100623,100,99555,100,100638,100,99359,100,100816,100,,,101027,100,,
2019-06-28 09:53:30.000000000,100352,292,100069,292,100417,292,100009,292,100421,100,99859,100,100445,100,99827,100,100494,100,99818,100,100552,100,99695,100,100623,100,99555,100,100638,100,99359,100,100816,100,,,101027,100,,
2019-06-28 09:53:39.739563581,100352,192,100069,292,100417,292,100009,292,100421,100,99859,100,100445,100,99827,100,100494,100,99818,100,100552,100,99695,100,100623,100,99555,100,100638,100,99359,100,100816,100,,,101027,100,,
2019-06-28 09:53:40.000000000,100417,484,100069,484,100421,100,100009,100,100445,100,99859,100,100494,100,99827,100,100552,100,99818,100,100623,100,99695,100,100638,100,99555,100,100816,100,99359,100,101027,100,,,101140,100,,
2019-06-28 09:53:43.789120982,100417,484,100069,484,100421,100,100009,100,100445,100,99859,100,100494,100,99827,100,100552,100,99818,100,100623,100,99695,100,100638,100,99555,100,100816,100,99359,100,101027,100,,,101140,100,,
2019-06-28 09:53:50.000000000,100417,177,100069,177,100421,177,100009,177,100445,177,99859,177,100494,177,99827,177,100552,177,99818,177,100623,100,99695,100,100638,100,99555,100,100816,100,99359,100,101027,100,,,101140,100,,
2019-06-28 09:53:57.646608831,100417,177,100069,177,100421,177,100009,177,100445,177,99859,177,100494,177,99827,177,100552,177,99818,177,100623,100,99695,100,100638,100,99555,100,100816,100,99359,100,101027,100,,,101050,100,,
2019-06-28 09:53:57.720252399,100417,177,100069,177,100421,177,100009,177,100445,177,99859,177,100494,177,99827,177,100552,177,99818,177,100623,100,99695,100,100638,100,99555,100,100816,100,99359,100,101027,100,,,101050,100,,
2019-06-28 09:54:00.000000000,100417,292,100069,292,100421,292,100009,292,100445,100,99859,100,100494,100,99827,100,100552,100,99818,100,100623,100,99695,100,100638,100,99555,100,100816,100,99359,100,101027,100,,,101050,100,,
2019-06-28 09:54:10.000000000,100417,484,100069,484,100421,100,100009,100,100445,100,99859,100,100494,100,99827,100,100552,100,99818,100,100623,100,99695,100,100638,100,99555,100,100816,100,99359,100,101027,100,,,101050,100,,
2019-06-28 09:54:20.000000000,100417,196,100069,196,100421,196,100009,196,100445,196,99859,196,100494,196,99827,196,100552,100,99818,100,100623,100,99695,100,100638,100,99555,100,100816,100,99359,100,101027,100,,,101050,100,,
2019-06-28 09:54:30.000000000,100417,196,100069,196,100421,196,100009,196,100445,196,99859,196,100494,196,99827,196,100552,100,99818,100,100623,100,99695,100,100638,100,99555,100,100816,100,99359,100,101027,100,,,101050,100,,
2019-06-28 09:54:40.000000000,100417,196,100069,196,100421,196,100009,196,100445,196,99859,196,100494,196,99827,196,100552,100,99818,100,100623,100,99695,100,100638,100,99555,100,100816,100,99359,100,101027,100,,,101050,100,,
2019-06-28 09:54:50.000000000,100417,292,100069,292,100421,292,100009,292,100445,100,99859,100,100494,100,99827,100,100552,100,99818,100,100623,100,99695,100,100638,100,99555,100,100816,100,99359,100,101027,100,,,101050,100,,
2019-06-28 09:55:00.000000000,100417,177,100069,177,100421,177,100009,177,100445,177,99859,177,100494,177,99827,177,100552,177,99818,177,100623,100,99695,100,100638,100,99555,100,100816,100,99359,100,101027,100,,,101050,100,,
2019-06-28 09:55:10.000000000,100417,484,100069,484,100421,100,100009,100,100445,100,99859,100,100494,100,99827,100,100552,100,99818,100,100623,100,99695,100,100638,100,99555,100,100816,100,99359,100,101027,100,,,101050,100,,
2019-06-28 09:55:17.183437374,100417,484,100228,100,100421,100,100069,484,100445,100,100009,100,100494,100,99859,100,100552,100,99827,100,100623,100,99818,100,100638,100,99695,100,100816,100,99555,100,101027,100,99359,100,101050,100,,
2019-06-28 09:55:20.000000000,100417,292,100228,292,100421,292,100069,292,100445,100,100009,100,100494,100,99859,100,100552,100,99827,100,100623,100,99818,100,100638,100,99695,100,100816,100,99555,100,101027,100,99359,100,101050,100,,
2019-06-28 09:55:28.201797724,100417,292,100228,292,100421,292,100069,292,100445,100,100009,100,100494,100,99859,100,100552,100,99827,100,100623,100,99818,100,100638,100,99695,100,100816,100,99555,100,101027,100,99359,100,101050,100,,
2019-06-28 09:55:30.000000000,100417,231,100228,231,100421,227,100069,227,100445,227,100009,227,100494,100,99859,100,100552,100,99827,100,100623,100,99818,100,100638,100,99695,100,100816,100,99555,100,101027,100,99359,100,101050,100,,
2019-06-28 09:55:40.000000000,100417,177,100228,177,100421,177,100069,177,100445,177,100009,177,100494,177,99859,177,100552,177,99827,177,100623,100,99818,100,100638,100,99695,100,100816,100,99555,100,101027,100,99359,100,101050,100,,
2019-06-28 09:55:50.000000000,100417,292,100228,292,100421,292,100069,292,100445,100,100009,100,100494,100,99859,100,100552,100,99827,100,100623,100,99818,100,100638,100,99695,100,100816,100,99555,100,101027,100,99359,100,101050,100,,
2019-06-28 09:56:00.000000000,100417,292,100228,292,100421,292,100069,292,100445,100,100009,100,100494,100,99859,100,100552,100,99827,100,100623,100,99818,100,100638,100,99695,100,100816,100,99555,100,101027,100,99359,100,101050,100,,
2019-06-28 09:56:09.615008934,100417,292,100228,292,100421,292,100069,292,100445,100,100009,100,100494,100,99859,100,100552,100,99827,100,100623,100,99818,100,100638,100,99695,100,100816,100,99555,100,101027,100,99359,100,101050,100,,
2019-06-28 09:56:10.000000000,100417,231,100228,231,100421,227,100069,227,100445,227,100009,227,100494,100,99859,100,100552,100,99827,100,100623,100,99818,100,100638,100,99695,100,100816,100,99555,100,101027,100,99359,100,101050,100,,
2019-06-28 09:56:19.501603986,100417,131,100228,231,100421,227,100069,227,100445,127,100009,227,100494,100,99859,100,100552,100,99827,100,100623,100,99818,100,100638,100,99695,100,100816,100,99555,100,101027,100,99359,100,101050,100,,
2019-06-28 09:56:20.000000000,100421,231,100228,231,100494,227,100069,227,100552,227,100009,227,100623,100,99859,100,100638,100,99827,100,100816,100,99818,100,101027,100,99695,100,101050,100,99555,100,101140,100,99359,100,101182,100,,
2019-06-28 09:56:30.000000000,100421,196,100228,196,100494,196,100069,196,100552,196,100009,196,100623,196,99859,196,100638,100,99827,100,100816,100,99818,100,101027,100,99695,100,101050,100,99555,100,101140,100,99359,100,101182,100,,
2019-06-28 09:56:31.007722375,100421,96,100228,196,100494,196,100069,196,100552,196,100009,196,100623,196,99859,196,100638,100,99827,100,100816,100,99818,100,101027,100,99695,100,101050,100,99555,100,101140,100,99359,100,101182,100,,
2019-06-28 09:56:40.000000000,100494,231,100228,231,100552,227,100069,227,100623,227,100009,227,100638,100,99859,100,100816,100,99827,100,101027,100,99818,100,101050,100,99695,100,101140,100,99555,100,101182,100,99359,100,101256,100,,
2019-06-28 09:56:50.000000000,100494,484,100228,484,100552,100,100069,100,100623,100,100009,100,100638,100,99859,100,100816,100,99827,100,101027,100,99818,100,101050,100,99695,100,101140,100,99555,100,101182,100,99359,100,101256,100,,
2019-06-28 09:57:00.000000000,100494,292,100228,292,100552,292,100069,292,100623,100,100009,100,100638,100,99859,100,100816,100,99827,100,101027,100,99818,100,101050,100,99695,100,101140,100,99555,100,101182,100,99359,100,101256,100,,
2019-06-28 09:57:10.000000000,100494,196,100228,196,100552,196,100069,196,100623,196,100009,196,100638,196,99859,196,100816,100,99827,100,101027,100,99818,100,101050,100,99695,100,101140,100,99555,100,101182,100,99359,100,101256,100,,
2019-06-28 09:57:18.669165531,100494,196,100228,196,100552,196,100069,196,100623,196,100009,196,100638,196,99859,196,100816,100,99827,100,101027,100,99818,100,101050,100,99695,100,101140,100,99555,100,101182,100,99359,100,101256,100,,
2019-06-28 09:57:20.000000000,100494,196,100228,196,100552,196,100069,196,100623,196,100009,196,100638,196,99859,196,100816,100,99827,100,101027,100,99818,100,101050,100,99695,100,101140,100,99555,100,101182,100,99359,100,101256,100,,
2019-06-28 09:57:30.000000000,100494,177,100228,177,100552,177,100069,177,100623,177,100009,177,100638,177,99859,177,100816,177,99827,177,101027,100,99818,100,101050,100,99695,100,101140,100,99555,100,101182,100,99359,100,101256,100,,
2019-06-28 09:57:30.593934568,100494,77,100228,177,100552,177,100069,177,100623,177,100009,177,100638,177,99859,177,100816,177,99827,177,101027,100,99818,100,101050,100,99695,100,101140,100,99555,100,101182,100,99359,100,101256,100,,
2019-06-28 09:57:32.858351064,100494,77,100421,100,100552,177,100228,177,100623,177,100069,77,100638,177,100009,177,100816,177,99859,177,101027,100,99827,177,101050,100,99818,100,101140,100,99695,100,101182,100,99555,100,101256,100,99359,100
2019-06-28 09:57:33.682171813,100494,77,100421,200,100552,177,100228,177,100623,177,100069,77,100638,177,100009,177,100816,177,99859,177,101027,100,99827,177,101050,100,99818,100,101140,100,99695,100,101182,100,99555,100,101256,100,99359,100
2019-06-28 09:57:36.231756784,100552,177,100494,23,100623,177,100421,200,100638,177,100228,177,100816,177,100069,77,101027,100,100009,177,101050,100,99859,177,101140,100,99827,177,101182,100,99818,100,101256,100,99695,100,101408,100,99555,100
2019-06-28 09:57:38.861910402,100623,177,100552,23,100638,177,100494,23,100816,177,100421,200,101027,100,100228,177,101050,100,100069,77,101140,100,100009,177,101182,100,99859,177,101256,100,99827,177,101408,100,99818,100,101843,100,99695,100
2019-06-28 09:57:40.000000000,100623,231,100552,154,100638,227,100494,150,100816,227,100421,327,101027,100,100228,100,101050,100,100009,100,101140,100,99859,100,101182,100,99827,100,101256,100,99818,100,101408,100,99695,100,101843,100,99555,100
2019-06-28 09:57:50.000000000,100623,292,100552,215,100638,292,100494,215,100816,100,100421,200,101027,100,100228,100,101050,100,100009,100,101140,100,99859,100,101182,100,99827,100,101256,100,99818,100,101408,100,99695,100,101843,100,99555,100
2019-06-28 09:58:00.000000000,100623,231,100552,154,100638,227,100494,150,100816,227,100421,327,101027,100,100228,100,101050,100,100009,100,101140,100,99859,100,101182,100,99827,100,101256,100,99818,100,101408,100,99695,100,101843,100,99555,100
2019-06-28 09:58:05.195760461,100623,231,100552,154,100638,227,100494,150,100816,227,100421,327,101027,100,100228,100,101050,100,100009,100,101140,100,99859,100,101182,100,99827,100,101256,100,99818,100,101408,100,99695,100,101599,100,99555,100
2019-06-28 09:58:07.700963428,100623,131,100552,154,100638,227,100494,150,100816,227,100421,327,101027,100,100228,100,101050,100,100009,100,101140,100,99859,100,101182,100,99827,100,101256,100,99818,100,101408,100,99695,100,101599,100,99555,100
2019-06-28 09:58:10.000000000,100638,231,100552,154,100816,227,100494,150,101027,227,100421,327,101050,100,100228,100,101140,100,100009,100,101182,100,99859,100,101256,100,99827,100,101408,100,99818,100,101599,100,99695,100,101843,100,99555,100
2019-06-28 09:58:20.000000000,100638,196,100552,119,100816,196,100494,119,101027,196,100421,296,101050,196,100228,196,101140,100,100009,100,101182,100,99859,100,101256,100,99827,100,101408,100,99818,100,101599,100,99695,100,101843,100,99555,100
2019-06-28 09:58:27.714799865,100638,196,100552,119,100816,196,100494,119,101027,196,100421,296,101050,196,100228,196,101140,100,100009,100,101182,100,99827,100,101256,100,99818,100,101408,100,99695,100,101599,100,99555,100,101843,100,,
2019-06-28 09:58:30.000000000,100638,196,100552,119,100816,196,100494,119,101027,196,100421,296,101050,196,100228,196,101140,100,100009,100,101182,100,99827,100,101256,100,99818,100,101408,100,99695,100,101599,100,99555,100,101843,100,,
2019-06-28 09:58:40.000000000,100638,292,100552,215,100816,292,100494,215,101027,100,100421,200,101050,100,100228,100,101140,100,100009,100,101182,100,99827,100,101256,100,99818,100,101408,100,99695,100,101599,100,99555,100,101843,100,,
2019-06-28 09:58:42.844328952,100638,292,100552,215,100816,192,100494,215,101027,100,100421,200,101050,100,100228,100,101140,100,100009,100,101182,100,99827,100,101256,100,99818,100,101408,100,99695,100,101599,100,99555,100,101843,100,,
2019-06-28 09:58:50.000000000,100638,177,100552,100,101027,177,100494,100,101050,177,100421,277,101140,177,100228,177,101182,177,100009,177,101256,100,99827,100,101408,100,99818,100,101599,100,99695,100,101843,100,99555,100,101903,100,,
2019-06-28 09:59:00.000000000,100638,231,100552,154,101027,227,100494,150,101050,227,100421,327,101140,100,100228,100,101182,100,100009,100,101256,100,99827,100,101408,100,99818,100,101599,100,99695,100,101843,100,99555,100,101903,100,,
2019-06-28 09:59:00.340101735,100638,231,100552,154,101027,227,100494,150,101050,227,100421,327,101140,100,100228,100,101182,100,100009,100,101256,100,99827,100,101408,100,99818,100,101599,100,99695,100,101843,100,99555,100,101848,100,,
2019-06-28 09:59:09.809267893,100638,231,100553,100,101027,227,100552,154,101050,227,100494,150,101140,100,100421,327,101182,100,100228,100,101256,100,100009,100,101408,100,99827,100,101599,100,99818,100,101843,100,99695,100,101848,100,99555,100
2019-06-28 09:59:10.000000000,100638,484,100553,484,101027,100,100552,23,101050,100,100494,23,101140,100,100421,200,101182,100,100228,100,101256,100,100009,100,101408,100,99827,100,101599,100,99818,100,101843,100,99695,100,101848,100,99555,100
2019-06-28 09:59:18.544707489,100638,484,100553,484,101027,100,100552,23,101050,100,100494,23,101140,100,100421,200,101182,100,100228,100,101256,100,100009,100,101408,100,99827,100,101599,100,99818,100,101843,100,99695,100,101848,100,99555,100
2019-06-28 09:59:20.000000000,100638,177,100553,177,101027,177,100552,100,101050,177,100494,100,101140,177,100421,277,101182,177,100228,177,101256,100,100009,100,101408,100,99827,100,101599,100,99818,100,101843,100,99695,100,101848,100,99555,100
2019-06-28 09:59:30.000000000,100638,177,100553,177,101027,177,100552,100,101050,177,100494,100,101140,177,100421,277,101182,177,100228,177,101256,100,100009,100,101408,100,99827,100,101599,100,99818,100,101843,100,99695,100,101848,100,99555,100
2019-06-28 09:59:32.280866066,100638,177,100553,277,101027,177,100552,100,101050,177,100494,100,101140,177,100421,277,101182,177,100228,177,101256,100,100009,100,101408,100,99827,100,101599,100,99818,100,101843,100,99695,100,101848,100,99555,100
2019-06-28 09:59:40.000000000,100638,484,100553,584,101027,100,100552,23,101050,100,100494,23,101140,100,100421,200,101182,100,100228,100,101256,100,100009,100,101408,100,99827,100,101599,100,99818,100,101843,100,99695,100,101848,100,99555,100
2019-06-28 09:59:45.727797911,100638,484,100553,684,101027,100,100552,23,101050,100,100494,23,101140,100,100421,200,101182,100,100228,100,101256,100,100009,100,101408,100,99827,100,101599,100,99818,100,101843,100,99695,100,101848,100,99555,100
2019-06-28 09:59:48.649279157,100638,384,100553,684,101027,100,100552,23,101050,100,100494,23,101140,100,100421,200,101182,100,100228,100,101256,100,100009,100,101408,100,99827,100,101599,100,99818,100,101843,100,99695,100,101848,100,99555,100
2019-06-28 09:59:49.991071281,100638,284,100553,684,101027,100,100552,23,101050,100,100494,23,101140,100,100421,200,101182,100,100228,100,101256,100,100009,100,101408,100,99827,100,101599,100,99818,100,101843,100,99695,100,101848,100,99555,100
2019-06-28 09:59:50.000000000,101027,196,100553,396,101050,196,100552,119,101140,196,100494,119,101182,196,100421,296,101256,100,100228,100,101408,100,100009,100,101599,100,99827,100,101843,100,99818,100,101848,100,99695,100,101903,100,99555,100
2019-06-28 10:00:00.000000000,101027,484,100553,684,101050,100,100552,23,101140,100,100494,23,101182,100,100421,200,101256,100,100228,100,101408,100,100009,100,101599,100,99827,100,101843,100,99818,100,101848,100,99695,100,101903,100,99555,100
2019-06-28 10:00:09.878896246,101027,484,100553,684,101050,100,100552,23,101140,100,100494,23,101182,100,100421,200,101256,100,100228,100,101408,100,100009,100,101522,100,99827,100,101599,100,99818,100,101843,100,99695,100,101848,100,99555,100
2019-06-28 10:00:10.000000000,101027,292,100553,492,101050,292,100552,215,101140,100,100494,23,101182,100,100421,200,101256,100,100228,100,101408,100,100009,100,101522,100,99827,100,101599,100,99818,100,101843,100,99695,100,101848,100,99555,100
2019-06-28 10:00:16.725446855,101027,192,100553,492,101050,292,100552,215,101140,100,100494,23,101182,100,100421,200,101256,100,100228,100,101408,100,100009,100,101522,100,99827,100,101599,100,99818,100,101843,100,99695,100,101848,100,99555,100
2019-06-28 10:00:18.420816311,101027,192,100638,100,101050,292,100553,392,101140,100,100552,215,101182,100,100494,23,101256,100,100421,200,101408,100,100228,100,101522,100,100009,100,101599,100,99827,100,101843,100,99818,100,101848,100,99695,100
2019-06-28 10:00:20.000000000,101050,231,100638,231,101140,227,100553,327,101182,227,100552,150,101256,100,100494,23,101408,100,100421,200,101522,100,100228,100,101599,100,100009,100,101843,100,99827,100,101848,100,99818,100,101903,100,99695,100
2019-06-28 10:00:21.471946629,101050,131,100638,231,101140,227,100553,327,101182,227,100552,150,101256,100,100494,23,101408,100,100421,200,101522,100,100228,100,101599,100,100009,100,101843,100,99827,100,101848,100,99818,100,101903,100,99695,100
2019-06-28 10:00:30.000000000,101140,177,100638,177,101182,177,100553,277,101256,177,100552,100,101408,177,100494,100,101522,177,100421,277,101599,100,100228,100,101843,100,100009,100,101848,100,99827,100,101903,100,99818,100,102000,100,99695,100
2019-06-28 10:00:32.912769459,101140,177,100638,177,101182,177,100553,277,101256,177,100552,100,101400,100,100494,100,101408,177,100421,277,101522,177,100228,100,101599,100,100009,100,101843,100,99827,100,101848,100,99818,100,101903,100,99695,100
2019-06-28 10:00:40.000000000,101140,231,100638,231,101182,227,100553,327,101256,227,100552,150,101400,100,100494,23,101408,100,100421,200,101522,100,100228,100,101599,100,100009,100,101843,100,99827,100,101848,100,99818,100,101903,100,99695,100
2019-06-28 10:00:47.389519791,101140,231,100638,231,101182,227,100553,327,101256,227,100552,150,101400,100,100494,23,101408,100,100421,200,101413,100,100228,100,101599,100,100009,100,101843,100,99827,100,101848,100,99818,100,101903,100,99695,100
2019-06-28 10:00:50.000000000,101140,196,100638,196,101182,196,100553,296,101256,196,100552,119,101400,196,100494,119,101408,100,100421,200,101413,100,100228,100,101599,100,100009,100,101843,100,99827,100,101848,100,99818,100,101903,100,99695,100
2019-06-28 10:01:00.000000000,101140,177,100638,177,101182,177,100553,277,101256,177,100552,100,101400,177,100494,100,101408,177,100421,277,101413,100,100228,100,101599,100,100009,100,101843,100,99827,100,101848,100,99818,100,101903,100,99695,100
2019-06-28 10:01:10.000000000,101140,292,100638,292,101182,292,100553,392,101256,100,100552,23,101400,100,100494,23,101408,100,100421,200,101413,100,100228,100,101599,100,100009,100,101843,100,99827,100,101848,100,99818,100,101903,100,99695,100
2019-06-28 10:01:11.210923734,101140,192,100638,292,101182,292,100553,392,101256,100,100552,23,101400,100,100494,23,101408,100,100421,200,101413,100,100228,100,101599,100,100009,100,101843,100,99827,100,101848,100,99818,100,101903,100,99695,100
2019-06-28 10:01:11.910040218,101140,192,100638,292,101182,292,100553,392,101256,100,100552,23,101400,100,100494,23,101408,100,100421,200,101413,100,100009,100,101599,100,99827,100,101843,100,99818,100,101848,100,99695,100,101903,100,99555,100
2019-06-28 10:01:20.000000000,101182,196,100638,196,101256,196,100553,296,101400,196,100552,119,101408,196,100494,119,101413,100,100421,200,101599,100,100009,100,101843,100,99827,100,101848,100,99818,100,101903,100,99695,100,102000,100,99555,100
2019-06-28 10:01:30.000000000,101182,292,100638,292,101256,292,100553,392,101400,100,100552,23,101408,100,100494,23,101413,100,100421,200,101599,100,100009,100,101843,100,99827,100,101848,100,99818,100,101903,100,99695,100,102000,100,99555,100
2019-06-28 10:01:40.000000000,101182,177,100638,177,101256,177,100553,277,101400,177,100552,100,101408,177,100494,100,101413,177,100421,277,101599,100,100009,100,101843,100,99827,100,101848,100,99818,100,101903,100,99695,100,102000,100,99555,100
2019-06-28 10:01:50.000000000,101182,292,100638,292,101256,292,100553,392,101400,100,100552,23,101408,100,100494,23,101413,100,100421,200,101599,100,100009,100,101843,100,99827,100,101848,100,99818,100,101903,100,99695,100,102000,100,99555,100
2019-06-28 10:01:58.225867553,101182,292,101050,100,101256,292,100638,292,101400,100,100553,392,101408,100,100552,23,101413,100,100494,23,101599,100,100421,200,101843,100,100009,100,101848,100,99827,100,101903,100,99818,100,102000,100,99695,100
2019-06-28 10:02:00.000000000,101182,231,101050,231,101256,227,100638,227,101400,227,100553,327,101408,100,100552,23,101413,100,100494,23,101599,100,100421,200,101843,100,100009,100,101848,100,99827,100,101903,100,99818,100,102000,100,99695,100
2019-06-28 10:02:10.000000000,101182,231,101050,231,101256,227,100638,227,101400,227,100553,327,101408,100,100552,23,101413,100,100494,23,101599,100,100421,200,101843,100,100009,100,101848,100,99827,100,101903,100,99818,100,102000,100,99695,100
2019-06-28 10:02:16.178159942,101162,100,101050,231,101182,231,100638,227,101256,227,100553,327,101400,227,100552,23,101408,100,100494,23,101413,100,100421,200,101599,100,100009,100,101843,100,99827,100,101848,100,99818,100,101903,100,99695,100
2019-06-28 10:02:20.000000000,101162,484,101050,484,101182,100,100638,100,101256,100,100553,200,101400,100,100552,23,101408,100,100494,23,101413,100,100421,200,101599,100,100009,100,101843,100,99827,100,101848,100,99818,100,101903,100,99695,100
2019-06-28 10:02:27.879273822,101162,484,101050,384,101182,100,100638,100,101256,100,100553,200,101400,100,100552,23,101408,100,100494,23,101413,100,100421,200,101599,100,100009,100,101843,100,99827,100,101848,100,99818,100,101903,100,99695,100
2019-06-28 10:02:30.000000000,101162,177,100638,177,101182,177,100553,277,101256,177,100552,100,101400,177,100494,100,101408,177,100421,277,101413,100,100009,100,101599,100,99827,100,101843,100,99818,100,101848,100,99695,100,101903,100,99555,100
2019-06-28 10:02:36.335493255,100928,100,100638,177,101162,77,100553,277,101182,177,100552,100,101256,177,100494,100,101400,177,100421,277,101408,177,100009,100,101413,100,99827,100,101599,100,99818,100,101843,100,99695,100,101848,100,99555,100
2019-06-28 10:02:40.000000000,100928,231,100638,231,101182,227,100553,327,101256,227,100552,150,101400,100,100494,23,101408,100,100421,200,101413,100,100009,100,101599,100,99827,100,101843,100,99818,100,101848,100,99695,100,101903,100,99555,100
2019-06-28 10:02:41.129163592,100928,231,100801,100,101182,227,100638,231,101256,227,100553,327,101400,100,100552,150,101408,100,100494,23,101413,100,100421,200,101599,100,100009,100,101843,100,99827,100,101848,100,99818,100,101903,100,99695,100
2019-06-28 10:02:43.605791374,100928,231,100638,231,101182,227,100553,327,101256,227,100552,150,101400,100,100494,23,101408,100,100421,200,101413,100,100009,100,101599,100,99827,100,101843,100,99695,100,101848,100,99555,100,101903,100,,
2019-06-28 10:02:50.000000000,100928,231,100638,231,101182,227,100553,327,101256,227,100552,150,101400,100,100494,23,101408,100,100421,200,101413,100,100009,100,101599,100,99827,100,101843,100,99695,100,101848,100,99555,100,101903,100,,
2019-06-28 10:02:59.905706323,100928,131,100638,231,101182,227,100553,327,101256,227,100552,150,101400,100,100494,23,101408,100,100421,200,101413,100,99827,100,101599,100,99695,100,101843,100,99555,100,101848,100,,,101903,100,,
2019-06-28 10:03:00.000000000,101182,231,100638,231,101256,227,100553,327,101400,227,100552,150,101408,100,100494,23,101413,100,100421,200,101599,100,99827,100,101843,100,99695,100,101848,100,99555,100,101903,100,,,102000,100,,
2019-06-28 10:03:06.557290572,101182,231,100801,100,101256,227,100638,231,101400,227,100553,327,101408,100,100552,150,101413,100,100494,23,101599,100,100421,200,101843,100,99827,100,101848,100,99695,100,101903,100,99555,100,102000,100,,
2019-06-28 10:03:10.000000000,101182,196,100801,196,101256,196,100638,196,101400,196,100553,296,101408,196,100552,119,101413,100,100494,23,101599,100,100421,200,101843,100,99827,100,101848,100,99695,100,101903,100,99555,100,102000,100,,
2019-06-28 10:03:20.000000000,101182,177,100801,177,101256,177,100638,177,101400,177,100553,277,101408,177,100552,100,101413,177,100494,100,101599,100,100421,200,101843,100,99827,100,101848,100,99695,100,101903,100,99555,100,102000,100,,
2019-06-28 10:03:30.000000000,101182,196,100801,196,101256,196,100638,196,101400,196,100553,296,101408,196,100552,119,101413,100,100494,23,101599,100,100421,200,101843,100,99827,100,101848,100,99695,100,101903,100,99555,100,102000,100,,
2019-06-28 10:03:31.386553911,101182,96,100801,196,101256,196,100638,196,101400,196,100553,296,101408,196,100552,119,101413,100,100494,23,101599,100,100421,200,101843,100,99827,100,101848,100,99695,100,101903,100,99555,100,102000,100,,
2019-06-28 10:03:37.272565629,101256,196,101182,4,101400,196,100801,196,101408,196,100638,196,101413,100,100553,296,101599,100,100552,119,101843,100,100494,23,101848,100,100421,200,101903,100,99827,100,102000,100,99695,100,,,99555,100
2019-06-28 10:03:37.760509479,101256,96,101182,4,101400,196,100801,196,101408,196,100638,196,101413,100,100553,296,101599,100,100552,119,101843,100,100421,200,101848,100,99827,100,101903,100,99695,100,102000,100,99555,100,,,,
2019-06-28 10:03:40.000000000,101400,292,101182,196,101408,292,100801,292,101413,100,100638,100,101599,100,100553,200,101843,100,100552,23,101848,100,100421,200,101903,100,99827,100,102000,100,99695,100,,,99555,100,,,,
2019-06-28 10:03:49.367317943,101400,292,101182,296,101408,292,100801,292,101413,100,100638,100,101599,100,100553,200,101843,100,100552,23,101848,100,100421,200,101903,100,99827,100,102000,100,99695,100,,,99555,100,,,,
2019-06-28 10:03:50.000000000,101400,231,101182,235,101408,227,100801,227,101413,227,100638,227,101599,100,100553,200,101843,100,100552,23,101848,100,100421,200,101903,100,99827,100,102000,100,99695,100,,,99555,100,,,,
2019-06-28 10:03:52.064598316,101400,231,101182,235,101408,227,100801,227,101413,227,100638,227,101599,100,100553,200,101843,100,100552,23,101848,100,100421,200,101903,100,99827,100,102000,100,99695,100,102126,100,99555,100,,,,
2019-06-28 10:03:55.408956903,101400,231,101182,335,101408,227,100801,227,101413,227,100638,227,101599,100,100553,200,101843,100,100552,23,101848,100,100421,200,101903,100,99827,100,102000,100,99695,100,102126,100,99555,100,,,,
2019-06-28 10:03:59.516975580,101400,131,101182,335,101408,227,100801,227,101413,227,100638,227,101599,100,100553,200,101843,100,100552,23,101848,100,100421,200,101903,100,99827,100,102000,100,99695,100,102126,100,99555,100,,,,
2019-06-28 10:04:00.000000000,101408,231,101182,335,101413,227,100801,227,101599,227,100638,227,101843,100,100553,200,101848,100,100552,23,101903,100,100421,200,102000,100,99827,100,102126,100,99695,100,,,99555,100,,,,
2019-06-28 10:04:10.000000000,101408,196,101182,300,101413,196,100801,196,101599,196,100638,196,101843,196,100553,296,101848,100,100552,23,101903,100,100421,200,102000,100,99827,100,102126,100,99695,100,,,99555,100,,,,
2019-06-28 10:04:20.000000000,101408,292,101182,396,101413,292,100801,292,101599,100,100638,100,101843,100,100553,200,101848,100,100552,23,101903,100,100421,200,102000,100,99827,100,102126,100,99695,100,,,99555,100,,,,
2019-06-28 10:04:23.254246352,101408,192,101182,396,101413,292,100801,292,101599,100,100638,100,101843,100,100553,200,101848,100,100552,23,101903,100,100421,200,102000,100,99827,100,102126,100,99695,100,,,99555,100,,,,
2019-06-28 10:04:30.000000000,101413,231,101182,335,101599,227,100801,227,101843,227,100638,227,101848,100,100553,200,101903,100,100552,23,102000,100,100421,200,102126,100,99827,100,,,99695,100,,,99555,100,,,,
2019-06-28 10:04:33.709846045,101413,231,101182,335,101599,227,100801,227,101843,227,100638,227,101848,100,100553,200,101903,100,100552,23,101915,100,100421,200,102000,100,99827,100,102126,100,99695,100,,,99555,100,,,,
2019-06-28 10:04:40.000000000,101413,231,101182,335,101599,227,100801,227,101843,227,100638,227,101848,100,100553,200,101903,100,100552,23,101915,100,100421,200,102000,100,99827,100,102126,100,99695,100,,,99555,100,,,,
2019-06-28 10:04:50.000000000,101413,484,101182,588,101599,100,100801,100,101843,100,100638,100,101848,100,100553,200,101903,100,100552,23,101915,100,100421,200,102000,100,99827,100,102126,100,99695,100,,,99555,100,,,,
2019-06-28 10:04:59.398755145,101413,484,101182,588,101599,100,100801,100,101712,100,100638,100,101843,100,100553,200,101848,100,100552,23,101903,100,100421,200,101915,100,99827,100,102000,100,99695,100,102126,100,99555,100,,,,
2019-06-28 10:05:00.000000000,101413,292,101182,396,101599,292,100801,292,101712,100,100638,100,101843,100,100553,200,101848,100,100552,23,101903,100,100421,200,101915,100,99827,100,102000,100,99695,100,102126,100,99555,100,,,,
2019-06-28 10:05:07.979433594,101413,292,101182,396,101599,292,100801,292,101712,100,100638,100,101843,100,100553,100,101848,100,100552,23,101903,100,100421,200,101915,100,99827,100,102000,100,99695,100,102126,100,99555,100,,,,
2019-06-28 10:05:10.000000000,101413,484,101182,588,101599,100,100801,100,101712,100,100638,100,101843,100,100553,100,101848,100,100552,23,101903,100,100421,200,101915,100,99827,100,102000,100,99695,100,102126,100,99555,100,,,,
2019-06-28 10:05:20.000000000,101413,484,101182,588,101599,100,100801,100,101712,100,100638,100,101843,100,100553,100,101848,100,100552,23,101903,100,100421,200,101915,100,99827,100,102000,100,99695,100,102126,100,99555,100,,,,
2019-06-28 10:05:30.000000000,101413,177,101182,281,101599,177,100801,177,101712,177,100638,177,101843,177,100553,177,101848,177,100552,100,101903,100,100421,200,101915,100,99827,100,102000,100,99695,100,102126,100,99555,100,,,,
2019-06-28 10:05:38.235214564,101413,177,101182,281,101599,177,100801,177,101712,177,100638,177,101843,177,100553,177,101848,77,100552,100,101903,100,100421,200,101915,100,99827,100,102000,100,99695,100,102126,100,99555,100,102127,100,,
2019-06-28 10:05:40.000000000,101413,484,101182,588,101599,100,100801,100,101712,100,100638,100,101843,100,100553,100,101903,100,100552,23,101915,100,100421,200,102000,100,99827,100,102126,100,99695,100,102127,100,99555,100,,,,
2019-06-28 10:05:46.504521407,101413,484,101182,588,101599,100,100801,100,101712,100,100638,100,101843,100,100553,100,101903,100,100552,23,101915,100,100421,200,102000,100,99827,100,102010,100,99695,100,102126,100,99555,100,102127,100,,
