,ask_price_1,ask_size_1,bid_price_1,bid_size_1,ask_price_2,ask_size_2,bid_price_2,bid_size_2,ask_price_3,ask_size_3,bid_price_3,bid_size_3,ask_price_4,ask_size_4,bid_price_4,bid_size_4,ask_price_5,ask_size_5,bid_price_5,bid_size_5,ask_price_6,ask_size_6,bid_price_6,bid_size_6,ask_price_7,ask_size_7,bid_price_7,bid_size_7,ask_price_8,ask_size_8,bid_price_8,bid_size_8,ask_price_9,ask_size_9,bid_price_9,bid_size_9,ask_price_10,ask_size_10,bid_price_10,bid_size_10
2019-06-28 09:30:00.000000003,99995,100,99909,100,,,,,,,,,,,,,,,,,,,,,,,,,,,,,,,,,,,,
2019-06-28 09:30:00.000000004,99995,100,99989,100,,,99909,100,,,,,,,,,,,,,,,,,,,,,,,,,,,,,,,,
2019-06-28 09:30:00.000000007,99995,100,99909,100,,,,,,,,,,,,,,,,,,,,,,,,,,,,,,,,,,,,
2019-06-28 09:30:00.000000008,99995,100,99909,100,,,99837,100,,,,,,,,,,,,,,,,,,,,,,,,,,,,,,,,
2019-06-28 09:30:00.000000010,99995,100,99909,100,100073,100,99837,100,,,,,,,,,,,,,,,,,,,,,,,,,,,,,,,,
2019-06-28 09:30:00.000000012,100073,100,99909,100,,,99837,100,,,,,,,,,,,,,,,,,,,,,,,,,,,,,,,,
2019-06-28 09:30:00.000000013,99995,100,99909,100,100073,100,99837,100,100173,100,99833,100,,,,,,,,,,,,,,,,,,,,,,,,,,,,
2019-06-28 09:30:00.000000016,99995,100,99909,100,100073,100,99837,100,100134,100,99833,100,100173,100,,,,,,,,,,,,,,,,,,,,,,,,,,
2019-06-28 09:30:00.000000020,99995,100,99909,100,100073,100,99837,100,100134,100,99833,100,100158,100,,,100173,100,,,,,,,,,,,,,,,,,,,,,,
2019-06-28 09:30:00.000000022,99995,100,99909,100,100033,100,99837,100,100073,100,99833,100,100134,100,,,100158,100,,,100173,100,,,,,,,,,,,,,,,,,,
2019-06-28 09:30:00.000000026,99995,200,99909,100,100031,100,99837,100,100033,100,99833,100,100073,100,,,100134,100,,,100158,100,,,100173,100,,,,,,,,,,,,,,
2019-06-28 09:30:00.000000027,99995,200,99909,100,100031,100,99837,100,100033,100,99833,100,100046,100,,,100073,100,,,100134,100,,,100158,100,,,100173,100,,,,,,,,,,
2019-06-28 09:30:00.000000029,99995,200,99909,100,100031,100,99837,100,100033,100,99833,100,100035,100,,,100046,100,,,100073,100,,,100105,100,,,100134,100,,,100158,100,,,100173,100,,
2019-06-28 09:30:00.000000031,99995,200,99909,100,100031,100,99857,100,100033,100,99837,100,100035,100,99833,100,100046,100,,,100073,100,,,100105,100,,,100134,100,,,100158,100,,,100173,100,,
2019-06-28 09:30:00.000000034,99995,200,99909,100,100031,100,99857,100,100033,100,99837,100,100035,100,99833,100,100046,100,,,100073,100,,,100095,100,,,100105,100,,,100134,100,,,100158,100,,
2019-06-28 09:30:00.000000035,99995,200,99940,100,100031,100,99909,100,100033,100,99857,100,100035,100,99837,100,100046,100,99833,100,100073,100,,,100095,100,,,100105,100,,,100134,100,,,100158,100,,
2019-06-28 09:30:00.000000037,99995,200,99940,100,100031,100,99909,100,100033,100,99857,100,100035,100,99837,100,100046,100,99833,100,100073,100,,,100095,100,,,100100,100,,,100105,100,,,100134,100,,
2019-06-28 09:30:00.000000038,99995,200,99940,100,100031,100,99909,100,100033,100,99857,100,100035,100,99837,100,100046,100,99833,100,100061,100,,,100073,100,,,100095,100,,,100100,100,,,100105,100,,
2019-06-28 09:30:00.000000041,99995,200,99940,100,100008,100,99909,100,100031,100,99857,100,100033,100,99837,100,100035,100,99833,100,100046,100,,,100061,100,,,100073,100,,,100095,100,,,100100,100,,
2019-06-28 09:30:00.000000042,99995,200,99989,100,100008,100,99940,100,100031,100,99909,100,100033,100,99857,100,100035,100,99837,100,100046,100,99833,100,100060,100,,,100061,100,,,100073,100,,,100095,100,,
2019-06-28 09:30:00.000000043,99995,200,99989,100,100008,100,99988,100,100031,100,99940,100,100033,100,99909,100,100035,100,99857,100,100046,100,99837,100,100060,100,99833,100,100061,100,,,100073,100,,,100095,100,,
2019-06-28 09:30:00.000000048,99995,200,99989,100,100008,100,99988,100,100031,100,99956,100,100033,100,99940,100,100035,100,99909,100,100046,100,99857,100,100060,100,99837,100,100061,100,99833,100,100073,100,,,100095,100,,
2019-06-28 09:30:00.000000049,99995,200,99989,200,100008,100,99988,100,100031,100,99956,100,100033,100,99940,100,100035,100,99909,100,100046,100,99857,100,100060,100,99837,100,100061,100,99833,100,100073,100,,,100095,100,,
2019-06-28 09:30:00.000000050,99995,200,99989,300,100008,100,99988,100,100031,100,99956,100,100033,100,99940,100,100035,100,99909,100,100046,100,99857,100,100060,100,99837,100,100061,100,99833,100,100073,100,,,100095,100,,
2019-06-28 09:30:00.000000051,99995,200,99989,300,100008,100,99988,100,100031,100,99956,100,100033,100,99940,100,100035,100,99909,100,100046,100,99857,100,100060,100,99837,100,100061,100,99833,100,100073,100,,,100084,100,,
2019-06-28 09:30:00.000000053,99995,200,99989,300,100008,100,99988,100,100031,100,99956,100,100033,100,99940,200,100035,100,99909,100,100046,100,99892,100,100060,100,99857,100,100061,100,99837,100,100073,100,99833,100,100084,100,,
2019-06-28 09:30:00.000000055,99995,200,99989,200,100008,100,99988,100,100031,100,99956,100,100033,100,99940,200,100035,100,99909,100,100046,100,99892,100,100060,100,99857,100,100061,100,99837,100,100073,100,99833,100,100084,100,,
2019-06-28 09:30:00.000000056,99995,200,99989,100,100008,100,99988,100,100031,100,99956,100,100033,100,99940,200,100035,100,99909,100,100046,100,99892,100,100060,100,99857,100,100061,100,99837,100,100073,100,99833,100,100084,100,,
2019-06-28 09:30:00.000000057,99995,200,99989,100,100008,100,99988,100,100031,100,99956,100,100033,100,99940,200,100035,100,99909,100,100046,100,99892,100,100060,100,99857,100,100061,100,99837,100,100073,100,99833,100,100084,100,,
2019-06-28 09:30:00.000000060,99995,100,99989,100,100008,100,99988,100,100031,100,99956,100,100033,100,99940,200,100035,100,99909,100,100046,100,99892,100,100060,100,99857,100,100061,100,99837,100,100072,100,99833,100,100073,100,,
2019-06-28 09:30:00.000000062,99995,100,99989,100,100008,100,99988,100,100031,100,99956,100,100033,100,99940,200,100035,100,99926,100,100046,100,99909,100,100060,100,99892,100,100061,100,99857,100,100072,100,99837,100,100073,100,99833,100
2019-06-28 09:30:00.000000066,99995,100,99989,100,100008,100,99988,100,100031,100,99956,100,100033,100,99940,200,100035,100,99926,100,100046,100,99909,100,100060,100,99892,100,100061,100,99857,100,100072,100,99837,100,100073,100,99833,100
2019-06-28 09:30:00.000000068,99995,100,99989,100,100008,100,99988,100,100031,100,99956,100,100033,100,99940,200,100035,100,99926,100,100046,100,99909,100,100060,100,99892,100,100061,100,99857,100,100072,100,99837,100,100073,100,99833,100
2019-06-28 09:30:00.000000069,99995,200,99989,100,100008,100,99988,100,100031,100,99956,100,100033,100,99940,200,100035,100,99926,100,100046,100,99909,100,100060,100,99892,100,100061,100,99857,100,100072,100,99837,100,100073,100,99833,100
2019-06-28 09:30:00.000000072,99995,200,99989,100,100008,100,99988,100,100031,100,99956,100,100033,100,99940,200,100035,100,99926,100,100046,100,99909,100,100060,100,99892,100,100061,100,99857,100,100072,100,99837,100,100073,100,99833,100
2019-06-28 09:30:00.000000074,99995,300,99989,100,100008,100,99988,100,100031,100,99968,100,100033,100,99956,100,100035,100,99940,200,100046,100,99926,100,100060,100,99909,100,100061,100,99892,100,100072,100,99857,100,100073,100,99837,100
2019-06-28 09:30:00.000000076,99995,300,99989,100,100008,100,99988,100,100031,100,99968,100,100033,100,99956,100,100035,100,99940,200,100046,100,99926,100,100060,100,99909,100,100061,100,99892,100,100072,100,99857,100,100073,100,99837,100
2019-06-28 09:30:00.000000077,99995,300,99989,100,100008,100,99988,100,100031,100,99985,100,100033,100,99968,100,100035,100,99956,100,100046,100,99940,200,100060,100,99926,100,100061,100,99909,100,100072,100,99902,100,100073,100,99892,100
2019-06-28 09:30:00.000000080,99995,300,99989,100,100008,100,99988,100,100031,100,99985,100,100033,100,99968,100,100035,100,99956,100,100046,100,99940,200,100060,100,99926,100,100061,100,99909,100,100072,100,99902,100,100073,100,99892,100
2019-06-28 09:30:00.000000083,99995,400,99989,100,100008,100,99988,100,100031,100,99985,100,100033,100,99968,100,100035,100,99956,100,100046,100,99940,200,100060,100,99926,100,100061,100,99909,100,100072,100,99905,100,100073,100,99902,100
2019-06-28 09:30:00.000000084,99995,400,99989,200,100008,100,99988,100,100031,100,99985,100,100033,100,99968,100,100035,100,99956,100,100046,100,99940,200,100060,100,99926,100,100061,100,99909,100,100072,100,99905,100,100073,100,99902,100
2019-06-28 09:30:00.000000086,99995,300,99989,200,100008,100,99988,100,100031,100,99985,100,100033,100,99968,100,100035,100,99956,100,100046,100,99940,200,100060,100,99926,100,100061,100,99909,100,100072,100,99905,100,100073,100,99902,100
2019-06-28 09:30:00.000000090,99995,300,99989,200,100008,100,99988,100,100010,100,99985,100,100031,100,99968,100,100033,100,99956,100,100035,100,99940,200,100046,100,99926,100,100060,100,99909,100,100061,100,99905,100,100072,100,99902,100
2019-06-28 09:30:00.000000092,99995,300,99989,200,100008,100,99988,100,100010,100,99985,100,100031,100,99978,100,100033,100,99968,100,100035,100,99956,100,100046,100,99940,200,100060,100,99926,100,100061,100,99909,100,100072,100,99905,100
2019-06-28 09:30:00.000000095,99994,100,99989,200,99995,300,99988,100,100008,100,99985,100,100010,100,99978,100,100031,100,99974,100,100033,100,99968,100,100035,100,99956,100,100046,100,99940,200,100060,100,99926,100,100061,100,99909,100
2019-06-28 09:30:00.000000097,99994,200,99989,200,99995,300,99988,100,100008,100,99985,100,100010,100,99978,100,100031,100,99974,100,100033,100,99968,100,100035,100,99956,100,100046,100,99940,200,100060,100,99926,100,100061,100,99909,100
2019-06-28 09:30:00.000000098,99994,200,99989,200,99995,300,99988,100,100004,100,99985,100,100008,100,99978,100,100010,100,99974,100,100031,100,99968,100,100033,100,99956,100,100035,100,99940,200,100046,100,99926,100,100055,100,99909,100
2019-06-28 09:30:00.000000099,99994,200,99989,200,99995,300,99988,100,100004,100,99985,100,100008,100,99978,100,100010,100,99974,100,100031,100,99968,100,100033,100,99956,100,100035,100,99940,200,100046,100,99932,100,100055,100,99926,100
2019-06-28 09:30:10.000000000,99994,296,99989,296,99995,396,99988,196,100004,196,99985,196,100008,196,99978,196,100010,196,99974,196,100031,100,99968,100,100033,100,99956,100,100035,100,99940,200,100046,100,99932,100,100055,100,99926,100
2019-06-28 09:30:20.000000000,99994,682,99989,682,99995,300,99988,100,100004,100,99985,100,100008,100,99978,100,100010,100,99974,100,100031,100,99968,100,100033,100,99956,100,100035,100,99940,200,100046,100,99932,100,100055,100,99926,100
2019-06-28 09:30:24.863628944,99994,682,99989,682,99995,300,99988,100,100004,100,99985,100,100008,100,99978,100,100010,100,99974,100,100031,100,99968,100,100033,100,99956,100,100035,100,99940,200,100046,100,99932,100,100055,100,99926,100
2019-06-28 09:30:30.000000000,99994,296,99989,296,99995,396,99988,196,100004,196,99985,196,100008,196,99978,196,100010,196,99974,196,100031,100,99968,100,100033,100,99956,100,100035,100,99940,200,100046,100,99932,100,100055,100,99926,100
2019-06-28 09:30:40.000000000,99994,441,99989,441,99995,541,99988,341,100004,100,99985,100,100008,100,99978,100,100010,100,99974,100,100031,100,99968,100,100033,100,99956,100,100035,100,99940,200,100046,100,99932,100,100055,100,99926,100
2019-06-28 09:30:46.291386273,99994,441,99989,341,99995,541,99988,341,100004,100,99985,100,100008,100,99978,100,100010,100,99974,100,100031,100,99968,100,100033,100,99956,100,100035,100,99940,200,100046,100,99932,100,100055,100,99926,100
2019-06-28 09:30:50.000000000,99994,296,99989,196,99995,396,99988,196,100004,196,99985,196,100008,196,99978,196,100010,196,99974,196,100031,100,99968,100,100033,100,99956,100,100035,100,99940,200,100046,100,99932,100,100055,100,99926,100
2019-06-28 09:31:00.000000000,99994,682,99989,582,99995,300,99988,100,100004,100,99985,100,100008,100,99978,100,100010,100,99974,100,100031,100,99968,100,100033,100,99956,100,100035,100,99940,200,100046,100,99932,100,100055,100,99926,100
2019-06-28 09:31:03.089341115,99994,682,99989,482,99995,300,99988,100,100004,100,99985,100,100008,100,99978,100,100010,100,99974,100,100031,100,99968,100,100033,100,99956,100,100035,100,99940,200,100046,100,99932,100,100055,100,99926,100
2019-06-28 09:31:10.000000000,99994,441,99988,341,99995,541,99985,341,100004,100,99978,100,100008,100,99974,100,100010,100,99968,100,100031,100,99956,100,100033,100,99940,200,100035,100,99932,100,100046,100,99926,100,100055,100,99909,100
2019-06-28 09:31:20.000000000,99994,296,99988,196,99995,396,99985,196,100004,196,99978,196,100008,196,99974,196,100010,196,99968,196,100031,100,99956,100,100033,100,99940,200,100035,100,99932,100,100046,100,99926,100,100055,100,99909,100
2019-06-28 09:31:21.023411308,99994,296,99988,196,99995,396,99985,196,100004,196,99978,196,100008,196,99974,196,100010,196,99968,196,100031,100,99956,100,100033,100,99940,200,100035,100,99932,100,100055,100,99926,100,100061,100,99909,100
2019-06-28 09:31:30.000000000,99994,682,99988,582,99995,300,99985,100,100004,100,99978,100,100008,100,99974,100,100010,100,99968,100,100031,100,99956,100,100033,100,99940,200,100035,100,99932,100,100055,100,99926,100,100061,100,99909,100
2019-06-28 09:31:40.000000000,99994,364,99988,264,99995,459,99985,259,100004,259,99978,259,100008,100,99974,100,100010,100,99968,100,100031,100,99956,100,100033,100,99940,200,100035,100,99932,100,100055,100,99926,100,100061,100,99909,100
2019-06-28 09:31:47.222767157,99994,364,99988,264,99995,459,99985,259,100004,259,99978,259,100008,100,99974,100,100010,100,99968,100,100031,100,99956,100,100033,100,99940,200,100035,100,99926,100,100055,100,99909,100,100061,100,99905,100
2019-06-28 09:31:50.000000000,99994,296,99988,196,99995,396,99985,196,100004,196,99978,196,100008,196,99974,196,100010,196,99968,196,100031,100,99956,100,100033,100,99940,200,100035,100,99926,100,100055,100,99909,100,100061,100,99905,100
2019-06-28 09:32:00.000000000,99994,364,99988,264,99995,459,99985,259,100004,259,99978,259,100008,100,99974,100,100010,100,99968,100,100031,100,99956,100,100033,100,99940,200,100035,100,99926,100,100055,100,99909,100,100061,100,99905,100
2019-06-28 09:32:10.000000000,99994,441,99988,341,99995,541,99985,341,100004,100,99978,100,100008,100,99974,100,100010,100,99968,100,100031,100,99956,100,100033,100,99940,200,100035,100,99926,100,100055,100,99909,100,100061,100,99905,100
2019-06-28 09:32:20.000000000,99994,364,99988,264,99995,459,99985,259,100004,259,99978,259,100008,100,99974,100,100010,100,99968,100,100031,100,99956,100,100033,100,99940,200,100035,100,99926,100,100055,100,99909,100,100061,100,99905,100
2019-06-28 09:32:30.000000000,99994,364,99988,264,99995,459,99985,259,100004,259,99978,259,100008,100,99974,100,100010,100,99968,100,100031,100,99956,100,100033,100,99940,200,100035,100,99926,100,100055,100,99909,100,100061,100,99905,100
2019-06-28 09:32:40.000000000,99994,364,99988,264,99995,459,99985,259,100004,259,99978,259,100008,100,99974,100,100010,100,99968,100,100031,100,99956,100,100033,100,99940,200,100035,100,99926,100,100055,100,99909,100,100061,100,99905,100
2019-06-28 09:32:50.000000000,99994,682,99988,582,99995,300,99985,100,100004,100,99978,100,100008,100,99974,100,100010,100,99968,100,100031,100,99956,100,100033,100,99940,200,100035,100,99926,100,100055,100,99909,100,100061,100,99905,100
2019-06-28 09:33:00.000000000,99994,441,99988,341,99995,541,99985,341,100004,100,99978,100,100008,100,99974,100,100010,100,99968,100,100031,100,99956,100,100033,100,99940,200,100035,100,99926,100,100055,100,99909,100,100061,100,99905,100
2019-06-28 09:33:01.615428465,99994,341,99988,341,99995,541,99985,341,100004,100,99978,100,100008,100,99974,100,100031,100,99968,100,100033,100,99956,100,100035,100,99940,200,100055,100,99926,100,100061,100,99909,100,100072,100,99905,100
2019-06-28 09:33:06.319103120,99994,241,99988,341,99995,541,99985,341,100004,100,99974,100,100008,100,99968,100,100031,100,99956,100,100033,100,99940,200,100035,100,99926,100,100055,100,99909,100,100061,100,99905,100,100072,100,99892,100
2019-06-28 09:33:10.000000000,99995,420,99988,220,100004,220,99985,220,100008,220,99974,220,100031,220,99968,220,100033,100,99956,100,100035,100,99940,200,100055,100,99926,100,100061,100,99909,100,100072,100,99905,100,100073,100,99892,100
2019-06-28 09:33:10.659534693,99995,420,99988,220,100004,220,99985,220,100008,220,99974,220,100031,220,99968,220,100033,100,99956,100,100035,100,99940,200,100055,100,99926,100,100061,100,99909,100,100072,100,99905,100,100073,100,99892,100
2019-06-28 09:33:20.000000000,99995,420,99988,220,100004,220,99985,220,100008,220,99974,220,100031,220,99968,220,100033,100,99956,100,100035,100,99940,200,100055,100,99926,100,100061,100,99909,100,100072,100,99905,100,100073,100,99892,100
2019-06-28 09:33:23.540595020,99995,420,99988,220,100004,220,99985,220,100008,220,99974,220,100031,220,99968,220,100033,100,99956,100,100055,100,99940,200,100061,100,99926,100,100072,100,99909,100,100073,100,99905,100,100078,100,99892,100
2019-06-28 09:33:30.000000000,99995,420,99988,220,100004,220,99985,220,100008,220,99974,220,100031,220,99968,220,100033,100,99956,100,100055,100,99940,200,100061,100,99926,100,100072,100,99909,100,100073,100,99905,100,100078,100,99892,100
2019-06-28 09:33:40.000000000,99995,396,99988,196,100004,196,99985,196,100008,196,99974,196,100031,196,99968,196,100033,196,99956,196,100055,100,99940,200,100061,100,99926,100,100072,100,99909,100,100073,100,99905,100,100078,100,99892,100
2019-06-28 09:33:50.000000000,99995,396,99988,196,100004,196,99985,196,100008,196,99974,196,100031,196,99968,196,100033,196,99956,196,100055,100,99940,200,100061,100,99926,100,100072,100,99909,100,100073,100,99905,100,100078,100,99892,100
2019-06-28 09:34:00.000000000,99995,420,99988,220,100004,220,99985,220,100008,220,99974,220,100031,220,99968,220,100033,100,99956,100,100055,100,99940,200,100061,100,99926,100,100072,100,99909,100,100073,100,99905,100,100078,100,99892,100
2019-06-28 09:34:02.226079115,99995,420,99994,100,100004,220,99988,220,100008,220,99985,220,100031,220,99974,220,100033,100,99968,220,100055,100,99956,100,100061,100,99940,200,100072,100,99926,100,100073,100,99909,100,100078,100,99905,100
2019-06-28 09:34:10.000000000,99995,464,99994,264,100004,259,99988,259,100008,259,99985,259,100031,100,99974,100,100033,100,99968,100,100055,100,99956,100,100061,100,99940,200,100072,100,99926,100,100073,100,99909,100,100078,100,99905,100
2019-06-28 09:34:20.000000000,99995,782,99994,582,100004,100,99988,100,100008,100,99985,100,100031,100,99974,100,100033,100,99968,100,100055,100,99956,100,100061,100,99940,200,100072,100,99926,100,100073,100,99909,100,100078,100,99905,100
2019-06-28 09:34:22.778854091,99995,782,99994,582,100004,100,99988,100,100008,100,99985,100,100031,100,99974,100,100033,100,99968,100,100055,100,99956,100,100061,100,99940,200,100072,100,99926,100,100073,100,99909,100,100078,100,99905,100
2019-06-28 09:34:30.000000000,99995,396,99994,196,100004,196,99988,196,100008,196,99985,196,100031,196,99974,196,100033,196,99968,196,100055,100,99956,100,100061,100,99940,200,100072,100,99926,100,100073,100,99909,100,100078,100,99905,100
2019-06-28 09:34:34.273386120,99995,396,99994,196,100004,196,99988,196,100008,196,99985,196,100031,196,99974,196,100033,196,99968,196,100055,100,99956,100,100061,100,99940,200,100072,100,99926,100,100073,100,99909,100,100078,100,99905,100
2019-06-28 09:34:40.000000000,99995,420,99994,220,100004,220,99988,220,100008,220,99985,220,100031,220,99974,220,100033,100,99968,100,100055,100,99956,100,100061,100,99940,200,100072,100,99926,100,100073,100,99909,100,100078,100,99905,100
2019-06-28 09:34:50.000000000,99995,420,99994,220,100004,220,99988,220,100008,220,99985,220,100031,220,99974,220,100033,100,99968,100,100055,100,99956,100,100061,100,99940,200,100072,100,99926,100,100073,100,99909,100,100078,100,99905,100
2019-06-28 09:35:00.000000000,99995,782,99994,582,100004,100,99988,100,100008,100,99985,100,100031,100,99974,100,100033,100,99968,100,100055,100,99956,100,100061,100,99940,200,100072,100,99926,100,100073,100,99909,100,100078,100,99905,100
2019-06-28 09:35:01.637322011,99995,782,99994,582,100004,100,99988,100,100008,100,99985,100,100031,100,99974,100,100033,100,99968,100,100055,100,99956,100,100061,100,99940,200,100072,100,99926,100,100073,100,99909,100,100078,100,99905,100
2019-06-28 09:35:04.361456193,99995,782,99994,582,100004,100,99988,100,100008,100,99985,100,100031,100,99974,100,100033,100,99968,100,100055,100,99956,100,100061,100,99940,100,100072,100,99926,100,100073,100,99909,100,100078,100,99905,100
2019-06-28 09:35:04.840650241,99995,682,99994,582,100004,100,99988,100,100008,100,99985,100,100031,100,99974,100,100033,100,99968,100,100055,100,99956,100,100061,100,99926,100,100072,100,99909,100,100073,100,99905,100,100078,100,99892,100
2019-06-28 09:35:10.000000000,99995,441,99994,341,100004,341,99988,341,100008,100,99985,100,100031,100,99974,100,100033,100,99968,100,100055,100,99956,100,100061,100,99926,100,100072,100,99909,100,100073,100,99905,100,100078,100,99892,100
2019-06-28 09:35:19.445254210,99995,441,99994,341,100004,341,99988,341,100008,100,99985,100,100031,100,99974,100,100033,100,99968,100,100055,100,99956,100,100061,100,99926,100,100072,100,99909,100,100073,100,99905,100,100078,100,99892,100
2019-06-28 09:35:20.000000000,99995,682,99994,582,100004,100,99988,100,100008,100,99985,100,100031,100,99974,100,100033,100,99968,100,100055,100,99956,100,100061,100,99926,100,100072,100,99909,100,100073,100,99905,100,100078,100,99892,100
2019-06-28 09:35:30.000000000,99995,296,99994,196,100004,196,99988,196,100008,196,99985,196,100031,196,99974,196,100033,196,99968,196,100055,100,99956,100,100061,100,99926,100,100072,100,99909,100,100073,100,99905,100,100078,100,99892,100
2019-06-28 09:35:40.000000000,99995,320,99994,220,100004,220,99988,220,100008,220,99985,220,100031,220,99974,220,100033,100,99968,100,100055,100,99956,100,100061,100,99926,100,100072,100,99909,100,100073,100,99905,100,100078,100,99892,100
2019-06-28 09:35:40.391863673,99995,320,99994,220,100004,220,99988,220,100008,220,99985,220,100031,220,99974,220,100033,100,99968,100,100055,100,99956,100,100061,100,99926,100,100072,100,99905,100,100073,100,99892,100,100078,100,99857,100
2019-06-28 09:35:42.006082272,99995,320,99994,220,100004,220,99988,220,100008,220,99985,220,100031,220,99974,220,100033,100,99968,100,100055,100,99956,100,100061,100,99926,100,100072,100,99905,100,100073,100,99892,100,100084,100,99857,100
2019-06-28 09:35:42.021262437,99995,320,99994,220,100004,220,99988,220,100008,220,99985,220,100031,220,99974,220,100033,100,99968,100,100055,100,99956,100,100061,100,99926,100,100072,100,99905,100,100073,100,99892,100,100084,100,99837,100
2019-06-28 09:35:48.242043728,99995,220,99994,220,100004,220,99988,220,100008,220,99985,120,100031,220,99974,220,100033,100,99968,100,100055,100,99956,100,100061,100,99926,100,100072,100,99905,100,100073,100,99892,100,100084,100,99837,100
2019-06-28 09:35:48.278298286,99995,120,99994,220,100004,220,99988,220,100008,220,99985,120,100031,220,99974,220,100033,100,99968,100,100055,100,99956,100,100061,100,99926,100,100072,100,99905,100,100073,100,99892,100,100084,100,99837,100
2019-06-28 09:35:50.000000000,100004,220,99994,220,100008,220,99988,220,100031,220,99974,220,100033,220,99968,220,100055,100,99956,100,100061,100,99926,100,100072,100,99905,100,100073,100,99892,100,100084,100,99837,100,100095,100,99833,100
2019-06-28 09:36:00.000000000,100004,341,99994,341,100008,341,99988,341,100031,100,99974,100,100033,100,99968,100,100055,100,99956,100,100061,100,99926,100,100072,100,99905,100,100073,100,99892,100,100084,100,99837,100,100095,100,99833,100
2019-06-28 09:36:03.700389121,100004,241,99994,341,100008,341,99988,341,100031,100,99974,100,100033,100,99968,100,100055,100,99956,100,100061,100,99926,100,100072,100,99905,100,100073,100,99892,100,100084,100,99837,100,100095,100,99833,100
2019-06-28 09:36:10.000000000,100008,220,99994,220,100031,220,99988,220,100033,220,99974,220,100055,220,99968,220,100061,100,99956,100,100072,100,99926,100,100073,100,99905,100,100084,100,99892,100,100095,100,99837,100,100100,100,99833,100
2019-06-28 09:36:20.000000000,100008,264,99994,264,100031,259,99988,259,100033,259,99974,259,100055,100,99968,100,100061,100,99956,100,100072,100,99926,100,100073,100,99905,100,100084,100,99892,100,100095,100,99837,100,100100,100,99833,100
2019-06-28 09:36:30.000000000,100008,582,99994,582,100031,100,99988,100,100033,100,99974,100,100055,100,99968,100,100061,100,99956,100,100072,100,99926,100,100073,100,99905,100,100084,100,99892,100,100095,100,99837,100,100100,100,99833,100
2019-06-28 09:36:39.081259844,100008,582,99995,100,100031,100,99994,582,100033,100,99988,100,100055,100,99974,100,100061,100,99968,100,100072,100,99956,100,100073,100,99926,100,100084,100,99905,100,100095,100,99892,100,100100,100,99837,100
2019-06-28 09:36:40.000000000,100008,264,99995,264,100031,259,99994,259,100033,259,99988,259,100055,100,99974,100,100061,100,99968,100,100072,100,99956,100,100073,100,99926,100,100084,100,99905,100,100095,100,99892,100,100100,100,99837,100
2019-06-28 09:36:48.073269999,100008,264,99995,264,100031,259,99994,259,100033,259,99988,259,100055,100,99974,100,100061,100,99968,100,100072,100,99956,100,100073,100,99926,100,100095,100,99905,100,100100,100,99892,100,100105,100,99837,100
2019-06-28 09:36:50.000000000,100008,196,99995,196,100031,196,99994,196,100033,196,99988,196,100055,196,99974,196,100061,196,99968,196,100072,100,99956,100,100073,100,99926,100,100095,100,99905,100,100100,100,99892,100,100105,100,99837,100
2019-06-28 09:36:56.908675447,100008,196,99995,296,100031,196,99994,196,100033,196,99988,196,100055,196,99974,196,100061,196,99968,196,100072,100,99956,100,100073,100,99926,100,100095,100,99905,100,100100,100,99892,100,100105,100,99837,100
2019-06-28 09:37:00.000000000,100008,220,99995,320,100031,220,99994,220,100033,220,99988,220,100055,220,99974,220,100061,100,99968,100,100072,100,99956,100,100073,100,99926,100,100095,100,99905,100,100100,100,99892,100,100105,100,99837,100
2019-06-28 09:37:10.000000000,100008,341,99995,441,100031,341,99994,341,100033,100,99988,100,100055,100,99974,100,100061,100,99968,100,100072,100,99956,100,100073,100,99926,100,100095,100,99905,100,100100,100,99892,100,100105,100,99837,100
2019-06-28 09:37:20.000000000,100008,220,99995,320,100031,220,99994,220,100033,220,99988,220,100055,220,99974,220,100061,100,99968,100,100072,100,99956,100,100073,100,99926,100,100095,100,99905,100,100100,100,99892,100,100105,100,99837,100
2019-06-28 09:37:21.810838707,100008,120,99995,320,100031,220,99994,220,100033,220,99988,220,100055,220,99974,220,100061,100,99968,100,100072,100,99956,100,100073,100,99926,100,100095,100,99892,100,100100,100,99837,100,100105,100,99833,100
2019-06-28 09:37:30.000000000,100031,582,99995,682,100033,100,99994,100,100055,100,99988,100,100061,100,99974,100,100072,100,99968,100,100073,100,99956,100,100095,100,99926,100,100100,100,99892,100,100105,100,99837,100,100117,100,99833,100
2019-06-28 09:37:33.850717283,100031,482,99995,682,100033,100,99994,100,100055,100,99988,100,100061,100,99974,100,100072,100,99968,100,100073,100,99956,100,100095,100,99892,100,100100,100,99837,100,100105,100,99833,100,100117,100,99828,100
2019-06-28 09:37:34.240765630,100031,382,99995,682,100033,100,99994,100,100055,100,99988,100,100061,100,99974,100,100072,100,99968,100,100073,100,99956,100,100095,100,99892,100,100100,100,99837,100,100117,100,99833,100,100125,100,99828,100
2019-06-28 09:37:40.000000000,100033,582,99995,682,100055,100,99994,100,100061,100,99988,100,100072,100,99974,100,100073,100,99968,100,100095,100,99956,100,100100,100,99892,100,100117,100,99837,100,100125,100,99833,100,100134,100,99828,100
2019-06-28 09:37:50.000000000,100033,196,99995,296,100055,196,99994,196,100061,196,99988,196,100072,196,99974,196,100073,196,99968,196,100095,100,99956,100,100100,100,99892,100,100117,100,99837,100,100125,100,99833,100,100134,100,99828,100
2019-06-28 09:38:00.000000000,100033,341,99995,441,100055,341,99994,341,100061,100,99988,100,100072,100,99974,100,100073,100,99968,100,100095,100,99956,100,100100,100,99892,100,100117,100,99837,100,100125,100,99833,100,100134,100,99828,100
2019-06-28 09:38:10.000000000,100033,264,99995,364,100055,259,99994,259,100061,259,99988,259,100072,100,99974,100,100073,100,99968,100,100095,100,99956,100,100100,100,99892,100,100117,100,99837,100,100125,100,99833,100,100134,100,99828,100
2019-06-28 09:38:11.650107035,100033,264,99995,364,100055,259,99994,259,100061,259,99988,259,100072,100,99974,100,100073,100,99968,100,100095,100,99956,100,100100,100,99892,100,100117,100,99837,100,100125,100,99833,100,100158,100,99828,100
2019-06-28 09:38:14.720795042,100031,100,99995,364,100033,264,99994,259,100055,259,99988,259,100061,259,99974,100,100072,100,99968,100,100073,100,99956,100,100095,100,99892,100,100100,100,99837,100,100117,100,99833,100,100125,100,99828,100
2019-06-28 09:38:20.000000000,100031,582,99995,682,100033,100,99994,100,100055,100,99988,100,100061,100,99974,100,100072,100,99968,100,100073,100,99956,100,100095,100,99892,100,100100,100,99837,100,100117,100,99833,100,100125,100,99828,100
2019-06-28 09:38:30.000000000,100031,582,99995,682,100033,100,99994,100,100055,100,99988,100,100061,100,99974,100,100072,100,99968,100,100073,100,99956,100,100095,100,99892,100,100100,100,99837,100,100117,100,99833,100,100125,100,99828,100
2019-06-28 09:38:40.000000000,100031,341,99995,441,100033,341,99994,341,100055,100,99988,100,100061,100,99974,100,100072,100,99968,100,100073,100,99956,100,100095,100,99892,100,100100,100,99837,100,100117,100,99833,100,100125,100,99828,100
2019-06-28 09:38:50.000000000,100031,582,99995,682,100033,100,99994,100,100055,100,99988,100,100061,100,99974,100,100072,100,99968,100,100073,100,99956,100,100095,100,99892,100,100100,100,99837,100,100117,100,99833,100,100125,100,99828,100
2019-06-28 09:39:00.000000000,100031,196,99995,296,100033,196,99994,196,100055,196,99988,196,100061,196,99974,196,100072,196,99968,196,100073,100,99956,100,100095,100,99892,100,100100,100,99837,100,100117,100,99833,100,100125,100,99828,100
2019-06-28 09:39:00.239391399,100031,96,99995,296,100033,196,99994,196,100055,196,99988,196,100061,196,99974,196,100072,196,99968,196,100073,100,99956,100,100095,100,99892,100,100100,100,99837,100,100117,100,99833,100,100125,100,99828,100
2019-06-28 09:39:06.010034011,100031,96,99995,296,100033,196,99994,196,100055,196,99988,196,100061,196,99974,196,100072,196,99968,196,100073,100,99956,100,100095,100,99892,100,100100,100,99837,100,100117,100,99833,100,100125,100,99828,100
2019-06-28 09:39:10.000000000,100033,220,99995,320,100055,220,99994,220,100061,220,99988,220,100072,220,99974,220,100073,100,99968,100,100095,100,99956,100,100100,100,99892,100,100117,100,99837,100,100125,100,99833,100,100158,100,99828,100
2019-06-28 09:39:12.749581515,100033,220,100031,100,100055,220,99995,320,100061,220,99994,220,100072,220,99988,220,100073,100,99974,220,100095,100,99968,100,100100,100,99956,100,100117,100,99892,100,100125,100,99837,100,100158,100,99833,100
2019-06-28 09:39:20.000000000,100033,220,100031,220,100055,220,99995,320,100061,220,99994,220,100072,220,99988,220,100073,100,99974,100,100095,100,99968,100,100100,100,99956,100,100117,100,99892,100,100125,100,99837,100,100158,100,99833,100
2019-06-28 09:39:30.000000000,100033,220,100031,220,100055,220,99995,320,100061,220,99994,220,100072,220,99988,220,100073,100,99974,100,100095,100,99968,100,100100,100,99956,100,100117,100,99892,100,100125,100,99837,100,100158,100,99833,100
2019-06-28 09:39:38.276401936,100033,220,100031,220,100055,220,99995,320,100061,220,99994,220,100072,220,99988,220,100073,100,99974,100,100095,100,99968,100,100100,100,99956,100,100117,100,99892,100,100125,100,99837,100,100158,100,99833,100
2019-06-28 09:39:40.000000000,100033,341,100031,341,100055,341,99995,441,100061,100,99994,100,100072,100,99988,100,100073,100,99974,100,100095,100,99968,100,100100,100,99956,100,100117,100,99892,100,100125,100,99837,100,100158,100,99833,100
2019-06-28 09:39:50.000000000,100033,220,100031,220,100055,220,99995,320,100061,220,99994,220,100072,220,99988,220,100073,100,99974,100,100095,100,99968,100,100100,100,99956,100,100117,100,99892,100,100125,100,99837,100,100158,100,99833,100
2019-06-28 09:39:51.089995291,100033,120,100031,220,100055,220,99995,320,100061,220,99994,220,100072,220,99988,120,100073,100,99974,100,100095,100,99968,100,100100,100,99956,100,100117,100,99892,100,100125,100,99837,100,100158,100,99833,100
2019-06-28 09:40:00.000000000,100055,264,100031,264,100061,259,99995,359,100072,259,99994,259,100073,100,99974,100,100095,100,99968,100,100100,100,99956,100,100117,100,99892,100,100125,100,99837,100,100158,100,99833,100,100163,100,99828,100
2019-06-28 09:40:07.170001414,100055,264,100031,264,100061,259,99995,359,100072,259,99994,259,100073,100,99974,100,100095,100,99968,100,100100,100,99956,100,100117,100,99892,100,100125,100,99837,100,100158,100,99833,100,100163,100,99828,100
2019-06-28 09:40:10.000000000,100055,220,100031,220,100061,220,99995,320,100072,220,99994,220,100073,220,99974,220,100095,100,99968,100,100100,100,99956,100,100117,100,99892,100,100125,100,99837,100,100158,100,99833,100,100163,100,99828,100
2019-06-28 09:40:18.421566066,100055,220,100031,220,100061,220,99995,320,100072,220,99994,220,100073,220,99974,220,100095,100,99968,100,100100,100,99956,100,100117,100,99892,100,100125,100,99837,100,100158,100,99833,100,100163,100,99828,100
2019-06-28 09:40:20.000000000,100055,220,100031,220,100061,220,99995,320,100072,220,99994,220,100073,220,99974,220,100095,100,99968,100,100100,100,99956,100,100117,100,99892,100,100125,100,99837,100,100158,100,99833,100,100163,100,99828,100
2019-06-28 09:40:22.684909397,100055,220,100031,220,100061,220,99995,320,100072,220,99994,220,100073,220,99974,220,100095,100,99968,100,100100,100,99956,100,100117,100,99892,100,100125,100,99837,100,100158,100,99833,100,100163,100,99828,100
2019-06-28 09:40:30.000000000,100055,341,100031,341,100061,341,99995,441,100072,100,99994,100,100073,100,99974,100,100095,100,99968,100,100100,100,99956,100,100117,100,99892,100,100125,100,99837,100,100158,100,99833,100,100163,100,99828,100
2019-06-28 09:40:36.096947024,100055,341,100031,341,100061,341,99995,441,100072,100,99994,100,100073,100,99974,100,100095,100,99968,100,100100,100,99956,100,100117,100,99892,100,100125,100,99837,100,100158,100,99833,100,100163,100,99828,100
2019-06-28 09:40:40.000000000,100055,196,100031,196,100061,196,99995,296,100072,196,99994,196,100073,196,99974,196,100095,196,99968,196,100100,100,99956,100,100117,100,99892,100,100125,100,99837,100,100158,100,99833,100,100163,100,99828,100
2019-06-28 09:40:50.000000000,100055,196,100031,196,100061,196,99995,296,100072,196,99994,196,100073,196,99974,196,100095,196,99968,196,100100,100,99956,100,100117,100,99892,100,100125,100,99837,100,100158,100,99833,100,100163,100,99828,100
2019-06-28 09:41:00.000000000,100055,582,100031,582,100061,100,99995,200,100072,100,99994,100,100073,100,99974,100,100095,100,99968,100,100100,100,99956,100,100117,100,99892,100,100125,100,99837,100,100158,100,99833,100,100163,100,99828,100
2019-06-28 09:41:01.574094429,100055,582,100031,582,100061,100,99995,200,100072,100,99994,100,100073,100,99974,100,100095,100,99968,100,100100,100,99956,100,100117,100,99892,100,100125,100,99837,100,100158,100,99833,100,100163,100,99828,100
2019-06-28 09:41:10.000000000,100055,582,100031,582,100061,100,99995,200,100072,100,99994,100,100073,100,99974,100,100095,100,99968,100,100100,100,99956,100,100117,100,99892,100,100125,100,99837,100,100158,100,99833,100,100163,100,99828,100
2019-06-28 09:41:20.000000000,100055,582,100031,582,100061,100,99995,200,100072,100,99994,100,100073,100,99974,100,100095,100,99968,100,100100,100,99956,100,100117,100,99892,100,100125,100,99837,100,100158,100,99833,100,100163,100,99828,100
2019-06-28 09:41:30.000000000,100055,196,100031,196,100061,196,99995,296,100072,196,99994,196,100073,196,99974,196,100095,196,99968,196,100100,100,99956,100,100117,100,99892,100,100125,100,99837,100,100158,100,99833,100,100163,100,99828,100
2019-06-28 09:41:40.000000000,100055,341,100031,341,100061,341,99995,441,100072,100,99994,100,100073,100,99974,100,100095,100,99968,100,100100,100,99956,100,100117,100,99892,100,100125,100,99837,100,100158,100,99833,100,100163,100,99828,100
2019-06-28 09:41:40.168787707,100055,341,100031,241,100061,341,99995,441,100072,100,99994,100,100073,100,99974,100,100095,100,99968,100,100100,100,99956,100,100117,100,99892,100,100125,100,99837,100,100158,100,99833,100,100163,100,99828,100
2019-06-28 09:41:50.000000000,100055,220,99995,320,100061,220,99994,220,100072,220,99974,220,100073,220,99968,220,100095,100,99956,100,100100,100,99892,100,100117,100,99837,100,100125,100,99833,100,100158,100,99828,100,100163,100,99508,100
2019-06-28 09:42:00.000000000,100055,196,99995,296,100061,196,99994,196,100072,196,99974,196,100073,196,99968,196,100095,196,99956,196,100100,100,99892,100,100117,100,99837,100,100125,100,99833,100,100158,100,99828,100,100163,100,99508,100
2019-06-28 09:42:01.793766010,100055,196,99995,196,100061,196,99994,196,100072,196,99974,196,100073,196,99968,196,100095,196,99956,196,100100,100,99892,100,100117,100,99837,100,100125,100,99833,100,100158,100,99828,100,100163,100,99508,100
2019-06-28 09:42:10.000000000,100055,196,99995,196,100061,196,99994,196,100072,196,99974,196,100073,196,99968,196,100095,196,99956,196,100100,100,99892,100,100117,100,99837,100,100125,100,99833,100,100158,100,99828,100,100163,100,99508,100
2019-06-28 09:42:20.000000000,100055,264,99995,264,100061,259,99994,259,100072,259,99974,259,100073,100,99968,100,100095,100,99956,100,100100,100,99892,100,100117,100,99837,100,100125,100,99833,100,100158,100,99828,100,100163,100,99508,100
2019-06-28 09:42:30.000000000,100055,196,99995,196,100061,196,99994,196,100072,196,99974,196,100073,196,99968,196,100095,196,99956,196,100100,100,99892,100,100117,100,99837,100,100125,100,99833,100,100158,100,99828,100,100163,100,99508,100
2019-06-28 09:42:31.100707802,100055,196,100032,100,100061,196,99995,196,100072,196,99994,196,100073,196,99974,196,100095,196,99968,196,100100,100,99956,196,100117,100,99892,100,100125,100,99837,100,100158,100,99833,100,100163,100,99828,100
2019-06-28 09:42:33.432416862,100055,196,100032,200,100061,196,99995,196,100072,196,99994,196,100073,196,99974,196,100095,196,99968,196,100100,100,99956,196,100117,100,99892,100,100125,100,99837,100,100158,100,99833,100,100163,100,99828,100
2019-06-28 09:42:40.000000000,100055,264,100032,364,100061,259,99995,259,100072,259,99994,259,100073,100,99974,100,100095,100,99968,100,100100,100,99956,100,100117,100,99892,100,100125,100,99837,100,100158,100,99833,100,100163,100,99828,100
2019-06-28 09:42:45.184913975,100055,264,100032,364,100061,259,99995,259,100072,259,99994,259,100073,100,99974,100,100095,100,99968,100,100100,100,99956,100,100117,100,99892,100,100125,100,99837,100,100158,100,99833,100,100163,100,99828,100
2019-06-28 09:42:50.000000000,100055,196,100032,296,100061,196,99995,196,100072,196,99994,196,100073,196,99974,196,100095,196,99968,196,100100,100,99956,100,100117,100,99892,100,100125,100,99837,100,100158,100,99833,100,100163,100,99828,100
2019-06-28 09:42:55.182152337,100055,196,100032,296,100061,196,99995,196,100072,196,99994,196,100073,196,99974,196,100095,196,99971,100,100100,100,99968,196,100117,100,99956,100,100125,100,99892,100,100158,100,99837,100,100163,100,99833,100
2019-06-28 09:43:00.000000000,100055,264,100032,364,100061,259,99995,259,100072,259,99994,259,100073,100,99974,100,100095,100,99971,100,100100,100,99968,100,100117,100,99956,100,100125,100,99892,100,100158,100,99837,100,100163,100,99833,100
2019-06-28 09:43:10.000000000,100055,220,100032,320,100061,220,99995,220,100072,220,99994,220,100073,220,99974,220,100095,100,99971,100,100100,100,99968,100,100117,100,99956,100,100125,100,99892,100,100158,100,99837,100,100163,100,99833,100
2019-06-28 09:43:11.637531434,100055,220,100032,320,100061,220,99995,220,100072,220,99994,220,100073,220,99974,220,100095,100,99971,100,100100,100,99968,100,100117,100,99956,100,100125,100,99935,100,100158,100,99892,100,100163,100,99837,100
2019-06-28 09:43:14.331141029,100055,220,100032,220,100061,220,99995,220,100072,220,99994,220,100073,220,99974,220,100095,100,99971,100,100100,100,99968,100,100117,100,99956,100,100125,100,99935,100,100158,100,99892,100,100163,100,99837,100
2019-06-28 09:43:20.000000000,100055,582,100032,582,100061,100,99995,100,100072,100,99994,100,100073,100,99974,100,100095,100,99971,100,100100,100,99968,100,100117,100,99956,100,100125,100,99935,100,100158,100,99892,100,100163,100,99837,100
2019-06-28 09:43:30.000000000,100055,196,100032,196,100061,196,99995,196,100072,196,99994,196,100073,196,99974,196,100095,196,99971,196,100100,100,99968,100,100117,100,99956,100,100125,100,99935,100,100158,100,99892,100,100163,100,99837,100
2019-06-28 09:43:39.409108885,100055,196,100032,96,100061,196,99995,196,100072,196,99994,196,100073,196,99974,196,100095,196,99971,196,100100,100,99968,100,100117,100,99956,100,100125,100,99935,100,100158,100,99892,100,100163,100,99837,100
2019-06-28 09:43:40.000000000,100055,196,99995,196,100061,196,99994,196,100072,196,99974,196,100073,196,99971,196,100095,196,99968,196,100100,100,99956,100,100117,100,99935,100,100125,100,99892,100,100158,100,99837,100,100163,100,99833,100
2019-06-28 09:43:50.000000000,100055,341,99995,341,100061,341,99994,341,100072,100,99974,100,100073,100,99971,100,100095,100,99968,100,100100,100,99956,100,100117,100,99935,100,100125,100,99892,100,100158,100,99837,100,100163,100,99833,100
2019-06-28 09:43:51.678144085,100055,341,99995,341,100061,341,99994,341,100072,100,99974,100,100073,100,99971,100,100095,100,99968,100,100117,100,99956,100,100125,100,99935,100,100158,100,99910,100,100163,100,99892,100,100173,100,99837,100
2019-06-28 09:44:00.000000000,100055,196,99995,196,100061,196,99994,196,100072,196,99974,196,100073,196,99971,196,100095,196,99968,196,100117,100,99956,100,100125,100,99935,100,100158,100,99910,100,100163,100,99892,100,100173,100,99837,100
2019-06-28 09:44:10.000000000,100055,341,99995,341,100061,341,99994,341,100072,100,99974,100,100073,100,99971,100,100095,100,99968,100,100117,100,99956,100,100125,100,99935,100,100158,100,99910,100,100163,100,99892,100,100173,100,99837,100
2019-06-28 09:44:20.000000000,100055,220,99995,220,100061,220,99994,220,100072,220,99974,220,100073,220,99971,220,100095,100,99968,100,100117,100,99956,100,100125,100,99935,100,100158,100,99910,100,100163,100,99892,100,100173,100,99837,100
2019-06-28 09:44:30.000000000,100055,582,99995,582,100061,100,99994,100,100072,100,99974,100,100073,100,99971,100,100095,100,99968,100,100117,100,99956,100,100125,100,99935,100,100158,100,99910,100,100163,100,99892,100,100173,100,99837,100
2019-06-28 09:44:35.481413781,100055,582,99995,582,100061,100,99994,100,100072,100,99991,100,100073,100,99974,100,100095,100,99971,100,100117,100,99968,100,100125,100,99956,100,100158,100,99935,100,100163,100,99910,100,100173,100,99892,100
2019-06-28 09:44:40.000000000,100055,582,99995,582,100061,100,99994,100,100072,100,99991,100,100073,100,99974,100,100095,100,99971,100,100117,100,99968,100,100125,100,99956,100,100158,100,99935,100,100163,100,99910,100,100173,100,99892,100
2019-06-28 09:44:50.000000000,100055,264,99995,264,100061,259,99994,259,100072,259,99991,259,100073,100,99974,100,100095,100,99971,100,100117,100,99968,100,100125,100,99956,100,100158,100,99935,100,100163,100,99910,100,100173,100,99892,100
2019-06-28 09:44:55.805456639,100055,264,100033,100,100061,259,99995,264,100072,259,99994,259,100073,100,99991,259,100095,100,99974,100,100117,100,99971,100,100125,100,99968,100,100158,100,99956,100,100163,100,99935,100,100173,100,99910,100
2019-06-28 09:45:00.000000000,100055,582,100033,582,100061,100,99995,100,100072,100,99994,100,100073,100,99991,100,100095,100,99974,100,100117,100,99971,100,100125,100,99968,100,100158,100,99956,100,100163,100,99935,100,100173,100,99910,100
2019-06-28 09:45:10.000000000,100055,220,100033,220,100061,220,99995,220,100072,220,99994,220,100073,220,99991,220,100095,100,99974,100,100117,100,99971,100,100125,100,99968,100,100158,100,99956,100,100163,100,99935,100,100173,100,99910,100
2019-06-28 09:45:20.000000000,100055,341,100033,341,100061,341,99995,341,100072,100,99994,100,100073,100,99991,100,100095,100,99974,100,100117,100,99971,100,100125,100,99968,100,100158,100,99956,100,100163,100,99935,100,100173,100,99910,100
2019-06-28 09:45:30.000000000,100055,264,100033,264,100061,259,99995,259,100072,259,99994,259,100073,100,99991,100,100095,100,99974,100,100117,100,99971,100,100125,100,99968,100,100158,100,99956,100,100163,100,99935,100,100173,100,99910,100
2019-06-28 09:45:38.764659665,100055,264,100033,264,100061,259,99995,259,100072,259,99994,259,100073,100,99991,100,100095,100,99974,100,100117,100,99971,100,100125,100,99968,100,100158,100,99956,100,100163,100,99935,100,100173,100,99910,100
2019-06-28 09:45:40.000000000,100055,341,100033,341,100061,341,99995,341,100072,100,99994,100,100073,100,99991,100,100095,100,99974,100,100117,100,99971,100,100125,100,99968,100,100158,100,99956,100,100163,100,99935,100,100173,100,99910,100
2019-06-28 09:45:50.000000000,100055,220,100033,220,100061,220,99995,220,100072,220,99994,220,100073,220,99991,220,100095,100,99974,100,100117,100,99971,100,100125,100,99968,100,100158,100,99956,100,100163,100,99935,100,100173,100,99910,100
2019-06-28 09:46:00.000000000,100055,341,100033,341,100061,341,99995,341,100072,100,99994,100,100073,100,99991,100,100095,100,99974,100,100117,100,99971,100,100125,100,99968,100,100158,100,99956,100,100163,100,99935,100,100173,100,99910,100
2019-06-28 09:46:10.000000000,100055,196,100033,196,100061,196,99995,196,100072,196,99994,196,100073,196,99991,196,100095,196,99974,196,100117,100,99971,100,100125,100,99968,100,100158,100,99956,100,100163,100,99935,100,100173,100,99910,100
2019-06-28 09:46:20.000000000,100055,264,100033,264,100061,259,99995,259,100072,259,99994,259,100073,100,99991,100,100095,100,99974,100,100117,100,99971,100,100125,100,99968,100,100158,100,99956,100,100163,100,99935,100,100173,100,99910,100
2019-06-28 09:46:30.000000000,100055,220,100033,220,100061,220,99995,220,100072,220,99994,220,100073,220,99991,220,100095,100,99974,100,100117,100,99971,100,100125,100,99968,100,100158,100,99956,100,100163,100,99935,100,100173,100,99910,100
2019-06-28 09:46:40.000000000,100055,264,100033,264,100061,259,99995,259,100072,259,99994,259,100073,100,99991,100,100095,100,99974,100,100117,100,99971,100,100125,100,99968,100,100158,100,99956,100,100163,100,99935,100,100173,100,99910,100
2019-06-28 09:46:50.000000000,100055,264,100033,264,100061,259,99995,259,100072,259,99994,259,100073,100,99991,100,100095,100,99974,100,100117,100,99971,100,100125,100,99968,100,100158,100,99956,100,100163,100,99935,100,100173,100,99910,100
2019-06-28 09:47:00.000000000,100055,220,100033,220,100061,220,99995,220,100072,220,99994,220,100073,220,99991,220,100095,100,99974,100,100117,100,99971,100,100125,100,99968,100,100158,100,99956,100,100163,100,99935,100,100173,100,99910,100
2019-06-28 09:47:04.792716646,100055,220,100033,120,100061,220,99995,220,100072,220,99994,220,100073,220,99991,220,100095,100,99974,100,100117,100,99971,100,100125,100,99968,100,100158,100,99956,100,100163,100,99935,100,100173,100,99910,100
2019-06-28 09:47:10.000000000,100055,196,99995,196,100061,196,99994,196,100072,196,99991,196,100073,196,99974,196,100095,196,99971,196,100117,100,99968,100,100125,100,99956,100,100158,100,99935,100,100163,100,99910,100,100173,100,99892,100
2019-06-28 09:47:11.168190444,100055,196,99995,96,100061,196,99994,196,100072,196,99991,196,100073,196,99974,196,100095,196,99971,196,100117,100,99968,100,100125,100,99956,100,100158,100,99935,100,100163,100,99910,100,100173,100,99892,100
2019-06-28 09:47:20.000000000,100055,220,99994,220,100061,220,99991,220,100072,220,99974,220,100073,220,99971,220,100095,100,99968,100,100117,100,99956,100,100125,100,99935,100,100158,100,99910,100,100163,100,99892,100,100173,100,99837,100
2019-06-28 09:47:30.000000000,100055,582,99994,582,100061,100,99991,100,100072,100,99974,100,100073,100,99971,100,100095,100,99968,100,100117,100,99956,100,100125,100,99935,100,100158,100,99910,100,100163,100,99892,100,100173,100,99837,100
2019-06-28 09:47:40.000000000,100055,196,99994,196,100061,196,99991,196,100072,196,99974,196,100073,196,99971,196,100095,196,99968,196,100117,100,99956,100,100125,100,99935,100,100158,100,99910,100,100163,100,99892,100,100173,100,99837,100
2019-06-28 09:47:50.000000000,100055,220,99994,220,100061,220,99991,220,100072,220,99974,220,100073,220,99971,220,100095,100,99968,100,100117,100,99956,100,100125,100,99935,100,100158,100,99910,100,100163,100,99892,100,100173,100,99837,100
2019-06-28 09:47:59.824673352,100055,120,99994,220,100061,220,99991,220,100072,220,99974,220,100073,220,99971,220,100095,100,99968,100,100117,100,99956,100,100125,100,99935,100,100158,100,99910,100,100163,100,99892,100,100173,100,99837,100
2019-06-28 09:48:00.000000000,100061,220,99994,220,100072,220,99991,220,100073,220,99974,220,100095,220,99971,220,100117,100,99968,100,100125,100,99956,100,100158,100,99935,100,100163,100,99910,100,100173,100,99892,100,100174,100,99837,100
2019-06-28 09:48:10.000000000,100061,196,99994,196,100072,196,99991,196,100073,196,99974,196,100095,196,99971,196,100117,196,99968,196,100125,100,99956,100,100158,100,99935,100,100163,100,99910,100,100173,100,99892,100,100174,100,99837,100
2019-06-28 09:48:20.000000000,100061,341,99994,341,100072,341,99991,341,100073,100,99974,100,100095,100,99971,100,100117,100,99968,100,100125,100,99956,100,100158,100,99935,100,100163,100,99910,100,100173,100,99892,100,100174,100,99837,100
2019-06-28 09:48:23.879966861,100061,241,99994,341,100072,341,99991,341,100073,100,99974,100,100095,100,99971,100,100117,100,99968,100,100125,100,99956,100,100158,100,99935,100,100163,100,99910,100,100173,100,99892,100,100174,100,99837,100
2019-06-28 09:48:30.000000000,100072,264,99994,264,100073,259,99991,259,100095,259,99974,259,100117,100,99971,100,100125,100,99968,100,100158,100,99956,100,100163,100,99935,100,100173,100,99910,100,100174,100,99892,100,100183,100,99837,100
2019-06-28 09:48:33.825761578,100072,264,100050,100,100073,259,99994,264,100095,259,99991,259,100117,100,99974,259,100125,100,99971,100,100158,100,99968,100,100163,100,99956,100,100173,100,99935,100,100174,100,99910,100,100183,100,99892,100
2019-06-28 09:48:40.000000000,100072,196,100050,196,100073,196,99994,196,100095,196,99991,196,100117,196,99974,196,100125,196,99971,196,100158,100,99968,100,100163,100,99956,100,100173,100,99935,100,100174,100,99910,100,100183,100,99892,100
2019-06-28 09:48:44.809364777,100072,196,100050,196,100073,196,99994,196,100095,96,99991,196,100117,196,99974,196,100125,196,99971,196,100158,100,99968,100,100163,100,99956,100,100173,100,99935,100,100174,100,99910,100,100183,100,99892,100
2019-06-28 09:48:50.000000000,100072,264,100050,264,100073,259,99994,259,100117,259,99991,259,100125,100,99974,100,100158,100,99971,100,100163,100,99968,100,100173,100,99956,100,100174,100,99935,100,100183,100,99910,100,100256,100,99892,100
2019-06-28 09:48:57.417574987,100072,264,100050,264,100073,259,99994,259,100117,259,99991,259,100125,100,99974,100,100158,100,99971,100,100163,100,99968,100,100173,100,99956,100,100174,100,99935,100,100183,100,99910,100,100256,100,99892,100
2019-06-28 09:49:00.000000000,100072,264,100050,264,100073,259,99994,259,100117,259,99991,259,100125,100,99974,100,100158,100,99971,100,100163,100,99968,100,100173,100,99956,100,100174,100,99935,100,100183,100,99910,100,100256,100,99892,100
2019-06-28 09:49:10.000000000,100072,196,100050,196,100073,196,99994,196,100117,196,99991,196,100125,196,99974,196,100158,196,99971,196,100163,100,99968,100,100173,100,99956,100,100174,100,99935,100,100183,100,99910,100,100256,100,99892,100
2019-06-28 09:49:20.000000000,100072,264,100050,264,100073,259,99994,259,100117,259,99991,259,100125,100,99974,100,100158,100,99971,100,100163,100,99968,100,100173,100,99956,100,100174,100,99935,100,100183,100,99910,100,100256,100,99892,100
2019-06-28 09:49:30.000000000,100072,264,100050,264,100073,259,99994,259,100117,259,99991,259,100125,100,99974,100,100158,100,99971,100,100163,100,99968,100,100173,100,99956,100,100174,100,99935,100,100183,100,99910,100,100256,100,99892,100
2019-06-28 09:49:39.356615433,100072,264,100050,264,100073,259,99994,259,100117,259,99991,259,100125,100,99974,100,100157,100,99971,100,100158,100,99968,100,100163,100,99956,100,100173,100,99935,100,100174,100,99910,100,100183,100,99892,100
2019-06-28 09:49:40.000000000,100072,196,100050,196,100073,196,99994,196,100117,196,99991,196,100125,196,99974,196,100157,196,99971,196,100158,100,99968,100,100163,100,99956,100,100173,100,99935,100,100174,100,99910,100,100183,100,99892,100
2019-06-28 09:49:40.591566454,100072,96,100050,196,100073,196,99994,196,100117,196,99991,196,100125,196,99974,196,100157,196,99971,196,100158,100,99968,100,100173,100,99956,100,100174,100,99935,100,100183,100,99910,100,100256,100,99892,100
2019-06-28 09:49:47.377892475,100073,196,100072,4,100117,196,100050,196,100125,196,99994,196,100157,196,99991,196,100158,100,99974,196,100173,100,99971,196,100174,100,99968,100,100183,100,99956,100,100256,100,99935,100,100259,100,99910,100
2019-06-28 09:49:50.000000000,100073,341,100072,245,100117,341,100050,341,100125,100,99994,100,100157,100,99991,100,100158,100,99974,100,100173,100,99971,100,100174,100,99968,100,100183,100,99956,100,100256,100,99935,100,100259,100,99910,100
2019-06-28 09:50:00.000000000,100073,196,100072,100,100117,196,100050,196,100125,196,99994,196,100157,196,99991,196,100158,196,99974,196,100173,100,99971,100,100174,100,99968,100,100183,100,99956,100,100256,100,99935,100,100259,100,99910,100
2019-06-28 09:50:10.000000000,100073,582,100072,486,100117,100,100050,100,100125,100,99994,100,100157,100,99991,100,100158,100,99974,100,100173,100,99971,100,100174,100,99968,100,100183,100,99956,100,100256,100,99935,100,100259,100,99910,100
2019-06-28 09:50:11.172588404,100073,582,100072,486,100117,100,100050,100,100125,100,99994,100,100157,100,99991,100,100173,100,99974,100,100174,100,99971,100,100183,100,99968,100,100256,100,99956,100,100259,100,99935,100,100269,100,99910,100
2019-06-28 09:50:17.155419068,100073,582,100072,486,100117,100,100050,100,100125,100,99994,100,100157,100,99991,100,100174,100,99974,100,100183,100,99971,100,100256,100,99968,100,100259,100,99956,100,100269,100,99935,100,100292,100,99910,100
2019-06-28 09:50:20.000000000,100073,220,100072,124,100117,220,100050,220,100125,220,99994,220,100157,220,99991,220,100174,100,99974,100,100183,100,99971,100,100256,100,99968,100,100259,100,99956,100,100269,100,99935,100,100292,100,99910,100
2019-06-28 09:50:30.000000000,100073,341,100072,245,100117,341,100050,341,100125,100,99994,100,100157,100,99991,100,100174,100,99974,100,100183,100,99971,100,100256,100,99968,100,100259,100,99956,100,100269,100,99935,100,100292,100,99910,100
2019-06-28 09:50:30.348259219,100073,341,100072,345,100117,341,100050,341,100125,100,99994,100,100157,100,99991,100,100174,100,99974,100,100183,100,99971,100,100256,100,99968,100,100259,100,99956,100,100269,100,99935,100,100292,100,99910,100
2019-06-28 09:50:37.603483319,100073,341,100072,245,100117,341,100050,341,100125,100,99994,100,100157,100,99991,100,100174,100,99974,100,100183,100,99971,100,100256,100,99956,100,100259,100,99935,100,100269,100,99910,100,100292,100,99892,100
2019-06-28 09:50:40.000000000,100073,341,100072,341,100117,341,100050,341,100125,100,99994,100,100157,100,99991,100,100174,100,99974,100,100183,100,99971,100,100256,100,99956,100,100259,100,99935,100,100269,100,99910,100,100292,100,99892,100
2019-06-28 09:50:50.000000000,100073,220,100072,220,100117,220,100050,220,100125,220,99994,220,100157,220,99991,220,100174,100,99974,100,100183,100,99971,100,100256,100,99956,100,100259,100,99935,100,100269,100,99910,100,100292,100,99892,100
2019-06-28 09:50:57.815023464,100073,220,100072,220,100117,220,100050,220,100125,220,99994,220,100157,220,99991,220,100174,100,99981,100,100183,100,99974,100,100256,100,99971,100,100259,100,99956,100,100269,100,99935,100,100292,100,99910,100
2019-06-28 09:51:00.000000000,100073,264,100072,264,100117,259,100050,259,100125,259,99994,259,100157,100,99991,100,100174,100,99981,100,100183,100,99974,100,100256,100,99971,100,100259,100,99956,100,100269,100,99935,100,100292,100,99910,100
2019-06-28 09:51:01.800498956,100073,264,100072,164,100117,159,100050,259,100125,259,99994,259,100157,100,99991,100,100174,100,99981,100,100183,100,99974,100,100256,100,99971,100,100259,100,99956,100,100269,100,99935,100,100292,100,99910,100
2019-06-28 09:51:08.943081906,100073,264,100072,64,100117,159,100050,259,100125,259,99994,259,100157,100,99991,100,100174,100,99981,100,100183,100,99974,100,100256,100,99956,100,100259,100,99935,100,100269,100,99910,100,100292,100,99892,100
2019-06-28 09:51:10.000000000,100073,582,100050,582,100125,100,99994,100,100157,100,99991,100,100174,100,99981,100,100183,100,99974,100,100256,100,99956,100,100259,100,99935,100,100269,100,99910,100,100292,100,99892,100,100329,100,99837,100
2019-06-28 09:51:20.000000000,100073,264,100050,264,100125,259,99994,259,100157,259,99991,259,100174,100,99981,100,100183,100,99974,100,100256,100,99956,100,100259,100,99935,100,100269,100,99910,100,100292,100,99892,100,100329,100,99837,100
2019-06-28 09:51:20.140788077,100073,264,100050,264,100125,259,99994,259,100157,259,99991,259,100174,100,99981,100,100183,100,99974,100,100256,100,99956,100,100259,100,99935,100,100269,100,99910,100,100292,100,99892,100,100329,100,99837,100
2019-06-28 09:51:24.012124783,100073,264,100050,164,100125,159,99994,259,100157,259,99991,259,100174,100,99981,100,100183,100,99974,100,100256,100,99956,100,100259,100,99935,100,100269,100,99910,100,100292,100,99892,100,100329,100,99837,100
2019-06-28 09:51:30.000000000,100073,264,99994,264,100157,259,99991,259,100174,259,99981,259,100183,100,99974,100,100256,100,99956,100,100259,100,99935,100,100269,100,99910,100,100292,100,99892,100,100329,100,99837,100,100411,100,99833,100
2019-06-28 09:51:40.000000000,100073,220,99994,220,100157,220,99991,220,100174,220,99981,220,100183,220,99974,220,100256,100,99956,100,100259,100,99935,100,100269,100,99910,100,100292,100,99892,100,100329,100,99837,100,100411,100,99833,100
2019-06-28 09:51:50.000000000,100073,196,99994,196,100157,196,99991,196,100174,196,99981,196,100183,196,99974,196,100256,196,99956,196,100259,100,99935,100,100269,100,99910,100,100292,100,99892,100,100329,100,99837,100,100411,100,99833,100
2019-06-28 09:52:00.000000000,100073,264,99994,264,100157,259,99991,259,100174,259,99981,259,100183,100,99974,100,100256,100,99956,100,100259,100,99935,100,100269,100,99910,100,100292,100,99892,100,100329,100,99837,100,100411,100,99833,100
2019-06-28 09:52:05.053625900,100073,264,100051,100,100157,259,99994,264,100174,259,99991,259,100183,100,99981,259,100256,100,99974,100,100259,100,99956,100,100269,100,99935,100,100292,100,99910,100,100329,100,99892,100,100411,100,99837,100
2019-06-28 09:52:10.000000000,100073,341,100051,341,100157,341,99994,341,100174,100,99991,100,100183,100,99981,100,100256,100,99974,100,100259,100,99956,100,100269,100,99935,100,100292,100,99910,100,100329,100,99892,100,100411,100,99837,100
2019-06-28 09:52:20.000000000,100073,264,100051,264,100157,259,99994,259,100174,259,99991,259,100183,100,99981,100,100256,100,99974,100,100259,100,99956,100,100269,100,99935,100,100292,100,99910,100,100329,100,99892,100,100411,100,99837,100
2019-06-28 09:52:30.000000000,100073,264,100051,264,100157,259,99994,259,100174,259,99991,259,100183,100,99981,100,100256,100,99974,100,100259,100,99956,100,100269,100,99935,100,100292,100,99910,100,100329,100,99892,100,100411,100,99837,100
2019-06-28 09:52:33.117595586,100073,264,100051,264,100157,259,99994,259,100174,259,99991,259,100183,100,99981,100,100256,100,99974,100,100259,100,99956,100,100269,100,99935,100,100292,100,99910,100,100329,100,99892,100,100411,100,99837,100
2019-06-28 09:52:37.005004166,100073,164,100051,264,100157,259,99994,259,100174,259,99991,259,100183,100,99981,100,100256,100,99974,100,100259,100,99956,100,100269,100,99935,100,100292,100,99910,100,100411,100,99892,100,100566,100,99837,100
2019-06-28 09:52:40.000000000,100157,341,100051,341,100174,341,99994,341,100183,100,99991,100,100256,100,99981,100,100259,100,99974,100,100269,100,99956,100,100292,100,99935,100,100411,100,99910,100,100566,100,99892,100,100569,100,99837,100
2019-06-28 09:52:45.100150189,100157,241,100051,341,100174,341,99994,341,100183,100,99991,100,100256,100,99981,100,100259,100,99974,100,100269,100,99956,100,100292,100,99935,100,100411,100,99910,100,100566,100,99892,100,100569,100,99837,100
2019-06-28 09:52:50.000000000,100174,220,100051,220,100183,220,99994,220,100256,220,99991,220,100259,220,99981,220,100269,100,99974,100,100292,100,99956,100,100411,100,99935,100,100566,100,99910,100,100569,100,99892,100,100693,100,99837,100
2019-06-28 09:52:51.027834792,100174,220,100073,100,100183,220,100051,220,100256,220,99994,220,100259,220,99991,220,100269,100,99981,220,100292,100,99974,100,100411,100,99956,100,100566,100,99935,100,100569,100,99910,100,100693,100,99892,100
2019-06-28 09:52:52.166056359,100174,120,100073,100,100183,220,100051,220,100256,220,99994,220,100259,220,99991,220,100269,100,99981,220,100292,100,99974,100,100411,100,99956,100,100566,100,99935,100,100569,100,99910,100,100693,100,99837,100
2019-06-28 09:52:59.426075929,100174,120,100157,100,100183,220,100073,100,100256,220,100051,220,100259,220,99994,220,100269,100,99991,220,100292,100,99981,220,100411,100,99974,100,100566,100,99956,100,100569,100,99935,100,100693,100,99910,100
2019-06-28 09:53:00.000000000,100183,341,100157,341,100256,341,100073,341,100259,100,100051,100,100269,100,99994,100,100292,100,99991,100,100411,100,99981,100,100566,100,99974,100,100569,100,99956,100,100693,100,99935,100,100738,100,99910,100
2019-06-28 09:53:03.311604406,100183,341,100157,341,100256,341,100073,341,100259,100,100051,100,100269,100,99994,100,100292,100,99981,100,100411,100,99974,100,100493,100,99956,100,100566,100,99935,100,100569,100,99910,100,100693,100,99837,100
2019-06-28 09:53:05.852967786,100183,241,100157,341,100256,341,100073,341,100259,100,100051,100,100269,100,99994,100,100292,100,99981,100,100411,100,99974,100,100493,100,99956,100,100566,100,99935,100,100569,100,99910,100,100693,100,99837,100
2019-06-28 09:53:10.000000000,100256,264,100157,264,100259,259,100073,259,100269,259,100051,259,100292,100,99994,100,100411,100,99981,100,100493,100,99974,100,100566,100,99956,100,100569,100,99935,100,100693,100,99910,100,100738,100,99837,100
2019-06-28 09:53:20.000000000,100256,220,100157,220,100259,220,100073,220,100269,220,100051,220,100292,220,99994,220,100411,100,99981,100,100493,100,99974,100,100566,100,99956,100,100569,100,99935,100,100693,100,99910,100,100738,100,99837,100
2019-06-28 09:53:30.000000000,100256,264,100157,264,100259,259,100073,259,100269,259,100051,259,100292,100,99994,100,100411,100,99981,100,100493,100,99974,100,100566,100,99956,100,100569,100,99935,100,100693,100,99910,100,100738,100,99837,100
2019-06-28 09:53:40.000000000,100256,264,100157,264,100259,259,100073,259,100269,259,100051,259,100292,100,99994,100,100411,100,99981,100,100493,100,99974,100,100566,100,99956,100,100569,100,99935,100,100693,100,99910,100,100738,100,99837,100
2019-06-28 09:53:42.935377356,100256,164,100157,264,100259,259,100073,259,100269,259,100051,259,100292,100,99994,100,100411,100,99981,100,100493,100,99974,100,100566,100,99956,100,100569,100,99935,100,100693,100,99910,100,101050,100,99837,100
2019-06-28 09:53:45.336288021,100256,164,100216,100,100259,259,100157,264,100269,259,100073,259,100292,100,100051,259,100411,100,99994,100,100493,100,99981,100,100566,100,99974,100,100569,100,99956,100,100693,100,99935,100,101050,100,99910,100
2019-06-28 09:53:50.000000000,100259,220,100216,220,100269,220,100157,220,100292,220,100073,220,100411,220,100051,220,100493,100,99994,100,100566,100,99981,100,100569,100,99974,100,100693,100,99956,100,101050,100,99935,100,101454,100,99910,100
2019-06-28 09:54:00.000000000,100259,264,100216,264,100269,259,100157,259,100292,259,100073,259,100411,100,100051,100,100493,100,99994,100,100566,100,99981,100,100569,100,99974,100,100693,100,99956,100,101050,100,99935,100,101454,100,99910,100
2019-06-28 09:54:10.000000000,100259,264,100216,264,100269,259,100157,259,100292,259,100073,259,100411,100,100051,100,100493,100,99994,100,100566,100,99981,100,100569,100,99974,100,100693,100,99956,100,101050,100,99935,100,101454,100,99910,100
2019-06-28 09:54:18.189123820,100259,164,100216,264,100269,259,100157,259,100292,259,100073,259,100411,100,100051,100,100493,100,99994,100,100569,100,99981,100,100693,100,99974,100,101050,100,99956,100,101454,100,99935,100,,,99910,100
2019-06-28 09:54:20.000000000,100269,220,100216,220,100292,220,100157,220,100411,220,100073,220,100493,220,100051,220,100569,100,99994,100,100693,100,99981,100,101050,100,99974,100,101454,100,99956,100,,,99935,100,,,99910,100
2019-06-28 09:54:30.000000000,100269,582,100216,582,100292,100,100157,100,100411,100,100073,100,100493,100,100051,100,100569,100,99994,100,100693,100,99981,100,101050,100,99974,100,101454,100,99956,100,,,99935,100,,,99910,100
2019-06-28 09:54:40.000000000,100269,220,100216,220,100292,220,100157,220,100411,220,100073,220,100493,220,100051,220,100569,100,99994,100,100693,100,99981,100,101050,100,99974,100,101454,100,99956,100,,,99935,100,,,99910,100
2019-06-28 09:54:44.371902072,100269,220,100216,220,100287,100,100157,220,100292,220,100073,220,100411,220,100051,220,100493,120,99994,100,100569,100,99981,100,100693,100,99974,100,101050,100,99956,100,101454,100,99935,100,,,99910,100
2019-06-28 09:54:50.000000000,100269,264,100216,264,100287,259,100157,259,100292,259,100073,259,100411,100,100051,100,100569,100,99994,100,100693,100,99981,100,101050,100,99974,100,101454,100,99956,100,,,99935,100,,,99910,100
2019-06-28 09:55:00.000000000,100269,341,100216,341,100287,341,100157,341,100292,100,100073,100,100411,100,100051,100,100569,100,99994,100,100693,100,99981,100,101050,100,99974,100,101454,100,99956,100,,,99935,100,,,99910,100
2019-06-28 09:55:01.652328927,100269,341,100256,100,100287,341,100216,341,100292,100,100157,341,100411,100,100073,100,100569,100,100051,100,100693,100,99994,100,101050,100,99981,100,101454,100,99974,100,,,99956,100,,,99935,100
2019-06-28 09:55:07.580479499,100269,341,100256,100,100287,341,100216,341,100292,100,100157,341,100411,100,100092,100,100569,100,100073,100,100693,100,100051,100,101050,100,99994,100,101454,100,99981,100,,,99974,100,,,99956,100
2019-06-28 09:55:10.000000000,100269,196,100256,196,100287,196,100216,196,100292,196,100157,196,100411,196,100092,196,100569,196,100073,196,100693,100,100051,100,101050,100,99994,100,101454,100,99981,100,,,99974,100,,,99956,100
2019-06-28 09:55:16.663712908,100269,196,100256,196,100287,196,100224,100,100292,196,100216,196,100411,196,100157,196,100569,196,100092,196,100693,100,100073,196,101050,100,100051,100,101454,100,99994,100,,,99981,100,,,99974,100
2019-06-28 09:55:20.000000000,100269,264,100256,264,100287,259,100224,259,100292,259,100216,259,100411,100,100157,100,100569,100,100092,100,100693,100,100073,100,101050,100,100051,100,101454,100,99994,100,,,99981,100,,,99974,100
2019-06-28 09:55:30.000000000,100269,341,100256,341,100287,341,100224,341,100292,100,100216,100,100411,100,100157,100,100569,100,100092,100,100693,100,100073,100,101050,100,100051,100,101454,100,99994,100,,,99981,100,,,99974,100
2019-06-28 09:55:40.000000000,100269,220,100256,220,100287,220,100224,220,100292,220,100216,220,100411,220,100157,220,100569,100,100092,100,100693,100,100073,100,101050,100,100051,100,101454,100,99994,100,,,99981,100,,,99974,100
2019-06-28 09:55:50.000000000,100269,264,100256,264,100287,259,100224,259,100292,259,100216,259,100411,100,100157,100,100569,100,100092,100,100693,100,100073,100,101050,100,100051,100,101454,100,99994,100,,,99981,100,,,99974,100
2019-06-28 09:55:54.041867154,100269,264,100256,164,100287,259,100224,259,100292,259,100216,259,100411,100,100157,100,100569,100,100092,100,100693,100,100073,100,101050,100,100051,100,101454,100,99994,100,,,99981,100,,,99974,100
2019-06-28 09:56:00.000000000,100269,341,100224,341,100287,341,100216,341,100292,100,100157,100,100411,100,100092,100,100569,100,100073,100,100693,100,100051,100,101050,100,99994,100,101454,100,99981,100,,,99974,100,,,99956,100
2019-06-28 09:56:07.078260302,100269,341,100224,241,100287,341,100216,341,100292,100,100157,100,100411,100,100092,100,100569,100,100073,100,100693,100,100051,100,101050,100,99994,100,101454,100,99981,100,,,99974,100,,,99956,100
2019-06-28 09:56:10.000000000,100269,582,100216,582,100287,100,100157,100,100292,100,100092,100,100411,100,100073,100,100569,100,100051,100,100693,100,99994,100,101050,100,99981,100,101454,100,99974,100,,,99956,100,,,99935,100
2019-06-28 09:56:20.000000000,100269,264,100216,264,100287,259,100157,259,100292,259,100092,259,100411,100,100073,100,100569,100,100051,100,100693,100,99994,100,101050,100,99981,100,101454,100,99974,100,,,99956,100,,,99935,100
2019-06-28 09:56:28.363675178,100269,264,100216,264,100287,259,100157,259,100292,259,100092,259,100411,100,100073,100,100569,100,100051,100,100693,100,99994,100,101454,100,99981,100,,,99974,100,,,99956,100,,,99935,100
2019-06-28 09:56:30.000000000,100269,264,100216,264,100287,259,100157,259,100292,259,100092,259,100411,100,100073,100,100569,100,100051,100,100693,100,99994,100,101454,100,99981,100,,,99974,100,,,99956,100,,,99935,100
2019-06-28 09:56:40.000000000,100269,341,100216,341,100287,341,100157,341,100292,100,100092,100,100411,100,100073,100,100569,100,100051,100,100693,100,99994,100,101454,100,99981,100,,,99974,100,,,99956,100,,,99935,100
2019-06-28 09:56:43.478093570,100269,341,100216,241,100287,341,100157,341,100292,100,100092,100,100411,100,100073,100,100569,100,100051,100,100693,100,99994,100,101454,100,99981,100,,,99974,100,,,99956,100,,,99935,100
2019-06-28 09:56:50.000000000,100269,582,100157,582,100287,100,100092,100,100292,100,100073,100,100411,100,100051,100,100569,100,99994,100,100693,100,99981,100,101454,100,99974,100,,,99956,100,,,99935,100,,,99910,100
2019-06-28 09:56:52.522841260,100269,582,100157,582,100287,100,100092,100,100292,100,100073,100,100411,100,100051,100,100569,100,99994,100,100693,100,99981,100,101454,100,99974,100,,,99956,100,,,99935,100,,,99910,100
2019-06-28 09:57:00.000000000,100269,341,100157,341,100287,341,100092,341,100292,100,100073,100,100411,100,100051,100,100569,100,99994,100,100693,100,99981,100,101454,100,99974,100,,,99956,100,,,99935,100,,,99910,100
2019-06-28 09:57:10.000000000,100269,341,100157,341,100287,341,100092,341,100292,100,100073,100,100411,100,100051,100,100569,100,99994,100,100693,100,99981,100,101454,100,99974,100,,,99956,100,,,99935,100,,,99910,100
2019-06-28 09:57:20.000000000,100269,264,100157,264,100287,259,100092,259,100292,259,100073,259,100411,100,100051,100,100569,100,99994,100,100693,100,99981,100,101454,100,99974,100,,,99956,100,,,99935,100,,,99910,100
2019-06-28 09:57:21.914869063,100224,100,100157,264,100269,264,100092,259,100287,259,100073,259,100292,259,99994,100,100411,100,99981,100,100569,100,99974,100,100693,100,99956,100,101454,100,99935,100,,,99910,100,,,99837,100
2019-06-28 09:57:24.617764043,100224,200,100157,264,100269,264,100092,259,100287,259,100073,159,100292,259,99994,100,100411,100,99981,100,100569,100,99974,100,100693,100,99956,100,101454,100,99935,100,,,99910,100,,,99837,100
2019-06-28 09:57:29.667446255,100224,200,100157,264,100269,264,100092,259,100287,259,100073,159,100292,259,99994,100,100411,100,99981,100,100569,100,99974,100,100693,100,99956,100,101454,100,99935,100,,,99910,100,,,99837,100
2019-06-28 09:57:30.000000000,100224,320,100157,220,100269,220,100092,220,100287,220,99994,220,100292,220,99981,220,100411,100,99974,100,100569,100,99956,100,100693,100,99935,100,101454,100,99910,100,,,99837,100,,,99828,100
2019-06-28 09:57:40.000000000,100224,320,100157,220,100269,220,100092,220,100287,220,99994,220,100292,220,99981,220,100411,100,99974,100,100569,100,99956,100,100693,100,99935,100,101454,100,99910,100,,,99837,100,,,99828,100
2019-06-28 09:57:41.070923758,100224,320,100157,220,100269,220,100092,220,100287,220,99994,220,100292,220,99981,220,100411,100,99974,100,100569,100,99956,100,100693,100,99935,100,101454,100,99910,100,,,99837,100,,,99665,100
2019-06-28 09:57:42.841382792,100224,420,100157,220,100269,220,100092,220,100287,220,99994,220,100292,220,99981,220,100411,100,99974,100,100569,100,99956,100,100693,100,99935,100,101454,100,99910,100,,,99837,100,,,99665,100
2019-06-28 09:57:50.000000000,100224,782,100157,582,100269,100,100092,100,100287,100,99994,100,100292,100,99981,100,100411,100,99974,100,100569,100,99956,100,100693,100,99935,100,101454,100,99910,100,,,99837,100,,,99665,100
2019-06-28 09:58:00.000000000,100224,464,100157,264,100269,259,100092,259,100287,259,99994,259,100292,100,99981,100,100411,100,99974,100,100569,100,99956,100,100693,100,99935,100,101454,100,99910,100,,,99837,100,,,99665,100
2019-06-28 09:58:10.000000000,100224,541,100157,341,100269,341,100092,341,100287,100,99994,100,100292,100,99981,100,100411,100,99974,100,100569,100,99956,100,100693,100,99935,100,101454,100,99910,100,,,99837,100,,,99665,100
2019-06-28 09:58:20.000000000,100224,396,100157,196,100269,196,100092,196,100287,196,99994,196,100292,196,99981,196,100411,196,99974,196,100569,100,99956,100,100693,100,99935,100,101454,100,99910,100,,,99837,100,,,99665,100
2019-06-28 09:58:30.000000000,100224,420,100157,220,100269,220,100092,220,100287,220,99994,220,100292,220,99981,220,100411,100,99974,100,100569,100,99956,100,100693,100,99935,100,101454,100,99910,100,,,99837,100,,,99665,100
2019-06-28 09:58:40.000000000,100224,782,100157,582,100269,100,100092,100,100287,100,99994,100,100292,100,99981,100,100411,100,99974,100,100569,100,99956,100,100693,100,99935,100,101454,100,99910,100,,,99837,100,,,99665,100
2019-06-28 09:58:46.234631821,100224,782,100157,582,100269,100,100092,100,100287,100,100038,100,100292,100,99994,100,100411,100,99981,100,100569,100,99974,100,100693,100,99956,100,101454,100,99935,100,,,99910,100,,,99837,100
2019-06-28 09:58:50.000000000,100224,464,100157,264,100269,259,100092,259,100287,259,100038,259,100292,100,99994,100,100411,100,99981,100,100569,100,99974,100,100693,100,99956,100,101454,100,99935,100,,,99910,100,,,99837,100
2019-06-28 09:58:52.992236379,100224,464,100157,264,100269,259,100092,259,100287,259,100038,159,100292,100,99994,100,100411,100,99981,100,100569,100,99974,100,100693,100,99956,100,101454,100,99935,100,,,99910,100,,,99890,100
2019-06-28 09:59:00.000000000,100224,420,100157,220,100269,220,100092,220,100287,220,99994,220,100292,220,99981,220,100411,100,99974,100,100569,100,99956,100,100693,100,99935,100,101454,100,99910,100,,,99890,100,,,99837,100
2019-06-28 09:59:08.023292786,100224,320,100157,220,100269,220,100092,220,100287,220,99994,220,100292,220,99981,220,100411,100,99974,100,100693,100,99956,100,101454,100,99935,100,,,99910,100,,,99890,100,,,99837,100
2019-06-28 09:59:10.000000000,100224,441,100157,341,100269,341,100092,341,100287,100,99994,100,100292,100,99981,100,100411,100,99974,100,100693,100,99956,100,101454,100,99935,100,,,99910,100,,,99890,100,,,99837,100
2019-06-28 09:59:20.000000000,100224,320,100157,220,100269,220,100092,220,100287,220,99994,220,100292,220,99981,220,100411,100,99974,100,100693,100,99956,100,101454,100,99935,100,,,99910,100,,,99890,100,,,99837,100
2019-06-28 09:59:30.000000000,100224,682,100157,582,100269,100,100092,100,100287,100,99994,100,100292,100,99981,100,100411,100,99974,100,100693,100,99956,100,101454,100,99935,100,,,99910,100,,,99890,100,,,99837,100
2019-06-28 09:59:31.184754833,100224,582,100157,582,100269,100,100092,100,100287,100,99994,100,100292,100,99981,100,100411,100,99974,100,100693,100,99956,100,101454,100,99935,100,,,99910,100,,,99890,100,,,99837,100
2019-06-28 09:59:39.924352366,100224,582,100157,582,100269,100,100092,100,100281,100,99994,100,100287,100,99981,100,100292,100,99974,100,100411,100,99956,100,100693,100,99935,100,101454,100,99910,100,,,99890,100,,,99837,100
2019-06-28 09:59:40.000000000,100224,264,100157,264,100269,259,100092,259,100281,259,99994,259,100287,100,99981,100,100292,100,99974,100,100411,100,99956,100,100693,100,99935,100,101454,100,99910,100,,,99890,100,,,99837,100
2019-06-28 09:59:50.000000000,100224,264,100157,264,100269,259,100092,259,100281,259,99994,259,100287,100,99981,100,100292,100,99974,100,100411,100,99956,100,100693,100,99935,100,101454,100,99910,100,,,99890,100,,,99837,100
2019-06-28 09:59:53.737331895,100196,100,100157,264,100224,264,100092,259,100269,259,99994,259,100281,259,99981,100,100287,100,99974,100,100292,100,99956,100,100411,100,99935,100,100693,100,99910,100,101454,100,99890,100,,,99837,100
2019-06-28 10:00:00.000000000,100196,264,100157,264,100224,259,100092,259,100269,259,99994,259,100281,100,99981,100,100287,100,99974,100,100292,100,99956,100,100411,100,99935,100,100693,100,99910,100,101454,100,99890,100,,,99837,100
2019-06-28 10:00:10.000000000,100196,264,100157,264,100224,259,100092,259,100269,259,99994,259,100281,100,99981,100,100287,100,99974,100,100292,100,99956,100,100411,100,99935,100,100693,100,99910,100,101454,100,99890,100,,,99837,100
2019-06-28 10:00:10.574564370,100196,164,100157,264,100224,259,100092,259,100269,259,99994,259,100281,100,99981,100,100287,100,99974,100,100292,100,99956,100,100411,100,99935,100,100693,100,99910,100,101454,100,99890,100,,,99837,100
2019-06-28 10:00:11.009312298,100196,64,100157,264,100224,259,100092,259,100269,259,99994,259,100281,100,99981,100,100287,100,99974,100,100292,100,99956,100,100411,100,99935,100,100693,100,99910,100,101454,100,99890,100,,,99837,100
2019-06-28 10:00:20.000000000,100224,341,100157,341,100269,341,100092,341,100281,100,99994,100,100287,100,99981,100,100292,100,99974,100,100411,100,99956,100,100693,100,99935,100,101454,100,99910,100,,,99890,100,,,99837,100
2019-06-28 10:00:30.000000000,100224,196,100157,196,100269,196,100092,196,100281,196,99994,196,100287,196,99981,196,100292,196,99974,196,100411,100,99956,100,100693,100,99935,100,101454,100,99910,100,,,99890,100,,,99837,100
2019-06-28 10:00:40.000000000,100224,196,100157,196,100269,196,100092,196,100281,196,99994,196,100287,196,99981,196,100292,196,99974,196,100411,100,99956,100,100693,100,99935,100,101454,100,99910,100,,,99890,100,,,99837,100
2019-06-28 10:00:50.000000000,100224,220,100157,220,100269,220,100092,220,100281,220,99994,220,100287,220,99981,220,100292,100,99974,100,100411,100,99956,100,100693,100,99935,100,101454,100,99910,100,,,99890,100,,,99837,100
2019-06-28 10:01:00.000000000,100224,264,100157,264,100269,259,100092,259,100281,259,99994,259,100287,100,99981,100,100292,100,99974,100,100411,100,99956,100,100693,100,99935,100,101454,100,99910,100,,,99890,100,,,99837,100
2019-06-28 10:01:10.000000000,100224,341,100157,341,100269,341,100092,341,100281,100,99994,100,100287,100,99981,100,100292,100,99974,100,100411,100,99956,100,100693,100,99935,100,101454,100,99910,100,,,99890,100,,,99837,100
2019-06-28 10:01:20.000000000,100224,264,100157,264,100269,259,100092,259,100281,259,99994,259,100287,100,99981,100,100292,100,99974,100,100411,100,99956,100,100693,100,99935,100,101454,100,99910,100,,,99890,100,,,99837,100
2019-06-28 10:01:20.372861335,100224,264,100157,264,100269,259,100092,259,100281,259,99994,259,100287,100,99981,100,100292,100,99974,100,100411,100,99956,100,100693,100,99935,100,101454,100,99910,100,,,99890,100,,,99837,100
2019-06-28 10:01:30.000000000,100224,220,100157,220,100269,220,100092,220,100281,220,99994,220,100287,220,99981,220,100292,100,99974,100,100411,100,99956,100,100693,100,99935,100,101454,100,99910,100,,,99890,100,,,99837,100
2019-06-28 10:01:40.000000000,100224,341,100157,341,100269,341,100092,341,100281,100,99994,100,100287,100,99981,100,100292,100,99974,100,100411,100,99956,100,100693,100,99935,100,101454,100,99910,100,,,99890,100,,,99837,100
2019-06-28 10:01:50.000000000,100224,264,100157,264,100269,259,100092,259,100281,259,99994,259,100287,100,99981,100,100292,100,99974,100,100411,100,99956,100,100693,100,99935,100,101454,100,99910,100,,,99890,100,,,99837,100
2019-06-28 10:01:59.149054466,100224,264,100157,164,100269,259,100092,259,100281,259,99994,259,100287,100,99981,100,100292,100,99974,100,100411,100,99956,100,100693,100,99935,100,101454,100,99910,100,,,99890,100,,,99837,100
2019-06-28 10:02:00.000000000,100224,341,100092,341,100269,341,99994,341,100281,100,99981,100,100287,100,99974,100,100292,100,99956,100,100411,100,99935,100,100693,100,99910,100,101454,100,99890,100,,,99837,100,,,99710,100
2019-06-28 10:02:04.693408587,100224,341,100092,241,100269,341,99994,341,100281,100,99981,100,100287,100,99974,100,100292,100,99956,100,100411,100,99935,100,100693,100,99910,100,101454,100,99890,100,,,99837,100,,,99710,100
2019-06-28 10:02:10.000000000,100224,196,99994,196,100269,196,99981,196,100281,196,99974,196,100287,196,99956,196,100292,196,99935,196,100411,100,99910,100,100693,100,99890,100,101454,100,99837,100,,,99710,100,,,99665,100
2019-06-28 10:02:13.510932019,100224,196,99994,196,100269,196,99981,196,100281,196,99974,196,100287,196,99956,196,100292,196,99935,196,100411,100,99910,100,100693,100,99890,100,101454,100,99837,100,,,99710,100,,,99665,100
2019-06-28 10:02:14.132326890,100224,196,99994,96,100269,196,99981,196,100281,196,99974,196,100287,196,99956,196,100292,196,99935,196,100411,100,99910,100,100693,100,99890,100,101454,100,99837,100,,,99710,100,,,99665,100
2019-06-28 10:02:20.000000000,100224,196,99981,196,100269,196,99974,196,100281,196,99956,196,100287,196,99935,196,100292,196,99910,196,100411,100,99890,100,100693,100,99837,100,101454,100,99710,100,,,99665,100,,,99548,100
2019-06-28 10:02:30.000000000,100224,341,99981,341,100269,341,99974,341,100281,100,99956,100,100287,100,99935,100,100292,100,99910,100,100411,100,99890,100,100693,100,99837,100,101454,100,99710,100,,,99665,100,,,99548,100
2019-06-28 10:02:34.066277703,100224,341,99981,241,100269,341,99974,341,100281,100,99956,100,100287,100,99935,100,100292,100,99910,100,100411,100,99890,100,100693,100,99837,100,101454,100,99710,100,,,99665,100,,,99548,100
2019-06-28 10:02:40.000000000,100224,264,99974,264,100269,259,99956,259,100281,259,99935,259,100287,100,99910,100,100292,100,99890,100,100411,100,99837,100,100693,100,99710,100,101454,100,99665,100,,,99548,100,,,99218,100
2019-06-28 10:02:43.052702649,100224,264,99974,264,100269,259,99956,259,100281,159,99935,259,100287,100,99910,100,100292,100,99890,100,100411,100,99837,100,100693,100,99710,100,101454,100,99665,100,,,99554,100,,,99548,100
2019-06-28 10:02:44.880358922,99994,100,99974,264,100224,264,99956,259,100269,259,99935,259,100281,159,99910,100,100287,100,99890,100,100292,100,99837,100,100411,100,99710,100,100693,100,99665,100,101454,100,99554,100,,,99548,100
2019-06-28 10:02:50.000000000,99994,341,99974,341,100224,341,99956,341,100269,100,99935,100,100287,100,99910,100,100292,100,99890,100,100411,100,99837,100,100693,100,99710,100,101454,100,99665,100,,,99554,100,,,99548,100
2019-06-28 10:03:00.000000000,99994,341,99974,341,100224,341,99956,341,100269,100,99935,100,100287,100,99910,100,100292,100,99890,100,100411,100,99837,100,100693,100,99710,100,101454,100,99665,100,,,99554,100,,,99548,100
2019-06-28 10:03:02.209532600,99994,341,99974,341,100224,341,99956,341,100269,100,99935,100,100287,100,99910,100,100292,100,99890,100,100411,100,99837,100,100693,100,99710,100,101454,100,99665,100,,,99554,100,,,99548,100
2019-06-28 10:03:08.370346016,99994,341,99974,241,100224,341,99956,341,100269,100,99935,100,100287,100,99910,100,100292,100,99890,100,100411,100,99837,100,100693,100,99710,100,101454,100,99665,100,,,99554,100,,,99548,100
2019-06-28 10:03:10.000000000,99994,220,99956,220,100224,220,99935,220,100269,220,99910,220,100287,220,99890,220,100292,100,99837,100,100411,100,99710,100,100693,100,99665,100,101454,100,99554,100,,,99548,100,,,99334,100
2019-06-28 10:03:20.000000000,99994,264,99956,264,100224,259,99935,259,100269,259,99910,259,100287,100,99890,100,100292,100,99837,100,100411,100,99710,100,100693,100,99665,100,101454,100,99554,100,,,99548,100,,,99334,100
2019-06-28 10:03:30.000000000,99994,264,99956,264,100224,259,99935,259,100269,259,99910,259,100287,100,99890,100,100292,100,99837,100,100411,100,99710,100,100693,100,99665,100,101454,100,99554,100,,,99548,100,,,99334,100
2019-06-28 10:03:40.000000000,99994,220,99956,220,100224,220,99935,220,100269,220,99910,220,100287,220,99890,220,100292,100,99837,100,100411,100,99710,100,100693,100,99665,100,101454,100,99554,100,,,99548,100,,,99334,100
2019-06-28 10:03:50.000000000,99994,220,99956,220,100224,220,99935,220,100269,220,99910,220,100287,220,99890,220,100292,100,99837,100,100411,100,99710,100,100693,100,99665,100,101454,100,99554,100,,,99548,100,,,99334,100
2019-06-28 10:03:56.026722065,99994,120,99956,220,100224,220,99935,220,100269,120,99910,220,100287,220,99890,220,100292,100,99837,100,100411,100,99710,100,100693,100,99665,100,101454,100,99554,100,,,99548,100,,,99334,100
2019-06-28 10:04:00.000000000,100224,341,99956,341,100287,341,99935,341,100292,100,99910,100,100411,100,99890,100,100693,100,99837,100,101454,100,99710,100,,,99665,100,,,99554,100,,,99548,100,,,99334,100
2019-06-28 10:04:10.000000000,100224,582,99956,582,100287,100,99935,100,100292,100,99910,100,100411,100,99890,100,100693,100,99837,100,101454,100,99710,100,,,99665,100,,,99554,100,,,99548,100,,,99334,100
2019-06-28 10:04:20.000000000,100224,582,99956,582,100287,100,99935,100,100292,100,99910,100,100411,100,99890,100,100693,100,99837,100,101454,100,99710,100,,,99665,100,,,99554,100,,,99548,100,,,99334,100
2019-06-28 10:04:26.253058958,100224,582,99975,100,100287,100,99956,582,100292,100,99935,100,100411,100,99910,100,100693,100,99890,100,101454,100,99837,100,,,99710,100,,,99665,100,,,99554,100,,,99548,100
2019-06-28 10:04:30.000000000,100224,341,99975,341,100287,341,99956,341,100292,100,99935,100,100411,100,99910,100,100693,100,99890,100,101454,100,99837,100,,,99710,100,,,99665,100,,,99554,100,,,99548,100
2019-06-28 10:04:33.575895652,100224,341,100076,100,100287,341,99975,341,100292,100,99956,341,100411,100,99935,100,100693,100,99910,100,101454,100,99890,100,,,99837,100,,,99710,100,,,99665,100,,,99554,100
2019-06-28 10:04:34.355767011,100224,341,100142,100,100287,341,100076,100,100292,100,99975,341,100411,100,99956,341,100693,100,99935,100,101454,100,99910,100,,,99890,100,,,99837,100,,,99710,100,,,99665,100
2019-06-28 10:04:38.621962707,100224,341,100142,100,100287,341,100076,100,100292,100,99975,441,100411,100,99956,341,100693,100,99935,100,101454,100,99910,100,,,99890,100,,,99837,100,,,99710,100,,,99665,100
2019-06-28 10:04:40.000000000,100224,264,100142,264,100287,259,100076,259,100292,259,99975,359,100411,100,99956,100,100693,100,99935,100,101454,100,99910,100,,,99890,100,,,99837,100,,,99710,100,,,99665,100
2019-06-28 10:04:41.864111680,100224,264,100142,264,100287,159,100076,259,100292,259,100023,100,100411,100,99975,359,100693,100,99956,100,101454,100,99935,100,,,99910,100,,,99890,100,,,99837,100,,,99710,100
2019-06-28 10:04:44.097537674,100224,264,100142,264,100287,159,100076,259,100292,259,100023,100,100338,100,99975,359,100411,100,99956,100,100693,100,99935,100,101454,100,99910,100,,,99890,100,,,99837,100,,,99710,100
2019-06-28 10:04:50.000000000,100224,196,100142,196,100292,196,100076,196,100338,196,100023,196,100411,196,99975,296,100693,196,99956,196,101454,100,99935,100,,,99910,100,,,99890,100,,,99837,100,,,99710,100
2019-06-28 10:04:50.977665645,100224,196,100142,196,100292,196,100076,196,100338,96,100023,196,100411,196,99975,296,100693,196,99956,196,101454,100,99935,100,,,99910,100,,,99899,100,,,99890,100,,,99837,100
2019-06-28 10:05:00.000000000,100224,341,100142,341,100292,341,100076,341,100411,100,100023,100,100693,100,99975,200,101454,100,99956,100,,,99935,100,,,99910,100,,,99899,100,,,99890,100,,,99837,100
2019-06-28 10:05:02.858489322,100224,341,100142,341,100292,341,100076,341,100411,100,100023,100,100693,100,99975,300,101454,100,99956,100,,,99935,100,,,99910,100,,,99899,100,,,99890,100,,,99837,100
2019-06-28 10:05:10.000000000,100224,582,100142,582,100292,100,100076,100,100411,100,100023,100,100693,100,99975,300,101454,100,99956,100,,,99935,100,,,99910,100,,,99899,100,,,99890,100,,,99837,100
2019-06-28 10:05:20.000000000,100224,582,100142,582,100292,100,100076,100,100411,100,100023,100,100693,100,99975,300,101454,100,99956,100,,,99935,100,,,99910,100,,,99899,100,,,99890,100,,,99837,100
2019-06-28 10:05:21.168671769,100224,582,100142,582,100292,100,100076,100,100411,100,100023,100,100496,100,99975,300,100693,100,99956,100,101454,100,99935,100,,,99910,100,,,99899,100,,,99890,100,,,99837,100
2019-06-28 10:05:30.000000000,100224,582,100142,582,100292,100,100076,100,100411,100,100023,100,100496,100,99975,300,100693,100,99956,100,101454,100,99935,100,,,99910,100,,,99899,100,,,99890,100,,,99837,100
2019-06-28 10:05:40.000000000,100224,220,100142,220,100292,220,100076,220,100411,220,100023,220,100496,220,99975,420,100693,100,99956,100,101454,100,99935,100,,,99910,100,,,99899,100,,,99890,100,,,99837,100
2019-06-28 10:05:41.669577496,100224,120,100142,220,100292,220,100076,220,100411,220,100023,220,100496,220,99975,420,100693,100,99956,100,101454,100,99935,100,,,99910,100,,,99899,100,,,99890,100,,,99837,100
2019-06-28 10:05:50.000000000,100292,196,100142,196,100411,196,100076,196,100496,196,100023,196,100693,196,99975,396,101454,196,99956,196,,,99935,100,,,99910,100,,,99899,100,,,99890,100,,,99837,100
2019-06-28 10:05:55.742356249,100292,196,100142,96,100411,196,100076,196,100496,196,100023,196,100693,196,99975,296,101454,196,99956,196,,,99935,100,,,99910,100,,,99899,100,,,99890,100,,,99837,100
2019-06-28 10:06:00.000000000,100292,196,100076,196,100411,196,100023,196,100496,196,99975,296,100693,196,99956,196,101454,196,99935,196,,,99910,100,,,99899,100,,,99890,100,,,99837,100,,,99710,100
2019-06-28 10:06:10.000000000,100292,582,100076,582,100411,100,100023,100,100496,100,99975,200,100693,100,99956,100,101454,100,99935,100,,,99910,100,,,99899,100,,,99890,100,,,99837,100,,,99710,100
2019-06-28 10:06:14.868730534,100292,582,100143,100,100411,100,100076,582,100496,100,100023,100,100693,100,99975,200,101454,100,99956,100,,,99935,100,,,99910,100,,,99899,100,,,99890,100,,,99837,100
2019-06-28 10:06:20.000000000,100292,220,100143,220,100411,220,100076,220,100496,220,100023,220,100693,220,99975,320,101454,100,99956,100,,,99935,100,,,99910,100,,,99899,100,,,99890,100,,,99837,100
2019-06-28 10:06:30.000000000,100292,196,100143,196,100411,196,100076,196,100496,196,100023,196,100693,196,99975,296,101454,196,99956,196,,,99935,100,,,99910,100,,,99899,100,,,99890,100,,,99837,100
2019-06-28 10:06:40.000000000,100292,220,100143,220,100411,220,100076,220,100496,220,100023,220,100693,220,99975,320,101454,100,99956,100,,,99935,100,,,99910,100,,,99899,100,,,99890,100,,,99837,100
2019-06-28 10:06:40.130553769,100223,100,100143,220,100292,220,100076,220,100411,220,100023,220,100496,220,99975,320,100693,220,99956,100,101454,100,99935,100,,,99910,100,,,99899,100,,,99890,100,,,99837,100
2019-06-28 10:06:50.000000000,100223,264,100143,264,100292,259,100076,259,100411,259,100023,259,100496,100,99975,200,100693,100,99956,100,101454,100,99935,100,,,99910,100,,,99899,100,,,99890,100,,,99837,100
2019-06-28 10:06:50.040419266,100223,264,100143,164,100292,259,100076,259,100411,259,100023,259,100496,100,99975,200,100693,100,99956,100,101454,100,99935,100,,,99910,100,,,99899,100,,,99890,100,,,99837,100
2019-06-28 10:06:54.617413283,100223,264,100143,164,100292,259,100076,259,100411,259,100023,259,100496,100,99975,200,100693,100,99956,100,101454,100,99935,100,,,99910,100,,,99899,100,,,99890,100,,,99837,100
2019-06-28 10:07:00.000000000,100223,582,100076,582,100292,100,100023,100,100411,100,99975,200,100496,100,99956,100,100693,100,99935,100,101454,100,99910,100,,,99899,100,,,99890,100,,,99837,100,,,99817,100
2019-06-28 10:07:00.398977685,100223,582,100076,482,100292,100,100023,100,100411,100,99975,200,100496,100,99956,100,100693,100,99935,100,101454,100,99910,100,,,99899,100,,,99890,100,,,99837,100,,,99817,100
2019-06-28 10:07:10.000000000,100223,220,100023,220,100292,220,99975,320,100411,220,99956,220,100496,220,99935,220,100693,100,99910,100,101454,100,99899,100,,,99890,100,,,99837,100,,,99817,100,,,99710,100
2019-06-28 10:07:20.000000000,100223,220,100023,220,100292,220,99975,320,100411,220,99956,220,100496,220,99935,220,100693,100,99910,100,101454,100,99899,100,,,99890,100,,,99837,100,,,99817,100,,,99710,100
2019-06-28 10:07:30.000000000,100223,220,100023,220,100292,220,99975,320,100411,220,99956,220,100496,220,99935,220,100693,100,99910,100,101454,100,99899,100,,,99890,100,,,99837,100,,,99817,100,,,99710,100
2019-06-28 10:07:30.891042082,100223,220,100023,220,100292,220,100015,100,100411,220,99975,320,100496,220,99956,220,100693,100,99935,220,101454,100,99910,100,,,99899,100,,,99890,100,,,99837,100,,,99817,100
2019-06-28 10:07:40.000000000,100223,582,100023,582,100292,100,100015,100,100411,100,99975,200,100496,100,99956,100,100693,100,99935,100,101454,100,99910,100,,,99899,100,,,99890,100,,,99837,100,,,99817,100
2019-06-28 10:07:50.000000000,100223,341,100023,341,100292,341,100015,341,100411,100,99975,200,100496,100,99956,100,100693,100,99935,100,101454,100,99910,100,,,99899,100,,,99890,100,,,99837,100,,,99817,100
2019-06-28 10:07:52.507813627,100223,241,100023,341,100292,341,100015,341,100411,100,99975,200,100496,100,99956,100,100693,100,99935,100,101454,100,99910,100,,,99899,100,,,99890,100,,,99837,100,,,99817,100
2019-06-28 10:08:00.000000000,100292,264,100023,264,100411,259,100015,259,100496,259,99975,359,100693,100,99956,100,101454,100,99935,100,,,99910,100,,,99899,100,,,99890,100,,,99837,100,,,99817,100
2019-06-28 10:08:06.970115172,100292,264,100023,264,100411,259,100015,159,100436,100,99975,359,100496,259,99956,100,100693,100,99935,100,101454,100,99910,100,,,99899,100,,,99890,100,,,99837,100,,,99817,100
2019-06-28 10:08:10.000000000,100292,341,100023,341,100411,341,99975,441,100436,100,99956,100,100496,100,99935,100,100693,100,99910,100,101454,100,99899,100,,,99890,100,,,99837,100,,,99817,100,,,99710,100
2019-06-28 10:08:14.396291322,100292,241,100023,341,100411,341,99975,441,100436,100,99956,100,100496,100,99935,100,100693,100,99910,100,101454,100,99899,100,,,99890,100,,,99837,100,,,99817,100,,,99665,100
2019-06-28 10:08:19.797350541,100222,100,100023,341,100292,241,99975,441,100411,341,99956,100,100436,100,99935,100,100496,100,99910,100,100693,100,99899,100,101454,100,99890,100,,,99837,100,,,99817,100,,,99665,100
2019-06-28 10:08:20.000000000,100222,264,100023,264,100411,259,99975,359,100436,259,99956,259,100496,100,99935,100,100693,100,99910,100,101454,100,99899,100,,,99890,100,,,99837,100,,,99817,100,,,99665,100
2019-06-28 10:08:30.000000000,100222,341,100023,341,100411,341,99975,441,100436,100,99956,100,100496,100,99935,100,100693,100,99910,100,101454,100,99899,100,,,99890,100,,,99837,100,,,99817,100,,,99665,100
2019-06-28 10:08:40.000000000,100222,220,100023,220,100411,220,99975,320,100436,220,99956,220,100496,220,99935,220,100693,100,99910,100,101454,100,99899,100,,,99890,100,,,99837,100,,,99817,100,,,99665,100
2019-06-28 10:08:50.000000000,100222,341,100023,341,100411,341,99975,441,100436,100,99956,100,100496,100,99935,100,100693,100,99910,100,101454,100,99899,100,,,99890,100,,,99837,100,,,99817,100,,,99665,100
2019-06-28 10:09:00.000000000,100222,264,100023,264,100411,259,99975,359,100436,259,99956,259,100496,100,99935,100,100693,100,99910,100,101454,100,99899,100,,,99890,100,,,99837,100,,,99817,100,,,99665,100
2019-06-28 10:09:10.000000000,100222,196,100023,196,100411,196,99975,296,100436,196,99956,196,100496,196,99935,196,100693,196,99910,196,101454,100,99899,100,,,99890,100,,,99837,100,,,99817,100,,,99665,100
2019-06-28 10:09:20.000000000,100222,341,100023,341,100411,341,99975,441,100436,100,99956,100,100496,100,99935,100,100693,100,99910,100,101454,100,99899,100,,,99890,100,,,99837,100,,,99817,100,,,99665,100
2019-06-28 10:09:30.000000000,100222,264,100023,264,100411,259,99975,359,100436,259,99956,259,100496,100,99935,100,100693,100,99910,100,101454,100,99899,100,,,99890,100,,,99837,100,,,99817,100,,,99665,100
2019-06-28 10:09:37.058342600,100222,264,100023,264,100411,259,99975,359,100436,259,99956,259,100693,100,99935,100,101454,100,99910,100,,,99899,100,,,99890,100,,,99837,100,,,99817,100,,,99702,100
2019-06-28 10:09:38.694422846,100222,264,100023,264,100411,259,99975,359,100436,259,99956,259,100693,100,99935,100,101454,100,99910,100,,,99899,100,,,99890,100,,,99837,100,,,99817,100,,,99764,100
2019-06-28 10:09:40.000000000,100222,196,100023,196,100411,196,99975,296,100436,196,99956,196,100693,196,99935,196,101454,196,99910,196,,,99899,100,,,99890,100,,,99837,100,,,99817,100,,,99764,100
2019-06-28 10:09:50.000000000,100222,196,100023,196,100411,196,99975,296,100436,196,99956,196,100693,196,99935,196,101454,196,99910,196,,,99899,100,,,99890,100,,,99837,100,,,99817,100,,,99764,100
2019-06-28 10:09:55.785915892,100222,196,100023,96,100411,196,99975,296,100436,196,99956,196,100693,196,99935,196,101454,96,99910,196,,,99899,100,,,99890,100,,,99837,100,,,99817,100,,,99764,100
2019-06-28 10:10:00.000000000,100222,220,99975,320,100411,220,99956,220,100436,220,99935,220,100693,220,99910,220,,,99899,100,,,99890,100,,,99837,100,,,99817,100,,,99764,100,,,99702,100
2019-06-28 10:10:05.274478235,100221,100,99975,320,100222,220,99956,220,100411,220,99935,220,100436,220,99910,220,100693,220,99899,100,,,99890,100,,,99837,100,,,99817,100,,,99764,100,,,99702,100
2019-06-28 10:10:10.000000000,100221,582,99975,682,100222,100,99956,100,100411,100,99935,100,100436,100,99910,100,100693,100,99899,100,,,99890,100,,,99837,100,,,99817,100,,,99764,100,,,99702,100
2019-06-28 10:10:10.708381679,100221,682,99975,682,100222,100,99956,100,100411,100,99935,100,100436,100,99910,100,100693,100,99899,100,,,99890,100,,,99837,100,,,99817,100,,,99764,100,,,99702,100
2019-06-28 10:10:14.441848601,100221,682,99975,682,100222,100,99958,100,100411,100,99956,100,100436,100,99935,100,100693,100,99910,100,,,99899,100,,,99890,100,,,99837,100,,,99817,100,,,99764,100
2019-06-28 10:10:16.563659643,100221,682,100016,100,100222,100,99975,682,100411,100,99958,100,100436,100,99956,100,100693,100,99935,100,,,99910,100,,,99899,100,,,99890,100,,,99837,100,,,99817,100
2019-06-28 10:10:20.000000000,100221,296,100016,196,100222,196,99975,296,100411,196,99958,196,100436,196,99956,196,100693,196,99935,196,,,99910,100,,,99899,100,,,99890,100,,,99837,100,,,99817,100
2019-06-28 10:10:27.115950119,100077,100,100016,196,100221,296,99975,296,100222,196,99958,196,100411,196,99956,196,100436,196,99935,196,100693,196,99910,100,,,99899,100,,,99890,100,,,99837,100,,,99817,100
2019-06-28 10:10:30.000000000,100077,582,100016,582,100221,200,99975,200,100222,100,99958,100,100411,100,99956,100,100436,100,99935,100,100693,100,99910,100,,,99899,100,,,99890,100,,,99837,100,,,99817,100
2019-06-28 10:10:40.000000000,100077,341,100016,341,100221,441,99975,441,100222,100,99958,100,100411,100,99956,100,100436,100,99935,100,100693,100,99910,100,,,99899,100,,,99890,100,,,99837,100,,,99817,100
2019-06-28 10:10:40.218756006,100077,341,100016,341,100221,441,99975,441,100222,100,99958,100,100411,100,99956,100,100436,100,99935,100,100693,100,99910,100,,,99899,100,,,99890,100,,,99837,100,,,99817,100
2019-06-28 10:10:50.000000000,100077,341,100016,341,100221,441,99975,441,100222,100,99958,100,100411,100,99956,100,100436,100,99935,100,100693,100,99910,100,,,99899,100,,,99890,100,,,99837,100,,,99817,100
