,ask_price_1,ask_size_1,bid_price_1,bid_size_1,ask_price_2,ask_size_2,bid_price_2,bid_size_2,ask_price_3,ask_size_3,bid_price_3,bid_size_3,ask_price_4,ask_size_4,bid_price_4,bid_size_4,ask_price_5,ask_size_5,bid_price_5,bid_size_5,ask_price_6,ask_size_6,bid_price_6,bid_size_6,ask_price_7,ask_size_7,bid_price_7,bid_size_7,ask_price_8,ask_size_8,bid_price_8,bid_size_8,ask_price_9,ask_size_9,bid_price_9,bid_size_9,ask_price_10,ask_size_10,bid_price_10,bid_size_10
2019-06-28 09:30:00.000000002,,,100043,100,,,,,,,,,,,,,,,,,,,,,,,,,,,,,,,,,,,,
2019-06-28 09:30:00.000000003,,,100043,100,,,99978,100,,,,,,,,,,,,,,,,,,,,,,,,,,,,,,,,
2019-06-28 09:30:00.000000004,100067,100,100043,100,,,99978,100,,,,,,,,,,,,,,,,,,,,,,,,,,,,,,,,
2019-06-28 09:30:00.000000007,100067,100,100043,100,100081,100,99978,100,,,,,,,,,,,,,,,,,,,,,,,,,,,,,,,,
2019-06-28 09:30:00.000000010,100067,100,100043,100,100081,100,99978,100,,,99952,100,,,,,,,,,,,,,,,,,,,,,,,,,,,,
2019-06-28 09:30:00.000000011,100067,100,100043,100,100079,100,99978,100,100081,100,99952,100,,,,,,,,,,,,,,,,,,,,,,,,,,,,
2019-06-28 09:30:00.000000012,100056,100,99978,100,100067,100,99953,100,100079,100,99952,100,100081,100,,,,,,,,,,,,,,,,,,,,,,,,,,
2019-06-28 09:30:00.000000013,100056,100,99978,100,100067,100,99953,100,100079,100,99952,100,100081,100,99928,100,100093,100,,,,,,,,,,,,,,,,,,,,,,
2019-06-28 09:30:00.000000016,100056,100,99978,100,100067,100,99953,100,100079,100,99952,100,100081,100,99951,100,100093,100,99928,100,,,,,,,,,,,,,,,,,,,,
2019-06-28 09:30:00.000000019,100056,100,99978,100,100067,100,99953,100,100079,100,99952,100,100081,100,99951,100,100083,100,99928,100,100093,100,99904,100,,,,,,,,,,,,,,,,
2019-06-28 09:30:00.000000020,100056,100,99999,100,100067,100,99978,100,100079,100,99953,100,100081,100,99952,100,100083,100,99951,100,100093,100,99928,100,,,99904,100,,,,,,,,,,,,
2019-06-28 09:30:00.000000021,100056,100,99999,100,100067,100,99998,100,100079,100,99978,100,100081,100,99953,100,100083,100,99952,100,100093,100,99951,100,,,99928,100,,,99904,100,,,,,,,,
2019-06-28 09:30:00.000000022,100056,100,99999,100,100058,100,99998,100,100067,100,99978,100,100079,100,99971,100,100081,100,99953,100,100083,100,99952,100,100093,100,99951,100,,,99928,100,,,99904,100,,,,
2019-06-28 09:30:00.000000023,100056,100,100045,100,100058,100,99999,100,100067,100,99998,100,100079,100,99978,100,100081,100,99971,100,100083,100,99953,100,100093,100,99952,100,,,99951,100,,,99928,100,,,99904,100
2019-06-28 09:30:00.000000024,100056,100,100045,100,100058,100,99999,100,100067,100,99998,100,100074,100,99978,100,100079,100,99971,100,100081,100,99953,100,100083,100,99952,100,100093,100,99951,100,,,99928,100,,,99904,100
2019-06-28 09:30:00.000000025,100056,100,100045,100,100058,100,99999,100,100067,100,99998,100,100074,100,99978,100,100079,100,99971,100,100081,100,99953,100,100083,100,99952,100,100093,100,99951,100,100096,100,99928,100,,,99904,100
2019-06-28 09:30:00.000000026,100056,100,100045,100,100058,100,99999,100,100067,100,99998,100,100074,100,99986,100,100079,100,99978,100,100081,100,99971,100,100083,100,99953,100,100093,100,99952,100,100096,100,99951,100,,,99928,100
2019-06-28 09:30:00.000000027,100056,100,99999,100,100058,100,99998,100,100067,100,99986,100,100074,100,99978,100,100079,100,99971,100,100081,100,99953,100,100083,100,99952,100,100090,100,99951,100,100093,100,99928,100,100096,100,99904,100
2019-06-28 09:30:00.000000028,100056,100,99999,100,100058,100,99998,100,100067,100,99996,100,100074,100,99986,100,100079,100,99978,100,100081,100,99971,100,100083,100,99953,100,100090,100,99952,100,100093,100,99951,100,100096,100,99928,100
2019-06-28 09:30:00.000000039,100058,100,99999,100,100067,100,99998,100,100074,100,99996,100,100079,100,99986,100,100081,100,99978,100,100083,100,99971,100,100090,100,99953,100,100093,100,99952,100,100096,100,99951,100,100104,100,99928,100
2019-06-28 09:30:00.000000040,100025,100,99999,100,100058,100,99998,100,100067,100,99996,100,100074,100,99986,100,100079,100,99978,100,100081,100,99971,100,100083,100,99953,100,100090,100,99952,100,100093,100,99951,100,100096,100,99928,100
2019-06-28 09:30:00.000000043,100025,100,99999,100,100056,100,99998,100,100058,100,99996,100,100067,100,99986,100,100074,100,99978,100,100079,100,99971,100,100081,100,99953,100,100083,100,99952,100,100090,100,99951,100,100093,100,99928,100
2019-06-28 09:30:00.000000044,100025,100,99999,100,100056,100,99998,100,100058,100,99996,100,100067,100,99986,100,100074,100,99978,100,100079,100,99971,100,100081,100,99953,100,100083,100,99952,100,100090,100,99951,100,100093,200,99928,100
2019-06-28 09:30:00.000000045,100025,100,99999,100,100032,100,99998,100,100056,100,99996,100,100058,100,99986,100,100067,100,99978,100,100074,100,99971,100,100079,100,99953,100,100081,100,99952,100,100083,100,99951,100,100090,100,99928,100
2019-06-28 09:30:00.000000046,100025,100,99999,100,100032,100,99998,100,100056,100,99996,100,100058,100,99986,100,100067,100,99978,100,100074,100,99971,100,100079,100,99953,100,100081,100,99952,100,100083,100,99951,100,100090,100,99928,100
2019-06-28 09:30:00.000000047,100025,100,99998,100,100032,100,99996,100,100056,100,99986,100,100058,100,99978,100,100067,100,99971,100,100074,100,99953,100,100079,100,99952,100,100081,100,99951,100,100083,100,99928,100,100090,100,99907,100
2019-06-28 09:30:00.000000048,100025,100,99998,100,100032,100,99996,100,100056,100,99986,100,100058,100,99978,100,100067,100,99971,100,100074,100,99953,100,100079,100,99952,100,100081,100,99951,100,100083,100,99928,100,100090,100,99907,100
2019-06-28 09:30:00.000000049,100025,100,99998,100,100032,100,99996,100,100056,100,99986,100,100058,100,99978,100,100067,100,99971,100,100074,100,99953,100,100079,100,99952,100,100081,100,99951,100,100083,100,99928,100,100090,100,99927,100
2019-06-28 09:30:00.000000051,100025,100,99998,100,100029,100,99996,100,100032,100,99986,100,100056,100,99978,100,100058,100,99971,100,100067,100,99953,100,100074,100,99952,100,100079,100,99951,100,100081,100,99928,100,100083,100,99927,100
2019-06-28 09:30:00.000000053,100024,100,99998,100,100025,100,99996,100,100029,100,99986,100,100032,100,99978,100,100056,100,99971,100,100058,100,99953,100,100067,100,99952,100,100074,100,99951,100,100079,100,99928,100,100081,100,99927,100
2019-06-28 09:30:00.000000055,100006,100,99998,100,100024,100,99996,100,100025,100,99986,100,100029,100,99978,100,100032,100,99971,100,100056,100,99953,100,100058,100,99952,100,100067,100,99951,100,100074,100,99928,100,100079,100,99927,100
2019-06-28 09:30:00.000000056,100006,100,99998,100,100024,100,99996,100,100025,100,99986,100,100029,100,99978,100,100032,100,99971,100,100056,100,99953,100,100058,100,99952,100,100067,100,99951,100,100074,100,99928,100,100079,100,99927,100
2019-06-28 09:30:00.000000061,100006,100,99998,100,100022,100,99996,100,100024,100,99986,100,100025,100,99978,100,100029,100,99971,100,100032,100,99953,100,100056,100,99952,100,100058,100,99951,100,100067,100,99928,100,100074,100,99927,100
2019-06-28 09:30:00.000000063,100006,100,99998,100,100022,100,99996,100,100024,100,99986,100,100025,100,99978,100,100029,100,99976,100,100032,100,99971,100,100056,100,99953,100,100058,100,99952,100,100067,100,99951,100,100074,100,99928,100
2019-06-28 09:30:00.000000064,100006,100,99999,100,100022,100,99998,100,100024,100,99996,100,100025,100,99986,100,100029,100,99978,100,100032,100,99976,100,100056,100,99971,100,100058,100,99953,100,100067,100,99952,100,100074,100,99951,100
2019-06-28 09:30:00.000000067,100006,100,99999,100,100022,100,99998,100,100024,100,99996,100,100025,100,99986,100,100029,100,99978,100,100032,100,99976,100,100056,100,99971,100,100058,100,99953,100,100067,100,99952,100,100074,100,99951,100
2019-06-28 09:30:00.000000071,99999,100,99998,100,100006,100,99996,100,100022,100,99986,100,100024,100,99978,100,100025,100,99976,100,100029,100,99971,100,100032,100,99953,100,100056,100,99952,100,100058,100,99951,100,100067,100,99945,100
2019-06-28 09:30:00.000000079,99999,100,99998,100,100006,100,99996,100,100022,100,99986,100,100024,100,99978,100,100025,100,99976,100,100029,100,99971,100,100032,100,99953,100,100056,100,99952,100,100058,100,99951,100,100067,100,99945,100
2019-06-28 09:30:00.000000083,99999,200,99998,100,100006,100,99996,100,100022,100,99986,100,100024,100,99978,100,100025,100,99976,100,100029,100,99971,100,100032,100,99953,100,100056,100,99952,100,100058,100,99951,100,100067,100,99945,100
2019-06-28 09:30:00.000000085,99999,100,99998,100,100006,100,99996,100,100022,100,99986,100,100024,100,99978,100,100025,100,99976,100,100029,100,99971,100,100032,100,99953,100,100056,100,99952,100,100058,100,99951,100,100067,100,99945,100
2019-06-28 09:30:00.000000086,99999,100,99998,100,100006,100,99996,100,100022,100,99986,100,100024,100,99978,100,100025,100,99976,100,100029,100,99971,100,100032,100,99953,100,100056,100,99952,100,100058,100,99951,100,100067,200,99945,100
2019-06-28 09:30:00.000000087,99999,100,99998,100,100006,100,99996,100,100022,100,99986,100,100024,100,99978,100,100025,100,99976,100,100029,100,99971,100,100032,100,99953,100,100056,100,99952,100,100058,100,99951,100,100067,200,99945,100
2019-06-28 09:30:00.000000088,99999,100,99998,100,100006,100,99996,100,100022,100,99986,100,100024,100,99978,100,100025,100,99976,100,100029,100,99971,100,100032,100,99953,100,100039,100,99952,100,100056,100,99951,100,100058,100,99945,100
2019-06-28 09:30:00.000000089,99999,100,99998,100,100006,100,99996,100,100022,100,99986,100,100024,100,99978,100,100025,100,99976,100,100029,100,99971,100,100032,100,99953,100,100039,100,99952,100,100056,100,99951,100,100058,100,99945,100
2019-06-28 09:30:00.000000090,99999,100,99998,100,100006,100,99996,100,100022,100,99986,100,100024,100,99978,100,100025,100,99976,100,100029,100,99971,100,100032,100,99953,100,100039,100,99952,100,100056,100,99951,100,100058,100,99945,100
2019-06-28 09:30:00.000000093,99999,100,99998,100,100006,100,99996,100,100022,100,99986,100,100024,100,99978,100,100025,100,99976,100,100029,100,99971,100,100032,100,99953,100,100039,100,99952,100,100056,100,99951,100,100058,100,99945,100
2019-06-28 09:30:00.000000097,99999,100,99998,100,100006,100,99996,100,100022,100,99986,100,100024,100,99978,100,100025,100,99976,100,100029,100,99971,100,100032,100,99953,100,100039,100,99952,100,100056,100,99951,100,100058,100,99945,100
2019-06-28 09:30:00.000000098,99999,100,99996,100,100006,100,99986,100,100022,100,99978,100,100024,100,99976,100,100025,100,99971,100,100029,100,99953,100,100032,100,99952,100,100039,100,99951,100,100056,100,99945,100,100058,100,99928,100
2019-06-28 09:30:00.000000099,99999,100,99996,100,100006,100,99986,100,100022,100,99978,100,100024,100,99976,100,100025,100,99971,100,100029,100,99953,100,100032,100,99952,100,100039,100,99951,100,100056,100,99945,100,100058,100,99928,100
2019-06-28 09:30:04.945134868,99999,100,99996,100,100006,100,99986,100,100022,100,99978,100,100024,100,99976,100,100025,100,99971,100,100029,100,99953,100,100032,100,99952,100,100039,100,99951,100,100056,100,99945,100,100058,100,99928,100
2019-06-28 09:30:10.000000000,99999,162,99996,162,100006,162,99986,162,100022,162,99978,162,100024,162,99976,162,100025,100,99971,100,100029,100,99953,100,100032,100,99952,100,100039,100,99951,100,100056,100,99945,100,100058,100,99928,100
2019-06-28 09:30:20.000000000,99999,150,99996,150,100006,150,99986,150,100022,150,99978,150,100024,150,99976,150,100025,150,99971,150,100029,100,99953,100,100032,100,99952,100,100039,100,99951,100,100056,100,99945,100,100058,100,99928,100
2019-06-28 09:30:20.469271641,99999,150,99998,100,100006,150,99996,150,100022,150,99986,150,100024,150,99978,150,100025,150,99976,150,100029,100,99971,150,100032,100,99953,100,100039,100,99952,100,100056,100,99951,100,100058,100,99945,100
2019-06-28 09:30:20.830407131,99999,50,99998,100,100006,150,99996,150,100022,150,99986,150,100024,150,99978,150,100025,150,99976,150,100029,100,99971,150,100032,100,99953,100,100039,100,99952,100,100056,100,99951,100,100058,100,99945,100
2019-06-28 09:30:30.000000000,100006,150,99998,150,100022,150,99996,150,100024,150,99986,150,100025,150,99978,150,100029,150,99976,150,100032,100,99971,100,100039,100,99953,100,100056,100,99952,100,100058,100,99951,100,100067,200,99945,100
2019-06-28 09:30:40.000000000,100006,185,99998,185,100022,182,99996,182,100024,182,99986,182,100025,100,99978,100,100029,100,99976,100,100032,100,99971,100,100039,100,99953,100,100056,100,99952,100,100058,100,99951,100,100067,200,99945,100
2019-06-28 09:30:47.773566427,100006,185,99998,185,100022,182,99996,182,100024,182,99986,182,100025,100,99978,100,100029,100,99976,100,100032,100,99971,100,100039,100,99953,100,100056,100,99952,100,100058,100,99951,100,100067,200,99945,100
2019-06-28 09:30:50.000000000,100006,350,99998,350,100022,100,99996,100,100024,100,99986,100,100025,100,99978,100,100029,100,99976,100,100032,100,99971,100,100039,100,99953,100,100056,100,99952,100,100058,100,99951,100,100067,200,99945,100
2019-06-28 09:30:51.783587673,100006,350,99999,100,100022,100,99998,350,100024,100,99996,100,100025,100,99986,100,100029,100,99978,100,100032,100,99976,100,100039,100,99971,100,100056,100,99953,100,100058,100,99952,100,100067,200,99951,100
2019-06-28 09:31:00.000000000,100006,150,99999,150,100022,150,99998,150,100024,150,99996,150,100025,150,99986,150,100029,150,99978,150,100032,100,99976,100,100039,100,99971,100,100056,100,99953,100,100058,100,99952,100,100067,200,99951,100
2019-06-28 09:31:01.362583871,100006,150,99999,50,100022,150,99998,150,100024,150,99996,150,100025,150,99986,150,100029,150,99978,150,100032,100,99976,100,100039,100,99971,100,100056,100,99953,100,100058,100,99952,100,100067,200,99951,100
2019-06-28 09:31:05.662850271,100006,150,99999,50,100022,150,99998,150,100024,150,99996,150,100025,150,99986,150,100029,150,99978,150,100032,100,99976,100,100039,100,99971,100,100056,100,99953,100,100058,100,99952,100,100067,200,99951,100
2019-06-28 09:31:10.000000000,100006,185,99998,185,100022,182,99996,182,100024,182,99986,182,100025,100,99978,100,100029,100,99976,100,100032,100,99971,100,100039,100,99953,100,100056,100,99952,100,100058,100,99951,100,100067,200,99945,100
2019-06-28 09:31:15.792749915,100006,185,99998,185,100022,182,99996,182,100024,182,99986,182,100025,100,99978,100,100029,100,99976,100,100032,100,99971,100,100039,100,99953,100,100056,100,99952,100,100058,100,99951,100,100067,200,99945,100
2019-06-28 09:31:18.834588227,100006,185,99998,185,100022,182,99996,182,100024,182,99986,182,100025,100,99978,100,100029,100,99976,100,100032,100,99971,100,100039,100,99953,100,100056,100,99952,100,100058,100,99951,100,100067,200,99945,100
2019-06-28 09:31:20.000000000,100006,350,99998,350,100022,100,99996,100,100024,100,99986,100,100025,100,99978,100,100029,100,99976,100,100032,100,99971,100,100039,100,99953,100,100056,100,99952,100,100058,100,99951,100,100067,200,99945,100
2019-06-28 09:31:21.287511192,100006,350,99998,250,100022,100,99996,100,100024,100,99986,100,100025,100,99978,100,100029,100,99976,100,100032,100,99953,100,100039,100,99952,100,100056,100,99951,100,100058,100,99945,100,100067,200,99928,100
2019-06-28 09:31:30.000000000,100006,350,99996,350,100022,100,99986,100,100024,100,99978,100,100025,100,99976,100,100029,100,99953,100,100032,100,99952,100,100039,100,99951,100,100056,100,99945,100,100058,100,99928,100,100067,200,99927,100
2019-06-28 09:31:36.213985074,100006,350,99996,350,100022,100,99986,100,100024,100,99978,100,100025,100,99976,100,100029,100,99952,100,100032,100,99951,100,100039,100,99945,100,100056,100,99928,100,100058,100,99927,100,100067,200,99919,100
2019-06-28 09:31:40.000000000,100006,162,99996,162,100022,162,99986,162,100024,162,99978,162,100025,162,99976,162,100029,100,99952,100,100032,100,99951,100,100039,100,99945,100,100056,100,99928,100,100058,100,99927,100,100067,200,99919,100
2019-06-28 09:31:49.827621556,100006,162,99996,162,100022,62,99986,162,100024,162,99978,162,100025,162,99976,162,100029,100,99952,100,100032,100,99951,100,100039,100,99945,100,100056,100,99928,100,100058,100,99927,100,100067,200,99919,100
2019-06-28 09:31:50.000000000,100006,350,99996,350,100024,100,99986,100,100025,100,99978,100,100029,100,99976,100,100032,100,99952,100,100039,100,99951,100,100056,100,99945,100,100058,100,99928,100,100067,200,99927,100,100074,100,99919,100
2019-06-28 09:31:58.561856380,100006,250,99996,350,100024,100,99986,100,100025,100,99978,100,100029,100,99976,100,100032,100,99952,100,100039,100,99951,100,100056,100,99945,100,100058,100,99928,100,100067,200,99927,100,100074,100,99919,100
2019-06-28 09:32:00.000000000,100024,185,99996,185,100025,182,99986,182,100029,182,99978,182,100032,100,99976,100,100039,100,99952,100,100056,100,99951,100,100058,100,99945,100,100067,200,99928,100,100074,100,99927,100,100079,100,99919,100
2019-06-28 09:32:10.000000000,100024,225,99996,225,100025,225,99986,225,100029,100,99978,100,100032,100,99976,100,100039,100,99952,100,100056,100,99951,100,100058,100,99945,100,100067,200,99928,100,100074,100,99927,100,100079,100,99919,100
2019-06-28 09:32:20.000000000,100024,185,99996,185,100025,182,99986,182,100029,182,99978,182,100032,100,99976,100,100039,100,99952,100,100056,100,99951,100,100058,100,99945,100,100067,200,99928,100,100074,100,99927,100,100079,100,99919,100
2019-06-28 09:32:26.224066293,100024,185,99996,185,100025,182,99986,182,100029,182,99978,182,100032,100,99952,100,100039,100,99951,100,100056,100,99945,100,100058,100,99928,100,100067,200,99927,100,100074,100,99919,100,100079,100,99907,100
2019-06-28 09:32:30.000000000,100024,150,99996,150,100025,150,99986,150,100029,150,99978,150,100032,150,99952,150,100039,150,99951,150,100056,100,99945,100,100058,100,99928,100,100067,200,99927,100,100074,100,99919,100,100079,100,99907,100
2019-06-28 09:32:40.000000000,100024,162,99996,162,100025,162,99986,162,100029,162,99978,162,100032,162,99952,162,100039,100,99951,100,100056,100,99945,100,100058,100,99928,100,100067,200,99927,100,100074,100,99919,100,100079,100,99907,100
2019-06-28 09:32:49.613196697,100024,162,99996,62,100025,162,99986,162,100029,162,99978,162,100032,162,99952,162,100039,100,99951,100,100056,100,99945,100,100058,100,99928,100,100067,200,99927,100,100074,100,99919,100,100079,100,99907,100
2019-06-28 09:32:50.000000000,100024,350,99986,350,100025,100,99978,100,100029,100,99952,100,100032,100,99951,100,100039,100,99945,100,100056,100,99928,100,100058,100,99927,100,100067,200,99919,100,100074,100,99907,100,100079,100,99904,100
2019-06-28 09:32:58.894598260,100005,100,99986,350,100024,350,99978,100,100025,100,99952,100,100029,100,99951,100,100032,100,99945,100,100039,100,99928,100,100056,100,99927,100,100058,100,99919,100,100067,200,99907,100,100074,100,99904,100
2019-06-28 09:33:00.000000000,100005,185,99986,185,100024,182,99978,182,100025,182,99952,182,100029,100,99951,100,100032,100,99945,100,100039,100,99928,100,100056,100,99927,100,100058,100,99919,100,100067,200,99907,100,100074,100,99904,100
2019-06-28 09:33:10.000000000,100005,225,99986,225,100024,225,99978,225,100025,100,99952,100,100029,100,99951,100,100032,100,99945,100,100039,100,99928,100,100056,100,99927,100,100058,100,99919,100,100067,200,99907,100,100074,100,99904,100
2019-06-28 09:33:20.000000000,100005,150,99986,150,100024,150,99978,150,100025,150,99952,150,100029,150,99951,150,100032,150,99945,150,100039,100,99928,100,100056,100,99927,100,100058,100,99919,100,100067,200,99907,100,100074,100,99904,100
2019-06-28 09:33:26.842257282,100005,150,99986,150,100024,150,99978,150,100025,150,99952,150,100029,150,99951,150,100032,150,99945,150,100039,100,99928,100,100056,100,99927,100,100058,100,99919,100,100067,200,99907,100,100074,100,99904,100
2019-06-28 09:33:30.000000000,100005,150,99986,150,100024,150,99978,150,100025,150,99952,150,100029,150,99951,150,100032,150,99945,150,100039,100,99928,100,100056,100,99927,100,100058,100,99919,100,100067,200,99907,100,100074,100,99904,100
2019-06-28 09:33:40.000000000,100005,225,99986,225,100024,225,99978,225,100025,100,99952,100,100029,100,99951,100,100032,100,99945,100,100039,100,99928,100,100056,100,99927,100,100058,100,99919,100,100067,200,99907,100,100074,100,99904,100
2019-06-28 09:33:41.248137648,100005,225,99986,125,100024,225,99978,225,100025,100,99952,100,100029,100,99951,100,100032,100,99945,100,100039,100,99928,100,100056,100,99927,100,100058,100,99919,100,100067,200,99907,100,100074,100,99904,100
2019-06-28 09:33:50.000000000,100005,162,99978,162,100024,162,99952,162,100025,162,99951,162,100029,162,99945,162,100032,100,99928,100,100039,100,99927,100,100056,100,99919,100,100058,100,99907,100,100067,200,99904,100,100074,100,99886,100
2019-06-28 09:34:00.000000000,100005,150,99978,150,100024,150,99952,150,100025,150,99951,150,100029,150,99945,150,100032,150,99928,150,100039,100,99927,100,100056,100,99919,100,100058,100,99907,100,100067,200,99904,100,100074,100,99886,100
2019-06-28 09:34:05.643047806,100005,150,99978,50,100024,150,99952,150,100025,150,99951,150,100029,150,99945,150,100032,150,99928,150,100039,100,99927,100,100056,100,99919,100,100058,100,99907,100,100067,200,99904,100,100074,100,99886,100
2019-06-28 09:34:10.000000000,100005,162,99952,162,100024,162,99951,162,100025,162,99945,162,100029,162,99928,162,100032,100,99927,100,100039,100,99919,100,100056,100,99907,100,100058,100,99904,100,100067,200,99886,100,100074,100,99870,100
2019-06-28 09:34:20.000000000,100005,162,99952,162,100024,162,99951,162,100025,162,99945,162,100029,162,99928,162,100032,100,99927,100,100039,100,99919,100,100056,100,99907,100,100058,100,99904,100,100067,200,99886,100,100074,100,99870,100
2019-06-28 09:34:28.740480212,100005,162,99952,62,100024,162,99951,162,100025,162,99945,162,100029,162,99928,162,100032,100,99927,100,100039,100,99919,100,100056,100,99907,100,100058,100,99904,100,100067,200,99886,100,100074,100,99870,100
2019-06-28 09:34:30.000000000,100005,185,99951,185,100024,182,99945,182,100025,182,99928,182,100029,100,99927,100,100032,100,99919,100,100039,100,99907,100,100056,100,99904,100,100058,100,99886,100,100067,200,99870,100,100074,100,99828,100
2019-06-28 09:34:39.023780059,100005,85,99951,185,100024,182,99945,182,100025,182,99928,182,100029,100,99927,100,100032,100,99919,100,100039,100,99907,100,100056,100,99904,100,100058,100,99886,100,100067,200,99870,100,100074,100,99828,100
2019-06-28 09:34:40.000000000,100024,150,99951,150,100025,150,99945,150,100029,150,99928,150,100032,150,99927,150,100039,150,99919,150,100056,100,99907,100,100058,100,99904,100,100067,200,99886,100,100074,100,99870,100,100079,100,99828,100
2019-06-28 09:34:42.717391582,100024,150,99951,50,100025,150,99945,150,100029,150,99928,150,100032,150,99927,150,100039,150,99919,150,100056,100,99907,100,100058,100,99904,100,100067,200,99886,100,100079,100,99870,100,100081,100,99828,100
2019-06-28 09:34:50.000000000,100024,185,99945,185,100025,182,99928,182,100029,182,99927,182,100032,100,99919,100,100039,100,99907,100,100056,100,99904,100,100058,100,99886,100,100067,200,99870,100,100079,100,99828,100,100081,100,99827,100
2019-06-28 09:34:51.470939359,100024,185,99945,85,100025,182,99928,182,100029,182,99927,182,100032,100,99919,100,100039,100,99907,100,100056,100,99904,100,100058,100,99886,100,100067,200,99870,100,100079,100,99828,100,100081,100,99827,100
2019-06-28 09:34:51.486043531,99945,15,99928,182,100024,185,99927,182,100025,182,99919,100,100029,182,99907,100,100032,100,99904,100,100039,100,99886,100,100056,100,99870,100,100058,100,99828,100,100067,200,99827,100,100079,100,99824,100
2019-06-28 09:35:00.000000000,99945,100,99928,185,100024,182,99927,182,100025,182,99919,182,100029,100,99907,100,100032,100,99904,100,100039,100,99886,100,100056,100,99870,100,100058,100,99828,100,100067,200,99827,100,100079,100,99824,100
2019-06-28 09:35:10.000000000,99945,265,99928,350,100024,100,99927,100,100025,100,99919,100,100029,100,99907,100,100032,100,99904,100,100039,100,99886,100,100056,100,99870,100,100058,100,99828,100,100067,200,99827,100,100079,100,99824,100
2019-06-28 09:35:19.826098227,99945,265,99928,350,100024,100,99927,100,100025,100,99919,100,100029,100,99907,100,100032,100,99904,100,100039,100,99886,100,100056,100,99870,100,100058,100,99828,100,100067,200,99827,100,100079,100,99824,100
2019-06-28 09:35:20.000000000,99945,65,99928,150,100024,150,99927,150,100025,150,99919,150,100029,150,99907,150,100032,150,99904,150,100039,100,99886,100,100056,100,99870,100,100058,100,99828,100,100067,200,99827,100,100079,100,99824,100
2019-06-28 09:35:30.000000000,99945,65,99928,150,100024,150,99927,150,100025,150,99919,150,100029,150,99907,150,100032,150,99904,150,100039,100,99886,100,100056,100,99870,100,100058,100,99828,100,100067,200,99827,100,100079,100,99824,100
2019-06-28 09:35:35.701439798,100024,150,99945,35,100025,150,99928,150,100029,150,99927,150,100032,150,99919,150,100039,100,99907,50,100056,100,99904,150,100058,100,99886,100,100067,200,99870,100,100079,100,99828,100,100081,100,99827,100
2019-06-28 09:35:40.000000000,100024,150,99945,85,100025,150,99928,150,100029,150,99927,150,100032,150,99919,150,100039,150,99904,150,100056,100,99886,100,100058,100,99870,100,100067,200,99828,100,100079,100,99827,100,100081,100,99824,100
2019-06-28 09:35:50.000000000,100024,162,99945,97,100025,162,99928,162,100029,162,99927,162,100032,162,99919,162,100039,100,99904,100,100056,100,99886,100,100058,100,99870,100,100067,200,99828,100,100079,100,99827,100,100081,100,99824,100
2019-06-28 09:35:52.789430032,99945,3,99928,162,100024,162,99927,162,100025,162,99919,162,100029,162,99904,100,100032,162,99886,100,100039,100,99870,100,100056,100,99828,100,100058,100,99827,100,100067,200,99824,100,100079,100,99803,100
2019-06-28 09:35:54.840752163,99945,3,99928,162,100024,162,99927,62,100025,162,99919,162,100029,162,99904,100,100032,162,99886,100,100039,100,99870,100,100056,100,99828,100,100058,100,99827,100,100067,200,99824,100,100079,100,99803,100
2019-06-28 09:35:57.841178900,99945,3,99928,162,100024,162,99927,62,100025,162,99919,162,100029,162,99904,100,100032,162,99886,100,100039,100,99870,100,100056,100,99828,100,100058,100,99827,100,100067,200,99824,100,100079,100,99803,100
2019-06-28 09:36:00.000000000,99945,128,99928,225,100024,225,99919,225,100025,100,99904,100,100029,100,99886,100,100032,100,99870,100,100039,100,99828,100,100056,100,99827,100,100058,100,99824,100,100067,200,99803,100,100079,100,99763,100
2019-06-28 09:36:04.662009267,99945,125,99928,225,100024,225,99919,225,100025,100,99904,100,100029,100,99886,100,100032,100,99870,100,100039,100,99828,100,100056,100,99827,100,100058,100,99824,100,100067,200,99803,100,100079,100,99763,100
2019-06-28 09:36:10.000000000,100024,350,99928,350,100025,100,99919,100,100029,100,99904,100,100032,100,99886,100,100039,100,99870,100,100056,100,99828,100,100058,100,99827,100,100067,200,99824,100,100079,100,99803,100,100081,100,99763,100
2019-06-28 09:36:20.000000000,100024,162,99928,162,100025,162,99919,162,100029,162,99904,162,100032,162,99886,162,100039,100,99870,100,100056,100,99828,100,100058,100,99827,100,100067,200,99824,100,100079,100,99803,100,100081,100,99763,100
2019-06-28 09:36:30.000000000,100024,185,99928,185,100025,182,99919,182,100029,182,99904,182,100032,100,99886,100,100039,100,99870,100,100056,100,99828,100,100058,100,99827,100,100067,200,99824,100,100079,100,99803,100,100081,100,99763,100
2019-06-28 09:36:40.000000000,100024,162,99928,162,100025,162,99919,162,100029,162,99904,162,100032,162,99886,162,100039,100,99870,100,100056,100,99828,100,100058,100,99827,100,100067,200,99824,100,100079,100,99803,100,100081,100,99763,100
2019-06-28 09:36:50.000000000,100024,350,99928,350,100025,100,99919,100,100029,100,99904,100,100032,100,99886,100,100039,100,99870,100,100056,100,99828,100,100058,100,99827,100,100067,200,99824,100,100079,100,99803,100,100081,100,99763,100
2019-06-28 09:36:57.533283038,100024,350,99928,350,100025,100,99919,100,100029,100,99904,100,100032,100,99886,100,100039,100,99870,100,100056,100,99828,100,100058,100,99827,100,100067,100,99824,100,100079,100,99803,100,100081,100,99763,100
2019-06-28 09:36:58.992713044,100024,250,99928,350,100025,100,99919,100,100029,100,99904,100,100032,100,99886,100,100039,100,99870,100,100056,100,99828,100,100058,100,99827,100,100067,100,99824,100,100079,100,99763,100,100081,100,99650,100
2019-06-28 09:37:00.000000000,100025,150,99928,150,100029,150,99919,150,100032,150,99904,150,100039,150,99886,150,100056,150,99870,150,100058,100,99828,100,100067,100,99827,100,100079,100,99824,100,100081,100,99763,100,100088,100,99650,100
2019-06-28 09:37:06.036811658,100025,150,99928,150,100029,150,99919,150,100032,150,99904,150,100039,150,99886,150,100056,150,99870,150,100058,100,99828,100,100067,100,99827,100,100079,100,99824,100,100081,100,99763,100,100093,200,99650,100
2019-06-28 09:37:10.000000000,100025,162,99928,162,100029,162,99919,162,100032,162,99904,162,100039,162,99886,162,100056,100,99870,100,100058,100,99828,100,100067,100,99827,100,100079,100,99824,100,100081,100,99763,100,100093,200,99650,100
2019-06-28 09:37:20.000000000,100025,350,99928,350,100029,100,99919,100,100032,100,99904,100,100039,100,99886,100,100056,100,99870,100,100058,100,99828,100,100067,100,99827,100,100079,100,99824,100,100081,100,99763,100,100093,200,99650,100
2019-06-28 09:37:21.910764801,100022,100,99928,350,100025,350,99919,100,100029,100,99904,100,100032,100,99886,100,100039,100,99870,100,100056,100,99828,100,100067,100,99827,100,100079,100,99824,100,100081,100,99763,100,100093,200,99650,100
2019-06-28 09:37:30.000000000,100022,150,99928,150,100025,150,99919,150,100029,150,99904,150,100032,150,99886,150,100039,150,99870,150,100056,100,99828,100,100067,100,99827,100,100079,100,99824,100,100081,100,99763,100,100093,200,99650,100
2019-06-28 09:37:40.000000000,100022,162,99928,162,100025,162,99919,162,100029,162,99904,162,100032,162,99886,162,100039,100,99870,100,100056,100,99828,100,100067,100,99827,100,100079,100,99824,100,100081,100,99763,100,100093,200,99650,100
2019-06-28 09:37:50.000000000,100022,225,99928,225,100025,225,99919,225,100029,100,99904,100,100032,100,99886,100,100039,100,99870,100,100056,100,99828,100,100067,100,99827,100,100079,100,99824,100,100081,100,99763,100,100093,200,99650,100
2019-06-28 09:38:00.000000000,100022,350,99928,350,100025,100,99919,100,100029,100,99904,100,100032,100,99886,100,100039,100,99870,100,100056,100,99828,100,100067,100,99827,100,100079,100,99824,100,100081,100,99763,100,100093,200,99650,100
2019-06-28 09:38:10.000000000,100022,150,99928,150,100025,150,99919,150,100029,150,99904,150,100032,150,99886,150,100039,150,99870,150,100056,100,99828,100,100067,100,99827,100,100079,100,99824,100,100081,100,99763,100,100093,200,99650,100
2019-06-28 09:38:20.000000000,100022,225,99928,225,100025,225,99919,225,100029,100,99904,100,100032,100,99886,100,100039,100,99870,100,100056,100,99828,100,100067,100,99827,100,100079,100,99824,100,100081,100,99763,100,100093,200,99650,100
2019-06-28 09:38:30.000000000,100022,225,99928,225,100025,225,99919,225,100029,100,99904,100,100032,100,99886,100,100039,100,99870,100,100056,100,99828,100,100067,100,99827,100,100079,100,99824,100,100081,100,99763,100,100093,200,99650,100
2019-06-28 09:38:40.000000000,100022,150,99928,150,100025,150,99919,150,100029,150,99904,150,100032,150,99886,150,100039,150,99870,150,100056,100,99828,100,100067,100,99827,100,100079,100,99824,100,100081,100,99763,100,100093,200,99650,100
2019-06-28 09:38:43.855512304,100022,150,99928,150,100025,150,99919,150,100029,150,99904,150,100032,150,99886,150,100039,150,99870,150,100056,100,99827,100,100067,100,99824,100,100079,100,99763,100,100081,100,99650,100,100093,200,99628,100
2019-06-28 09:38:50.000000000,100022,162,99928,162,100025,162,99919,162,100029,162,99904,162,100032,162,99886,162,100039,100,99870,100,100056,100,99827,100,100067,100,99824,100,100079,100,99763,100,100081,100,99650,100,100093,200,99628,100
2019-06-28 09:39:00.000000000,100022,225,99928,225,100025,225,99919,225,100029,100,99904,100,100032,100,99886,100,100039,100,99870,100,100056,100,99827,100,100067,100,99824,100,100079,100,99763,100,100081,100,99650,100,100093,200,99628,100
2019-06-28 09:39:10.000000000,100022,150,99928,150,100025,150,99919,150,100029,150,99904,150,100032,150,99886,150,100039,150,99870,150,100056,100,99827,100,100067,100,99824,100,100079,100,99763,100,100081,100,99650,100,100093,200,99628,100
2019-06-28 09:39:10.335575491,100022,150,99928,150,100025,150,99919,150,100029,150,99904,150,100032,150,99886,150,100039,150,99870,150,100056,100,99824,100,100067,100,99763,100,100079,100,99650,100,100081,100,99628,100,100093,200,99617,100
2019-06-28 09:39:20.000000000,100022,350,99928,350,100025,100,99919,100,100029,100,99904,100,100032,100,99886,100,100039,100,99870,100,100056,100,99824,100,100067,100,99763,100,100079,100,99650,100,100081,100,99628,100,100093,200,99617,100
2019-06-28 09:39:30.000000000,100022,162,99928,162,100025,162,99919,162,100029,162,99904,162,100032,162,99886,162,100039,100,99870,100,100056,100,99824,100,100067,100,99763,100,100079,100,99650,100,100081,100,99628,100,100093,200,99617,100
2019-06-28 09:39:34.765738825,100022,62,99928,162,100025,162,99919,162,100029,162,99904,162,100032,162,99886,162,100039,100,99870,100,100056,100,99763,100,100067,100,99650,100,100079,100,99628,100,100081,100,99617,100,100093,200,99583,100
2019-06-28 09:39:35.027810185,100022,62,99928,162,100025,162,99919,162,100029,162,99904,162,100032,162,99886,162,100039,100,99870,100,100056,100,99763,100,100067,100,99650,100,100079,100,99628,100,100081,100,99617,100,100093,200,99583,100
2019-06-28 09:39:40.000000000,100025,185,99928,185,100029,182,99919,182,100032,182,99904,182,100039,100,99886,100,100056,100,99870,100,100067,100,99763,100,100079,100,99650,100,100081,100,99628,100,100093,200,99617,100,100096,100,99583,100
2019-06-28 09:39:50.000000000,100025,150,99928,150,100029,150,99919,150,100032,150,99904,150,100039,150,99886,150,100056,150,99870,150,100067,100,99763,100,100079,100,99650,100,100081,100,99628,100,100093,200,99617,100,100096,100,99583,100
2019-06-28 09:39:57.251723538,100025,50,99928,150,100029,150,99919,150,100032,150,99904,150,100039,150,99886,150,100056,150,99870,150,100067,100,99763,100,100079,100,99650,100,100081,100,99628,100,100093,200,99617,100,100096,100,99583,100
2019-06-28 09:40:00.000000000,100029,225,99928,225,100032,225,99919,225,100039,100,99904,100,100056,100,99886,100,100067,100,99870,100,100079,100,99763,100,100081,100,99650,100,100093,200,99628,100,100096,100,99617,100,100107,100,99583,100
2019-06-28 09:40:10.000000000,100029,185,99928,185,100032,182,99919,182,100039,182,99904,182,100056,100,99886,100,100067,100,99870,100,100079,100,99763,100,100081,100,99650,100,100093,200,99628,100,100096,100,99617,100,100107,100,99583,100
2019-06-28 09:40:13.612747590,100029,185,100022,100,100032,182,99928,185,100039,182,99919,182,100056,100,99904,182,100067,100,99886,100,100079,100,99870,100,100081,100,99763,100,100093,200,99650,100,100096,100,99628,100,100107,100,99617,100
2019-06-28 09:40:20.000000000,100029,185,100022,185,100032,182,99928,182,100039,182,99919,182,100056,100,99904,100,100067,100,99886,100,100079,100,99870,100,100081,100,99763,100,100093,200,99650,100,100096,100,99628,100,100107,100,99617,100
2019-06-28 09:40:26.556389752,100029,85,100022,185,100032,182,99928,182,100039,182,99919,182,100056,100,99904,100,100067,100,99886,100,100079,100,99870,100,100081,100,99763,100,100093,200,99650,100,100096,100,99628,100,100107,100,99617,100
2019-06-28 09:40:30.000000000,100032,150,100022,150,100039,150,99928,150,100056,150,99919,150,100067,150,99904,150,100079,150,99886,150,100081,100,99870,100,100093,200,99763,100,100096,100,99650,100,100107,100,99628,100,100112,100,99617,100
2019-06-28 09:40:40.000000000,100032,150,100022,150,100039,150,99928,150,100056,150,99919,150,100067,150,99904,150,100079,150,99886,150,100081,100,99870,100,100093,200,99763,100,100096,100,99650,100,100107,100,99628,100,100112,100,99617,100
2019-06-28 09:40:41.780301688,100032,150,100022,150,100039,150,99928,150,100056,150,99919,150,100067,150,99904,150,100079,150,99886,150,100081,100,99870,100,100093,200,99763,100,100096,100,99650,100,100107,100,99628,100,100112,100,99617,100
2019-06-28 09:40:50.000000000,100032,225,100022,225,100039,225,99928,225,100056,100,99919,100,100067,100,99904,100,100079,100,99886,100,100081,100,99870,100,100093,200,99763,100,100096,100,99650,100,100107,100,99628,100,100112,100,99617,100
2019-06-28 09:41:00.000000000,100032,185,100022,185,100039,182,99928,182,100056,182,99919,182,100067,100,99904,100,100079,100,99886,100,100081,100,99870,100,100093,200,99763,100,100096,100,99650,100,100107,100,99628,100,100112,100,99617,100
2019-06-28 09:41:10.000000000,100032,185,100022,185,100039,182,99928,182,100056,182,99919,182,100067,100,99904,100,100079,100,99886,100,100081,100,99870,100,100093,200,99763,100,100096,100,99650,100,100107,100,99628,100,100112,100,99617,100
2019-06-28 09:41:18.477659141,100032,185,100022,185,100039,182,99928,182,100056,182,99919,182,100067,100,99904,100,100079,100,99886,100,100081,100,99870,100,100093,200,99763,100,100096,100,99650,100,100107,100,99628,100,100112,100,99617,100
2019-06-28 09:41:20.000000000,100032,225,100022,225,100039,225,99928,225,100056,100,99919,100,100067,100,99904,100,100079,100,99886,100,100081,100,99870,100,100093,200,99763,100,100096,100,99650,100,100107,100,99628,100,100112,100,99617,100
2019-06-28 09:41:24.247465821,100032,125,100022,225,100039,225,99928,225,100056,100,99919,100,100067,100,99904,100,100079,100,99886,100,100081,100,99870,100,100093,200,99763,100,100096,100,99650,100,100107,100,99628,100,100112,100,99617,100
2019-06-28 09:41:30.000000000,100039,225,100022,225,100056,225,99928,225,100067,100,99919,100,100079,100,99904,100,100081,100,99886,100,100093,200,99870,100,100096,100,99763,100,100107,100,99650,100,100112,100,99628,100,100159,100,99617,100
2019-06-28 09:41:38.600125987,100039,125,100022,225,100056,225,99928,225,100067,100,99919,100,100079,100,99904,100,100081,100,99886,100,100093,200,99870,100,100096,100,99763,100,100107,100,99650,100,100112,100,99628,100,100159,100,99617,100
2019-06-28 09:41:40.000000000,100056,150,100022,150,100067,150,99928,150,100079,150,99919,150,100081,150,99904,150,100093,250,99886,150,100096,100,99870,100,100107,100,99763,100,100112,100,99650,100,100159,100,99628,100,100179,100,99617,100
2019-06-28 09:41:50.000000000,100056,350,100022,350,100067,100,99928,100,100079,100,99919,100,100081,100,99904,100,100093,200,99886,100,100096,100,99870,100,100107,100,99763,100,100112,100,99650,100,100159,100,99628,100,100179,100,99617,100
2019-06-28 09:42:00.000000000,100056,162,100022,162,100067,162,99928,162,100079,162,99919,162,100081,162,99904,162,100093,200,99886,100,100096,100,99870,100,100107,100,99763,100,100112,100,99650,100,100159,100,99628,100,100179,100,99617,100
2019-06-28 09:42:09.132459046,100056,62,100022,162,100067,162,99928,162,100079,162,99919,162,100081,162,99904,162,100093,200,99886,100,100096,100,99870,100,100107,100,99763,100,100112,100,99650,100,100159,100,99628,100,100197,100,99617,100
2019-06-28 09:42:10.000000000,100067,162,100022,162,100079,162,99928,162,100081,162,99919,162,100093,262,99904,162,100096,100,99886,100,100107,100,99870,100,100112,100,99763,100,100159,100,99650,100,100197,100,99628,100,100347,100,99617,100
2019-06-28 09:42:11.490350926,100067,162,100029,100,100079,162,100022,162,100081,162,99928,162,100093,262,99919,162,100096,100,99904,162,100107,100,99886,100,100112,100,99870,100,100159,100,99763,100,100197,100,99650,100,100347,100,99628,100
2019-06-28 09:42:20.000000000,100067,350,100029,350,100079,100,100022,100,100081,100,99928,100,100093,200,99919,100,100096,100,99904,100,100107,100,99886,100,100112,100,99870,100,100159,100,99763,100,100197,100,99650,100,100347,100,99628,100
2019-06-28 09:42:30.000000000,100067,162,100029,162,100079,162,100022,162,100081,162,99928,162,100093,262,99919,162,100096,100,99904,100,100107,100,99886,100,100112,100,99870,100,100159,100,99763,100,100197,100,99650,100,100347,100,99628,100
2019-06-28 09:42:40.000000000,100067,185,100029,185,100079,182,100022,182,100081,182,99928,182,100093,200,99919,100,100096,100,99904,100,100107,100,99886,100,100112,100,99870,100,100159,100,99763,100,100197,100,99650,100,100347,100,99628,100
2019-06-28 09:42:50.000000000,100067,185,100029,185,100079,182,100022,182,100081,182,99928,182,100093,200,99919,100,100096,100,99904,100,100107,100,99886,100,100112,100,99870,100,100159,100,99763,100,100197,100,99650,100,100347,100,99628,100
2019-06-28 09:43:00.000000000,100067,185,100029,185,100079,182,100022,182,100081,182,99928,182,100093,200,99919,100,100096,100,99904,100,100107,100,99886,100,100112,100,99870,100,100159,100,99763,100,100197,100,99650,100,100347,100,99628,100
2019-06-28 09:43:10.000000000,100067,225,100029,225,100079,225,100022,225,100081,100,99928,100,100093,200,99919,100,100096,100,99904,100,100107,100,99886,100,100112,100,99870,100,100159,100,99763,100,100197,100,99650,100,100347,100,99628,100
2019-06-28 09:43:11.444254259,100067,125,100029,225,100079,225,100022,225,100081,100,99928,100,100093,200,99919,100,100096,100,99904,100,100107,100,99886,100,100112,100,99870,100,100159,100,99763,100,100197,100,99650,100,100347,100,99628,100
2019-06-28 09:43:12.020357886,100067,125,100032,100,100079,225,100029,225,100081,100,100022,225,100093,200,99928,100,100096,100,99919,100,100107,100,99904,100,100112,100,99886,100,100159,100,99870,100,100197,100,99763,100,100347,100,99650,100
2019-06-28 09:43:20.000000000,100079,162,100032,162,100081,162,100029,162,100093,262,100022,162,100096,162,99928,162,100107,100,99919,100,100112,100,99904,100,100159,100,99886,100,100197,100,99870,100,100347,100,99763,100,100645,100,99650,100
2019-06-28 09:43:30.000000000,100079,162,100032,162,100081,162,100029,162,100093,262,100022,162,100096,162,99928,162,100107,100,99919,100,100112,100,99904,100,100159,100,99886,100,100197,100,99870,100,100347,100,99763,100,100645,100,99650,100
2019-06-28 09:43:40.000000000,100079,225,100032,225,100081,225,100029,225,100093,200,100022,100,100096,100,99928,100,100107,100,99919,100,100112,100,99904,100,100159,100,99886,100,100197,100,99870,100,100347,100,99763,100,100645,100,99650,100
2019-06-28 09:43:49.944947111,100079,225,100032,125,100081,225,100029,225,100093,200,100022,100,100096,100,99928,100,100107,100,99919,100,100112,100,99904,100,100197,100,99886,100,100347,100,99870,100,100645,100,99763,100,100662,100,99650,100
2019-06-28 09:43:50.000000000,100079,350,100029,350,100081,100,100022,100,100093,200,99928,100,100096,100,99919,100,100107,100,99904,100,100112,100,99886,100,100197,100,99870,100,100347,100,99763,100,100645,100,99650,100,100662,100,99628,100
2019-06-28 09:43:54.015013596,100079,350,100029,350,100081,100,100022,100,100093,200,99928,100,100096,100,99919,100,100107,100,99904,100,100112,100,99886,100,100197,100,99880,100,100347,100,99870,100,100645,100,99763,100,100662,100,99650,100
2019-06-28 09:43:54.088959780,100079,350,100029,350,100081,100,100022,100,100093,200,99928,100,100096,100,99919,100,100107,100,99904,100,100112,100,99886,100,100197,100,99880,100,100306,100,99870,100,100347,100,99763,100,100645,100,99650,100
2019-06-28 09:43:59.806272751,100079,350,100029,350,100081,100,100022,100,100093,200,99939,100,100096,100,99928,100,100107,100,99919,100,100112,100,99904,100,100306,100,99886,100,100347,100,99880,100,100645,100,99870,100,100662,100,99763,100
2019-06-28 09:44:00.000000000,100079,225,100029,225,100081,225,100022,225,100093,200,99939,100,100096,100,99928,100,100107,100,99919,100,100112,100,99904,100,100306,100,99886,100,100347,100,99880,100,100645,100,99870,100,100662,100,99763,100
2019-06-28 09:44:10.000000000,100079,162,100029,162,100081,162,100022,162,100093,262,99939,162,100096,162,99928,162,100107,100,99919,100,100112,100,99904,100,100306,100,99886,100,100347,100,99880,100,100645,100,99870,100,100662,100,99763,100
2019-06-28 09:44:20.000000000,100079,150,100029,150,100081,150,100022,150,100093,250,99939,150,100096,150,99928,150,100107,150,99919,150,100112,100,99904,100,100306,100,99886,100,100347,100,99880,100,100645,100,99870,100,100662,100,99763,100
2019-06-28 09:44:30.000000000,100079,162,100029,162,100081,162,100022,162,100093,262,99939,162,100096,162,99928,162,100107,100,99919,100,100112,100,99904,100,100306,100,99886,100,100347,100,99880,100,100645,100,99870,100,100662,100,99763,100
2019-06-28 09:44:30.249356795,100066,100,100029,162,100079,162,100022,162,100081,162,99939,162,100093,262,99928,162,100096,162,99919,100,100107,100,99904,100,100112,100,99886,100,100306,100,99880,100,100347,100,99870,100,100645,100,99763,100
2019-06-28 09:44:36.572243819,100066,200,100029,162,100079,162,100022,162,100081,162,99939,162,100093,262,99928,162,100096,162,99919,100,100107,100,99904,100,100112,100,99886,100,100306,100,99880,100,100347,100,99870,100,100645,100,99763,100
2019-06-28 09:44:40.000000000,100066,325,100029,225,100079,225,100022,225,100081,100,99939,100,100093,200,99928,100,100096,100,99919,100,100107,100,99904,100,100112,100,99886,100,100306,100,99880,100,100347,100,99870,100,100645,100,99763,100
2019-06-28 09:44:47.546524005,100066,325,100029,225,100079,225,100022,225,100081,100,99939,100,100093,200,99928,100,100107,100,99919,100,100112,100,99904,100,100306,100,99886,100,100347,100,99880,100,100645,100,99870,100,100662,100,99763,100
2019-06-28 09:44:50.000000000,100066,285,100029,185,100079,182,100022,182,100081,182,99939,182,100093,200,99928,100,100107,100,99919,100,100112,100,99904,100,100306,100,99886,100,100347,100,99880,100,100645,100,99870,100,100662,100,99763,100
2019-06-28 09:45:00.000000000,100066,262,100029,162,100079,162,100022,162,100081,162,99939,162,100093,262,99928,162,100107,100,99919,100,100112,100,99904,100,100306,100,99886,100,100347,100,99880,100,100645,100,99870,100,100662,100,99763,100
2019-06-28 09:45:06.266126769,100066,262,100029,162,100079,162,100022,162,100081,162,99939,162,100093,262,99928,162,100107,100,99919,100,100112,100,99904,100,100306,100,99886,100,100347,100,99880,100,100645,100,99870,100,100662,100,99813,100
2019-06-28 09:45:07.146741135,100066,262,100029,162,100079,162,100022,162,100081,162,99939,162,100093,262,99928,162,100107,100,99919,100,100112,100,99904,100,100306,100,99886,100,100347,100,99880,100,100645,100,99870,100,100662,100,99813,100
2019-06-28 09:45:10.000000000,100066,325,100029,225,100079,225,100022,225,100081,100,99939,100,100093,200,99928,100,100107,100,99919,100,100112,100,99904,100,100306,100,99886,100,100347,100,99880,100,100645,100,99870,100,100662,100,99813,100
2019-06-28 09:45:20.000000000,100066,285,100029,185,100079,182,100022,182,100081,182,99939,182,100093,200,99928,100,100107,100,99919,100,100112,100,99904,100,100306,100,99886,100,100347,100,99880,100,100645,100,99870,100,100662,100,99813,100
2019-06-28 09:45:29.645630085,100066,285,100029,85,100079,182,100022,182,100081,182,99939,182,100093,200,99928,100,100107,100,99919,100,100112,100,99904,100,100306,100,99886,100,100347,100,99880,100,100645,100,99870,100,100662,100,99813,100
2019-06-28 09:45:30.000000000,100066,250,100022,150,100079,150,99939,150,100081,150,99928,150,100093,250,99919,150,100107,150,99904,150,100112,100,99886,100,100306,100,99880,100,100347,100,99870,100,100645,100,99813,100,100662,100,99766,100
2019-06-28 09:45:38.962885842,100066,250,100022,150,100079,150,99939,150,100081,150,99928,150,100093,250,99919,150,100107,150,99904,150,100112,100,99886,100,100306,100,99880,100,100347,100,99870,100,100645,100,99813,100,100662,100,99766,100
2019-06-28 09:45:40.000000000,100066,285,100022,185,100079,182,99939,182,100081,182,99928,182,100093,200,99919,100,100107,100,99904,100,100112,100,99886,100,100306,100,99880,100,100347,100,99870,100,100645,100,99813,100,100662,100,99766,100
2019-06-28 09:45:50.000000000,100066,250,100022,150,100079,150,99939,150,100081,150,99928,150,100093,250,99919,150,100107,150,99904,150,100112,100,99886,100,100306,100,99880,100,100347,100,99870,100,100645,100,99813,100,100662,100,99766,100
2019-06-28 09:45:59.112975721,100032,100,100022,50,100066,250,99939,150,100079,150,99928,150,100081,150,99919,150,100093,250,99904,150,100107,150,99886,100,100112,100,99880,100,100306,100,99870,100,100347,100,99813,100,100645,100,99766,100
2019-06-28 09:46:00.000000000,100032,225,99939,225,100066,325,99928,225,100079,100,99919,100,100081,100,99904,100,100093,200,99886,100,100107,100,99880,100,100112,100,99870,100,100306,100,99813,100,100347,100,99766,100,100645,100,99676,100
2019-06-28 09:46:00.185677565,100032,225,99939,225,100066,325,99928,225,100079,100,99919,100,100081,100,99904,100,100093,200,99886,100,100107,100,99880,100,100112,100,99870,100,100306,100,99813,100,100347,100,99766,100,100645,100,99676,100
2019-06-28 09:46:10.000000000,100032,225,99939,225,100066,325,99928,225,100079,100,99919,100,100081,100,99904,100,100093,200,99886,100,100107,100,99880,100,100112,100,99870,100,100306,100,99813,100,100347,100,99766,100,100645,100,99676,100
2019-06-28 09:46:19.176962409,100032,225,99939,225,100066,325,99928,225,100079,100,99919,100,100081,100,99904,100,100093,200,99886,100,100107,100,99880,100,100112,100,99870,100,100306,100,99813,100,100347,100,99766,100,100645,100,99676,100
2019-06-28 09:46:20.000000000,100032,150,99939,150,100066,250,99928,150,100079,150,99919,150,100081,150,99904,150,100093,250,99886,150,100107,100,99880,100,100112,100,99870,100,100306,100,99813,100,100347,100,99766,100,100645,100,99676,100
2019-06-28 09:46:23.366687005,100032,150,99939,150,100066,250,99928,150,100079,150,99919,150,100081,150,99904,150,100093,250,99886,150,100107,100,99880,100,100112,100,99870,100,100306,100,99813,100,100347,100,99766,100,100645,100,99676,100
2019-06-28 09:46:25.395485339,100032,150,99939,150,100066,250,99928,150,100079,150,99919,150,100081,150,99904,150,100093,250,99886,150,100107,100,99880,100,100112,100,99870,100,100306,100,99813,100,100347,100,99766,100,100645,100,99676,100
2019-06-28 09:46:26.564950987,100032,150,99939,150,100066,250,99928,150,100079,150,99919,150,100081,150,99904,150,100093,250,99886,150,100107,100,99880,100,100112,100,99870,100,100306,100,99813,100,100347,100,99766,100,100645,100,99676,100
2019-06-28 09:46:30.000000000,100032,225,99939,225,100066,325,99928,225,100079,100,99919,100,100081,100,99904,100,100093,200,99886,100,100107,100,99880,100,100112,100,99870,100,100306,100,99813,100,100347,100,99766,100,100645,100,99676,100
2019-06-28 09:46:35.661710646,100032,225,99939,225,100066,325,99928,225,100079,100,99919,100,100081,100,99904,100,100093,200,99886,100,100107,100,99880,100,100112,100,99870,100,100306,100,99813,100,100347,100,99766,100,100645,100,99676,100
2019-06-28 09:46:40.000000000,100032,350,99939,350,100066,200,99928,100,100079,100,99919,100,100081,100,99904,100,100093,200,99886,100,100107,100,99880,100,100112,100,99870,100,100306,100,99813,100,100347,100,99766,100,100645,100,99676,100
2019-06-28 09:46:50.000000000,100032,350,99939,350,100066,200,99928,100,100079,100,99919,100,100081,100,99904,100,100093,200,99886,100,100107,100,99880,100,100112,100,99870,100,100306,100,99813,100,100347,100,99766,100,100645,100,99676,100
2019-06-28 09:47:00.000000000,100032,162,99939,162,100066,262,99928,162,100079,162,99919,162,100081,162,99904,162,100093,200,99886,100,100107,100,99880,100,100112,100,99870,100,100306,100,99813,100,100347,100,99766,100,100645,100,99676,100
2019-06-28 09:47:04.709382793,100032,162,99939,62,100066,262,99928,162,100079,162,99919,162,100081,162,99904,162,100093,200,99886,100,100107,100,99880,100,100112,100,99870,100,100306,100,99813,100,100347,100,99766,100,100645,100,99676,100
2019-06-28 09:47:07.716768247,99939,38,99928,162,100032,162,99919,162,100066,262,99904,162,100079,162,99886,100,100081,162,99880,100,100093,200,99870,100,100107,100,99813,100,100112,100,99766,100,100306,100,99676,100,100347,100,99650,100
2019-06-28 09:47:10.000000000,99939,163,99928,225,100032,225,99919,225,100066,200,99904,100,100079,100,99886,100,100081,100,99880,100,100093,200,99870,100,100107,100,99813,100,100112,100,99766,100,100306,100,99676,100,100347,100,99650,100
2019-06-28 09:47:20.000000000,99939,88,99928,150,100032,150,99919,150,100066,250,99904,150,100079,150,99886,150,100081,150,99880,150,100093,200,99870,100,100107,100,99813,100,100112,100,99766,100,100306,100,99676,100,100347,100,99650,100
2019-06-28 09:47:30.000000000,99939,288,99928,350,100032,100,99919,100,100066,200,99904,100,100079,100,99886,100,100081,100,99880,100,100093,200,99870,100,100107,100,99813,100,100112,100,99766,100,100306,100,99676,100,100347,100,99650,100
2019-06-28 09:47:31.454274777,99939,288,99928,350,100032,100,99919,100,100066,200,99904,100,100079,100,99886,100,100081,100,99880,100,100093,200,99870,100,100107,100,99813,100,100112,100,99766,100,100306,100,99676,100,100347,100,99650,100
2019-06-28 09:47:40.000000000,99939,123,99928,185,100032,182,99919,182,100066,282,99904,182,100079,100,99886,100,100081,100,99880,100,100093,200,99870,100,100107,100,99813,100,100112,100,99766,100,100306,100,99676,100,100347,100,99650,100
2019-06-28 09:47:48.916981926,99939,123,99928,185,100032,182,99919,182,100066,282,99904,182,100079,100,99886,100,100081,100,99880,100,100093,200,99870,100,100107,100,99813,100,100112,100,99766,100,100306,100,99676,100,100347,100,99650,100
2019-06-28 09:47:50.000000000,99939,88,99928,150,100032,150,99919,150,100066,250,99904,150,100079,150,99886,150,100081,150,99880,150,100093,200,99870,100,100107,100,99813,100,100112,100,99766,100,100306,100,99676,100,100347,100,99650,100
2019-06-28 09:47:59.999192462,99939,88,99928,150,100032,150,99919,150,100066,250,99904,150,100079,150,99886,150,100081,150,99880,150,100093,200,99870,100,100107,100,99813,100,100112,100,99766,100,100306,100,99676,100,100347,100,99650,100
2019-06-28 09:48:00.000000000,99939,163,99928,225,100032,225,99919,225,100066,200,99904,100,100079,100,99886,100,100081,100,99880,100,100093,200,99870,100,100107,100,99813,100,100112,100,99766,100,100306,100,99676,100,100347,100,99650,100
2019-06-28 09:48:10.000000000,99939,163,99928,225,100032,225,99919,225,100066,200,99904,100,100079,100,99886,100,100081,100,99880,100,100093,200,99870,100,100107,100,99813,100,100112,100,99766,100,100306,100,99676,100,100347,100,99650,100
2019-06-28 09:48:20.000000000,99939,163,99928,225,100032,225,99919,225,100066,200,99904,100,100079,100,99886,100,100081,100,99880,100,100093,200,99870,100,100107,100,99813,100,100112,100,99766,100,100306,100,99676,100,100347,100,99650,100
2019-06-28 09:48:22.213919172,99939,163,99928,125,100032,225,99919,225,100066,200,99904,100,100079,100,99886,100,100081,100,99880,100,100093,200,99870,100,100107,100,99813,100,100112,100,99766,100,100306,100,99676,100,100347,100,99650,100
2019-06-28 09:48:22.491517176,99938,100,99928,125,99939,163,99919,225,100032,225,99904,100,100066,100,99886,100,100079,100,99880,100,100081,100,99870,100,100093,200,99813,100,100107,100,99766,100,100112,100,99676,100,100306,100,99650,100
2019-06-28 09:48:30.000000000,99938,150,99919,150,99939,88,99904,150,100032,150,99886,150,100066,150,99880,150,100079,150,99870,150,100081,100,99813,100,100093,200,99766,100,100107,100,99676,100,100112,100,99650,100,100306,100,99628,100
2019-06-28 09:48:40.000000000,99938,185,99919,185,99939,120,99904,182,100032,182,99886,182,100066,100,99880,100,100079,100,99870,100,100081,100,99813,100,100093,200,99766,100,100107,100,99676,100,100112,100,99650,100,100306,100,99628,100
2019-06-28 09:48:50.000000000,99938,150,99919,150,99939,88,99904,150,100032,150,99886,150,100066,150,99880,150,100079,150,99870,150,100081,100,99813,100,100093,200,99766,100,100107,100,99676,100,100112,100,99650,100,100306,100,99628,100
2019-06-28 09:49:00.000000000,99938,225,99919,225,99939,163,99904,225,100032,100,99886,100,100066,100,99880,100,100079,100,99870,100,100081,100,99813,100,100093,200,99766,100,100107,100,99676,100,100112,100,99650,100,100306,100,99628,100
2019-06-28 09:49:10.000000000,99938,162,99919,162,99939,100,99904,162,100032,162,99886,162,100066,162,99880,162,100079,100,99870,100,100081,100,99813,100,100093,200,99766,100,100107,100,99676,100,100112,100,99650,100,100306,100,99628,100
2019-06-28 09:49:20.000000000,99938,350,99919,350,99939,38,99904,100,100032,100,99886,100,100066,100,99880,100,100079,100,99870,100,100081,100,99813,100,100093,200,99766,100,100107,100,99676,100,100112,100,99650,100,100306,100,99628,100
2019-06-28 09:49:30.000000000,99938,185,99919,185,99939,120,99904,182,100032,182,99886,182,100066,100,99880,100,100079,100,99870,100,100081,100,99813,100,100093,200,99766,100,100107,100,99676,100,100112,100,99650,100,100306,100,99628,100
2019-06-28 09:49:40.000000000,99938,162,99919,162,99939,100,99904,162,100032,162,99886,162,100066,162,99880,162,100079,100,99870,100,100081,100,99813,100,100093,200,99766,100,100107,100,99676,100,100112,100,99650,100,100306,100,99628,100
2019-06-28 09:49:50.000000000,99938,162,99919,162,99939,100,99904,162,100032,162,99886,162,100066,162,99880,162,100079,100,99870,100,100081,100,99813,100,100093,200,99766,100,100107,100,99676,100,100112,100,99650,100,100306,100,99628,100
2019-06-28 09:50:00.000000000,99938,185,99919,185,99939,120,99904,182,100032,182,99886,182,100066,100,99880,100,100079,100,99870,100,100081,100,99813,100,100093,200,99766,100,100107,100,99676,100,100112,100,99650,100,100306,100,99628,100
2019-06-28 09:50:10.000000000,99938,150,99919,150,99939,88,99904,150,100032,150,99886,150,100066,150,99880,150,100079,150,99870,150,100081,100,99813,100,100093,200,99766,100,100107,100,99676,100,100112,100,99650,100,100306,100,99628,100
2019-06-28 09:50:15.069695112,99938,150,99919,150,99939,88,99904,150,100032,150,99886,150,100066,150,99880,150,100079,150,99870,150,100081,100,99813,100,100093,200,99766,100,100107,100,99676,100,100112,100,99650,100,100306,100,99628,100
2019-06-28 09:50:20.000000000,99938,225,99919,225,99939,163,99904,225,100032,100,99886,100,100066,100,99880,100,100079,100,99870,100,100081,100,99813,100,100093,200,99766,100,100107,100,99676,100,100112,100,99650,100,100306,100,99628,100
2019-06-28 09:50:20.404996569,99938,225,99919,25,99939,163,99904,225,100032,100,99886,100,100066,100,99880,100,100079,100,99870,100,100081,100,99813,100,100093,200,99766,100,100107,100,99676,100,100112,100,99650,100,100306,100,99628,100
2019-06-28 09:50:30.000000000,99938,162,99904,162,99939,100,99886,162,100032,162,99880,162,100066,162,99870,162,100079,100,99813,100,100081,100,99766,100,100093,200,99676,100,100107,100,99650,100,100112,100,99628,100,100306,100,99617,100
2019-06-28 09:50:34.691168865,99928,100,99904,162,99938,62,99886,162,99939,100,99880,162,100032,162,99870,162,100066,162,99813,100,100079,100,99766,100,100081,100,99676,100,100093,200,99650,100,100107,100,99628,100,100112,100,99617,100
2019-06-28 09:50:36.141429738,99928,100,99904,62,99938,62,99886,162,99939,100,99880,62,100032,162,99870,162,100066,162,99813,100,100079,100,99766,100,100081,100,99676,100,100093,200,99650,100,100107,100,99628,100,100112,100,99617,100
2019-06-28 09:50:40.000000000,99928,162,99886,162,99939,100,99870,162,100032,162,99813,162,100066,162,99766,162,100079,100,99676,100,100081,100,99650,100,100093,200,99628,100,100107,100,99617,100,100112,100,99608,100,100306,100,99538,100
2019-06-28 09:50:49.608948827,99928,162,99886,162,99939,100,99870,162,100032,162,99813,162,100066,162,99766,162,100079,100,99676,100,100081,100,99650,100,100093,200,99628,100,100107,100,99617,100,100112,100,99538,100,100306,100,99519,100
2019-06-28 09:50:50.000000000,99928,185,99886,185,99939,120,99870,182,100032,182,99813,182,100066,100,99766,100,100079,100,99676,100,100081,100,99650,100,100093,200,99628,100,100107,100,99617,100,100112,100,99538,100,100306,100,99519,100
2019-06-28 09:50:54.948724719,99886,15,99870,182,99928,185,99813,182,99939,120,99766,100,100032,182,99676,100,100066,100,99650,100,100079,100,99628,100,100081,100,99617,100,100093,200,99538,100,100107,100,99519,100,100112,100,99507,100
2019-06-28 09:50:56.028158988,99886,15,99870,182,99928,185,99813,182,99939,120,99766,100,100032,182,99676,100,100066,100,99650,100,100079,100,99617,100,100081,100,99538,100,100093,200,99519,100,100107,100,99507,100,100112,100,99496,100
2019-06-28 09:51:00.000000000,99886,140,99870,225,99928,225,99813,225,99939,38,99766,100,100032,100,99676,100,100066,100,99650,100,100079,100,99617,100,100081,100,99538,100,100093,200,99519,100,100107,100,99507,100,100112,100,99496,100
2019-06-28 09:51:05.186288450,99886,140,99870,225,99928,225,99813,225,99939,38,99766,100,100032,100,99676,100,100066,100,99650,100,100079,100,99617,100,100081,100,99538,100,100093,200,99519,100,100107,100,99507,100,100112,100,99496,100
2019-06-28 09:51:07.308915354,99886,140,99870,225,99904,100,99813,225,99928,225,99766,100,99939,38,99676,100,100032,100,99650,100,100066,100,99617,100,100079,100,99538,100,100081,100,99519,100,100093,200,99507,100,100107,100,99496,100
2019-06-28 09:51:10.000000000,99886,77,99870,162,99904,162,99813,162,99928,162,99766,162,99939,100,99676,162,100032,100,99650,100,100066,100,99617,100,100079,100,99538,100,100081,100,99519,100,100093,200,99507,100,100107,100,99496,100
2019-06-28 09:51:20.000000000,99886,140,99870,225,99904,225,99813,225,99928,100,99766,100,99939,38,99676,100,100032,100,99650,100,100066,100,99617,100,100079,100,99538,100,100081,100,99519,100,100093,200,99507,100,100107,100,99496,100
2019-06-28 09:51:30.000000000,99886,100,99870,185,99904,182,99813,182,99928,182,99766,182,99939,38,99676,100,100032,100,99650,100,100066,100,99617,100,100079,100,99538,100,100081,100,99519,100,100093,200,99507,100,100107,100,99496,100
2019-06-28 09:51:40.000000000,99886,77,99870,162,99904,162,99813,162,99928,162,99766,162,99939,100,99676,162,100032,100,99650,100,100066,100,99617,100,100079,100,99538,100,100081,100,99519,100,100093,200,99507,100,100107,100,99496,100
2019-06-28 09:51:40.673276671,99886,77,99870,162,99904,162,99813,162,99928,162,99766,162,99939,100,99676,162,100032,100,99650,100,100066,100,99617,100,100079,100,99538,100,100081,100,99519,100,100093,200,99507,100,100107,100,99496,100
2019-06-28 09:51:50.000000000,99886,265,99870,350,99904,100,99813,100,99928,100,99766,100,99939,38,99676,100,100032,100,99650,100,100066,100,99617,100,100079,100,99538,100,100081,100,99519,100,100093,200,99507,100,100107,100,99496,100
2019-06-28 09:52:00.000000000,99886,65,99870,150,99904,150,99813,150,99928,150,99766,150,99939,88,99676,150,100032,150,99650,150,100066,100,99617,100,100079,100,99538,100,100081,100,99519,100,100093,200,99507,100,100107,100,99496,100
2019-06-28 09:52:01.299227594,99886,65,99870,150,99904,150,99813,150,99928,150,99766,150,99939,88,99676,150,100032,150,99650,150,100066,100,99617,100,100079,100,99538,100,100081,100,99519,100,100093,200,99507,100,100107,100,99496,100
2019-06-28 09:52:10.000000000,99886,140,99870,225,99904,225,99813,225,99928,100,99766,100,99939,38,99676,100,100032,100,99650,100,100066,100,99617,100,100079,100,99538,100,100081,100,99519,100,100093,200,99507,100,100107,100,99496,100
2019-06-28 09:52:20.000000000,99886,140,99870,225,99904,225,99813,225,99928,100,99766,100,99939,38,99676,100,100032,100,99650,100,100066,100,99617,100,100079,100,99538,100,100081,100,99519,100,100093,200,99507,100,100107,100,99496,100
2019-06-28 09:52:28.511911452,99886,140,99870,225,99904,225,99813,225,99928,100,99766,100,99939,38,99676,100,100032,100,99650,100,100066,100,99617,100,100079,100,99538,100,100081,100,99519,100,100093,200,99507,100,100107,100,99496,100
2019-06-28 09:52:30.000000000,99886,65,99870,150,99904,150,99813,150,99928,150,99766,150,99939,88,99676,150,100032,150,99650,150,100066,100,99617,100,100079,100,99538,100,100081,100,99519,100,100093,200,99507,100,100107,100,99496,100
2019-06-28 09:52:31.443934529,99886,65,99870,150,99904,150,99813,150,99928,150,99766,150,99939,88,99676,150,100032,150,99650,150,100066,100,99617,100,100079,100,99538,100,100081,100,99519,100,100093,200,99507,100,100107,100,99496,100
2019-06-28 09:52:39.187182226,99886,65,99870,150,99904,250,99813,150,99928,150,99766,150,99939,88,99676,150,100032,150,99650,150,100066,100,99617,100,100079,100,99538,100,100093,200,99519,100,100107,100,99507,100,100112,100,99496,100
2019-06-28 09:52:40.000000000,99886,77,99870,162,99904,262,99813,162,99928,162,99766,162,99939,100,99676,162,100032,100,99650,100,100066,100,99617,100,100079,100,99538,100,100093,200,99519,100,100107,100,99507,100,100112,100,99496,100
2019-06-28 09:52:41.460580477,99886,77,99870,162,99904,262,99813,162,99928,162,99766,162,99939,100,99676,162,100032,100,99650,100,100066,100,99617,100,100079,100,99538,100,100093,200,99519,100,100107,100,99507,100,100112,100,99496,100
2019-06-28 09:52:50.000000000,99886,77,99870,162,99904,262,99813,162,99928,162,99766,162,99939,100,99676,162,100032,100,99650,100,100066,100,99617,100,100079,100,99538,100,100093,200,99519,100,100107,100,99507,100,100112,100,99496,100
2019-06-28 09:52:54.502197390,99886,77,99870,62,99904,262,99813,162,99928,162,99766,162,99939,100,99676,162,100032,100,99650,100,100066,100,99617,100,100079,100,99538,100,100093,200,99519,100,100107,100,99507,100,100112,100,99496,100
2019-06-28 09:52:58.015689483,99870,38,99813,162,99886,77,99766,162,99904,262,99676,162,99928,162,99650,100,99939,100,99617,100,100032,100,99538,100,100066,100,99519,100,100079,100,99507,100,100093,200,99496,100,100107,100,99481,100
2019-06-28 09:53:00.000000000,99870,123,99813,185,99886,97,99766,182,99904,282,99676,182,99928,100,99650,100,99939,38,99617,100,100032,100,99538,100,100066,100,99519,100,100079,100,99507,100,100093,200,99496,100,100107,100,99481,100
2019-06-28 09:53:04.572317901,99870,223,99813,185,99886,97,99766,182,99904,282,99676,182,99928,100,99650,100,99939,38,99617,100,100032,100,99538,100,100066,100,99519,100,100079,100,99507,100,100093,200,99496,100,100107,100,99481,100
2019-06-28 09:53:10.000000000,99870,200,99813,162,99886,77,99766,162,99904,262,99676,162,99928,162,99650,162,99939,38,99617,100,100032,100,99538,100,100066,100,99519,100,100079,100,99507,100,100093,200,99496,100,100107,100,99481,100
2019-06-28 09:53:12.708394381,99870,300,99813,162,99886,77,99766,162,99904,262,99676,162,99928,162,99650,162,99939,38,99617,100,100032,100,99538,100,100066,100,99519,100,100079,100,99507,100,100093,200,99496,100,100107,100,99481,100
2019-06-28 09:53:13.735169148,99870,300,99813,62,99886,77,99766,162,99904,262,99676,162,99928,162,99650,162,99939,38,99617,100,100032,100,99538,100,100066,100,99519,100,100079,100,99507,100,100093,200,99496,100,100107,100,99481,100
2019-06-28 09:53:14.483987483,99869,100,99813,62,99870,300,99766,162,99886,77,99676,162,99904,262,99650,162,99928,162,99617,100,99939,38,99538,100,100032,100,99519,100,100066,100,99507,100,100079,100,99496,100,100093,200,99481,100
2019-06-28 09:53:20.000000000,99869,162,99766,162,99870,300,99676,162,99886,77,99650,162,99904,262,99617,162,99928,100,99538,100,99939,38,99519,100,100032,100,99507,100,100066,100,99496,100,100079,100,99481,100,100093,200,99403,100
2019-06-28 09:53:22.296977079,99869,162,99766,162,99870,300,99676,162,99886,77,99650,162,99904,262,99617,162,99928,100,99538,100,99939,38,99519,100,100032,100,99507,100,100066,100,99496,100,100079,100,99481,100,100093,200,99403,100
2019-06-28 09:53:25.071067922,99869,162,99766,62,99870,300,99676,162,99886,77,99650,162,99904,262,99617,162,99928,100,99538,100,99939,38,99519,100,100032,100,99507,100,100066,100,99496,100,100079,100,99481,100,100093,200,99403,100
2019-06-28 09:53:25.728763303,99869,162,99766,62,99870,300,99676,162,99886,77,99650,162,99904,262,99617,162,99928,100,99538,100,99939,38,99519,100,100032,100,99507,100,100066,100,99496,100,100079,100,99481,100,100093,200,99403,100
2019-06-28 09:53:30.000000000,99869,185,99676,185,99870,320,99650,182,99886,97,99617,182,99904,200,99538,100,99928,100,99519,100,99939,38,99507,100,100032,100,99496,100,100066,100,99481,100,100079,100,99403,100,100093,200,99351,100
2019-06-28 09:53:40.000000000,99869,150,99676,150,99870,288,99650,150,99886,65,99617,150,99904,250,99538,150,99928,150,99519,150,99939,38,99507,100,100032,100,99496,100,100066,100,99481,100,100079,100,99403,100,100093,200,99351,100
2019-06-28 09:53:41.472583517,99869,150,99676,150,99870,288,99650,150,99886,65,99617,150,99904,250,99538,150,99928,150,99519,150,99939,38,99507,100,100032,100,99496,100,100066,100,99481,100,100079,100,99403,100,100093,200,99351,100
2019-06-28 09:53:50.000000000,99869,150,99676,150,99870,288,99650,150,99886,65,99617,150,99904,250,99538,150,99928,150,99519,150,99939,38,99507,100,100032,100,99496,100,100066,100,99481,100,100079,100,99403,100,100093,200,99351,100
2019-06-28 09:54:00.000000000,99869,185,99676,185,99870,320,99650,182,99886,97,99617,182,99904,200,99538,100,99928,100,99519,100,99939,38,99507,100,100032,100,99496,100,100066,100,99481,100,100079,100,99403,100,100093,200,99351,100
2019-06-28 09:54:06.171321254,99869,185,99676,185,99870,320,99650,182,99886,97,99617,82,99904,200,99538,100,99928,100,99519,100,99939,38,99507,100,100032,100,99496,100,100066,100,99481,100,100079,100,99403,100,100093,200,99351,100
2019-06-28 09:54:10.000000000,99869,162,99676,162,99870,300,99650,162,99886,77,99538,162,99904,262,99519,162,99928,100,99507,100,99939,38,99496,100,100032,100,99481,100,100066,100,99403,100,100079,100,99351,100,100093,200,99322,100
2019-06-28 09:54:20.000000000,99869,225,99676,225,99870,363,99650,225,99886,15,99538,100,99904,200,99519,100,99928,100,99507,100,99939,38,99496,100,100032,100,99481,100,100066,100,99403,100,100079,100,99351,100,100093,200,99322,100
2019-06-28 09:54:30.000000000,99869,150,99676,150,99870,288,99650,150,99886,65,99538,150,99904,250,99519,150,99928,150,99507,150,99939,38,99496,100,100032,100,99481,100,100066,100,99403,100,100079,100,99351,100,100093,200,99322,100
2019-06-28 09:54:40.000000000,99869,162,99676,162,99870,300,99650,162,99886,77,99538,162,99904,262,99519,162,99928,100,99507,100,99939,38,99496,100,100032,100,99481,100,100066,100,99403,100,100079,100,99351,100,100093,200,99322,100
2019-06-28 09:54:50.000000000,99869,150,99676,150,99870,288,99650,150,99886,65,99538,150,99904,250,99519,150,99928,150,99507,150,99939,38,99496,100,100032,100,99481,100,100066,100,99403,100,100079,100,99351,100,100093,200,99322,100
2019-06-28 09:55:00.000000000,99869,162,99676,162,99870,300,99650,162,99886,77,99538,162,99904,262,99519,162,99928,100,99507,100,99939,38,99496,100,100032,100,99481,100,100066,100,99403,100,100079,100,99351,100,100093,200,99322,100
2019-06-28 09:55:10.000000000,99869,185,99676,185,99870,320,99650,182,99886,97,99538,182,99904,200,99519,100,99928,100,99507,100,99939,38,99496,100,100032,100,99481,100,100066,100,99403,100,100079,100,99351,100,100093,200,99322,100
2019-06-28 09:55:20.000000000,99869,225,99676,225,99870,363,99650,225,99886,15,99538,100,99904,200,99519,100,99928,100,99507,100,99939,38,99496,100,100032,100,99481,100,100066,100,99403,100,100079,100,99351,100,100093,200,99322,100
2019-06-28 09:55:30.000000000,99869,150,99676,150,99870,288,99650,150,99886,65,99538,150,99904,250,99519,150,99928,150,99507,150,99939,38,99496,100,100032,100,99481,100,100066,100,99403,100,100079,100,99351,100,100093,200,99322,100
2019-06-28 09:55:40.000000000,99869,225,99676,225,99870,363,99650,225,99886,15,99538,100,99904,200,99519,100,99928,100,99507,100,99939,38,99496,100,100032,100,99481,100,100066,100,99403,100,100079,100,99351,100,100093,200,99322,100
2019-06-28 09:55:42.881988969,99869,225,99698,100,99870,363,99676,225,99886,15,99650,225,99904,200,99538,100,99928,100,99519,100,99939,38,99507,100,100032,100,99496,100,100066,100,99481,100,100079,100,99403,100,100093,200,99351,100
2019-06-28 09:55:44.697410318,99813,100,99698,100,99869,225,99676,225,99870,363,99650,225,99886,15,99538,100,99904,200,99519,100,99928,100,99507,100,99939,38,99496,100,100032,100,99481,100,100066,100,99403,100,100079,100,99351,100
2019-06-28 09:55:50.000000000,99813,225,99698,225,99869,225,99676,225,99870,238,99650,100,99886,15,99538,100,99904,200,99519,100,99928,100,99507,100,99939,38,99496,100,100032,100,99481,100,100066,100,99403,100,100079,100,99351,100
2019-06-28 09:56:00.000000000,99813,150,99698,150,99869,150,99676,150,99870,288,99650,150,99886,65,99538,150,99904,250,99519,150,99928,100,99507,100,99939,38,99496,100,100032,100,99481,100,100066,100,99403,100,100079,100,99351,100
2019-06-28 09:56:10.000000000,99813,185,99698,185,99869,182,99676,182,99870,320,99650,182,99886,15,99538,100,99904,200,99519,100,99928,100,99507,100,99939,38,99496,100,100032,100,99481,100,100066,100,99403,100,100079,100,99351,100
2019-06-28 09:56:20.000000000,99813,150,99698,150,99869,150,99676,150,99870,288,99650,150,99886,65,99538,150,99904,250,99519,150,99928,100,99507,100,99939,38,99496,100,100032,100,99481,100,100066,100,99403,100,100079,100,99351,100
2019-06-28 09:56:21.675996098,99813,150,99758,100,99869,150,99698,150,99870,288,99676,150,99886,65,99650,150,99904,250,99538,150,99928,100,99519,150,99939,38,99507,100,100032,100,99496,100,100066,100,99481,100,100079,100,99403,100
2019-06-28 09:56:29.650510844,99813,50,99758,100,99869,150,99698,150,99870,288,99676,150,99886,50,99650,150,99904,250,99538,150,99928,100,99519,150,99939,38,99507,100,100032,100,99496,100,100066,100,99481,100,100079,100,99403,100
2019-06-28 09:56:30.000000000,99869,350,99758,350,99870,238,99698,100,99904,200,99676,100,99928,100,99650,100,99939,38,99538,100,100032,100,99519,100,100066,100,99507,100,100079,100,99496,100,100093,200,99481,100,100107,100,99403,100
2019-06-28 09:56:37.667617992,99869,350,99758,350,99870,238,99698,100,99904,100,99676,100,99928,100,99650,100,99939,38,99538,100,100032,100,99519,100,100066,100,99507,100,100079,100,99496,100,100093,200,99481,100,100107,100,99403,100
2019-06-28 09:56:40.000000000,99869,350,99758,350,99870,238,99698,100,99904,100,99676,100,99928,100,99650,100,99939,38,99538,100,100032,100,99519,100,100066,100,99507,100,100079,100,99496,100,100093,200,99481,100,100107,100,99403,100
2019-06-28 09:56:44.370441519,99869,350,99758,350,99870,238,99676,100,99904,100,99650,100,99928,100,99538,100,99939,38,99519,100,100030,100,99507,100,100032,100,99496,100,100066,100,99481,100,100079,100,99403,100,100093,200,99351,100
2019-06-28 09:56:50.000000000,99869,350,99758,350,99870,238,99676,100,99904,100,99650,100,99928,100,99538,100,99939,38,99519,100,100030,100,99507,100,100032,100,99496,100,100066,100,99481,100,100079,100,99403,100,100093,200,99351,100
2019-06-28 09:57:00.000000000,99869,185,99758,185,99870,320,99676,182,99904,182,99650,182,99928,100,99538,100,99939,38,99519,100,100030,100,99507,100,100032,100,99496,100,100066,100,99481,100,100079,100,99403,100,100093,200,99351,100
2019-06-28 09:57:10.000000000,99869,162,99758,162,99870,300,99676,162,99904,162,99650,162,99928,162,99538,162,99939,38,99519,100,100030,100,99507,100,100032,100,99496,100,100066,100,99481,100,100079,100,99403,100,100093,200,99351,100
2019-06-28 09:57:20.000000000,99869,162,99758,162,99870,300,99676,162,99904,162,99650,162,99928,162,99538,162,99939,38,99519,100,100030,100,99507,100,100032,100,99496,100,100066,100,99481,100,100079,100,99403,100,100093,200,99351,100
2019-06-28 09:57:30.000000000,99869,150,99758,150,99870,288,99676,150,99904,150,99650,150,99928,150,99538,150,99939,88,99519,150,100030,100,99507,100,100032,100,99496,100,100066,100,99481,100,100079,100,99403,100,100093,200,99351,100
2019-06-28 09:57:33.572597290,99869,150,99758,150,99870,288,99676,150,99904,150,99650,150,99928,150,99538,150,99939,88,99519,150,100030,100,99507,100,100032,100,99496,100,100066,100,99481,100,100079,100,99405,100,100093,200,99403,100
2019-06-28 09:57:39.181656528,99869,150,99758,50,99870,288,99676,50,99904,150,99650,150,99928,150,99538,150,99939,88,99519,150,100030,100,99507,100,100032,100,99496,100,100066,100,99481,100,100079,100,99405,100,100093,200,99403,100
2019-06-28 09:57:40.000000000,99869,150,99650,150,99870,288,99538,150,99904,150,99519,150,99928,150,99507,150,99939,88,99496,150,100030,100,99481,100,100032,100,99405,100,100066,100,99403,100,100079,100,99351,100,100093,200,99322,100
2019-06-28 09:57:50.000000000,99869,185,99650,185,99870,320,99538,182,99904,182,99519,182,99928,100,99507,100,99939,38,99496,100,100030,100,99481,100,100032,100,99405,100,100066,100,99403,100,100079,100,99351,100,100093,200,99322,100
2019-06-28 09:57:56.586019704,99812,100,99650,185,99869,185,99538,182,99870,320,99519,182,99904,182,99507,100,99928,100,99496,100,99939,38,99481,100,100030,100,99405,100,100032,100,99403,100,100066,100,99351,100,100079,100,99322,100
2019-06-28 09:58:00.000000000,99812,350,99650,350,99869,100,99538,100,99870,238,99519,100,99904,100,99507,100,99928,100,99496,100,99939,38,99481,100,100030,100,99405,100,100032,100,99403,100,100066,100,99351,100,100079,100,99322,100
2019-06-28 09:58:10.000000000,99812,350,99650,350,99869,100,99538,100,99870,238,99519,100,99904,100,99507,100,99928,100,99496,100,99939,38,99481,100,100030,100,99405,100,100032,100,99403,100,100066,100,99351,100,100079,100,99322,100
2019-06-28 09:58:20.000000000,99812,162,99650,162,99869,162,99538,162,99870,300,99519,162,99904,162,99507,162,99928,100,99496,100,99939,38,99481,100,100030,100,99405,100,100032,100,99403,100,100066,100,99351,100,100079,100,99322,100
2019-06-28 09:58:21.942154483,99812,262,99650,162,99869,62,99538,162,99870,300,99519,162,99904,162,99507,162,99928,100,99496,100,99939,38,99481,100,100030,100,99405,100,100032,100,99403,100,100066,100,99351,100,100079,100,99322,100
2019-06-28 09:58:30.000000000,99812,262,99650,162,99870,300,99538,162,99904,162,99519,162,99928,162,99507,162,99939,38,99496,100,100030,100,99481,100,100032,100,99405,100,100066,100,99403,100,100079,100,99351,100,100093,200,99322,100
2019-06-28 09:58:40.000000000,99812,285,99650,185,99870,320,99538,182,99904,182,99519,182,99928,100,99507,100,99939,38,99496,100,100030,100,99481,100,100032,100,99405,100,100066,100,99403,100,100079,100,99351,100,100093,200,99322,100
2019-06-28 09:58:44.425350132,99812,185,99650,185,99870,320,99538,182,99904,182,99519,182,99928,100,99507,100,99939,38,99496,100,100030,100,99405,100,100032,100,99403,100,100066,100,99351,100,100079,100,99322,100,100093,200,99291,100
2019-06-28 09:58:50.000000000,99812,185,99650,185,99870,320,99538,182,99904,182,99519,182,99928,100,99507,100,99939,38,99496,100,100030,100,99405,100,100032,100,99403,100,100066,100,99351,100,100079,100,99322,100,100093,200,99291,100
2019-06-28 09:58:51.751904387,99812,85,99650,185,99870,320,99538,182,99904,182,99519,182,99928,100,99507,100,99939,38,99496,100,100030,100,99405,100,100032,100,99403,100,100066,100,99351,100,100079,100,99322,100,100093,200,99291,100
2019-06-28 09:58:55.994012861,99870,320,99812,15,99904,182,99650,185,99928,100,99538,182,99939,38,99519,182,100030,100,99507,100,100032,100,99496,100,100066,100,99405,100,100079,100,99403,100,100093,200,99351,100,100107,100,99322,100
2019-06-28 09:59:00.000000000,99870,300,99812,77,99904,162,99650,162,99928,162,99538,162,99939,100,99519,162,100030,100,99507,100,100032,100,99496,100,100066,100,99405,100,100079,100,99403,100,100093,200,99351,100,100107,100,99322,100
2019-06-28 09:59:10.000000000,99870,363,99812,140,99904,225,99650,225,99928,100,99538,100,99939,38,99519,100,100030,100,99507,100,100032,100,99496,100,100066,100,99405,100,100079,100,99403,100,100093,200,99351,100,100107,100,99322,100
2019-06-28 09:59:13.394272833,99832,100,99812,140,99870,363,99650,225,99904,225,99538,100,99928,100,99519,100,99939,38,99507,100,100030,100,99496,100,100032,100,99405,100,100066,100,99403,100,100079,100,99351,100,100093,200,99322,100
2019-06-28 09:59:20.000000000,99832,150,99812,65,99870,288,99650,150,99904,150,99538,150,99928,150,99519,150,99939,88,99507,150,100030,100,99496,100,100032,100,99405,100,100066,100,99403,100,100079,100,99351,100,100093,200,99322,100
2019-06-28 09:59:30.000000000,99832,350,99812,265,99870,238,99650,100,99904,100,99538,100,99928,100,99519,100,99939,38,99507,100,100030,100,99496,100,100032,100,99405,100,100066,100,99403,100,100079,100,99351,100,100093,200,99322,100
2019-06-28 09:59:40.000000000,99832,185,99812,100,99870,320,99650,182,99904,182,99538,182,99928,100,99519,100,99939,38,99507,100,100030,100,99496,100,100032,100,99405,100,100066,100,99403,100,100079,100,99351,100,100093,200,99322,100
2019-06-28 09:59:50.000000000,99832,185,99812,100,99870,320,99650,182,99904,182,99538,182,99928,100,99519,100,99939,38,99507,100,100030,100,99496,100,100032,100,99405,100,100066,100,99403,100,100079,100,99351,100,100093,200,99322,100
2019-06-28 09:59:56.497847129,99832,185,99812,100,99870,320,99650,182,99904,182,99538,182,99928,100,99519,100,99939,38,99507,100,99999,100,99496,100,100030,100,99405,100,100032,100,99403,100,100066,100,99351,100,100079,100,99322,100
2019-06-28 10:00:00.000000000,99832,150,99812,65,99870,288,99650,150,99904,150,99538,150,99928,150,99519,150,99939,88,99507,150,99999,100,99496,100,100030,100,99405,100,100032,100,99403,100,100066,100,99351,100,100079,100,99322,100
2019-06-28 10:00:09.439248944,99832,150,99812,165,99870,288,99650,150,99904,150,99538,150,99928,150,99519,150,99939,88,99507,150,99999,100,99496,100,100030,100,99405,100,100032,100,99403,100,100079,100,99351,100,100093,200,99322,100
2019-06-28 10:00:10.000000000,99832,225,99812,240,99870,363,99650,225,99904,100,99538,100,99928,100,99519,100,99939,38,99507,100,99999,100,99496,100,100030,100,99405,100,100032,100,99403,100,100079,100,99351,100,100093,200,99322,100
2019-06-28 10:00:20.000000000,99832,150,99812,165,99870,288,99650,150,99904,150,99538,150,99928,150,99519,150,99939,88,99507,150,99999,100,99496,100,100030,100,99405,100,100032,100,99403,100,100079,100,99351,100,100093,200,99322,100
2019-06-28 10:00:30.000000000,99832,350,99812,365,99870,238,99650,100,99904,100,99538,100,99928,100,99519,100,99939,38,99507,100,99999,100,99496,100,100030,100,99405,100,100032,100,99403,100,100079,100,99351,100,100093,200,99322,100
2019-06-28 10:00:40.000000000,99832,150,99812,165,99870,288,99650,150,99904,150,99538,150,99928,150,99519,150,99939,88,99507,150,99999,100,99496,100,100030,100,99405,100,100032,100,99403,100,100079,100,99351,100,100093,200,99322,100
2019-06-28 10:00:50.000000000,99832,225,99812,240,99870,363,99650,225,99904,100,99538,100,99928,100,99519,100,99939,38,99507,100,99999,100,99496,100,100030,100,99405,100,100032,100,99403,100,100079,100,99351,100,100093,200,99322,100
2019-06-28 10:01:00.000000000,99832,225,99812,240,99870,363,99650,225,99904,100,99538,100,99928,100,99519,100,99939,38,99507,100,99999,100,99496,100,100030,100,99405,100,100032,100,99403,100,100079,100,99351,100,100093,200,99322,100
2019-06-28 10:01:02.609997014,99832,225,99812,340,99870,363,99650,225,99904,100,99538,100,99928,100,99519,100,99939,38,99507,100,99999,100,99496,100,100030,100,99405,100,100032,100,99403,100,100079,100,99351,100,100093,200,99322,100
2019-06-28 10:01:10.000000000,99832,185,99812,300,99870,320,99650,182,99904,182,99538,182,99928,100,99519,100,99939,38,99507,100,99999,100,99496,100,100030,100,99405,100,100032,100,99403,100,100079,100,99351,100,100093,200,99322,100
2019-06-28 10:01:15.726903157,99832,185,99812,400,99870,320,99650,182,99904,182,99538,182,99928,100,99519,100,99939,38,99507,100,99999,100,99496,100,100030,100,99405,100,100032,100,99403,100,100079,100,99351,100,100093,200,99322,100
2019-06-28 10:01:20.000000000,99832,225,99812,440,99870,363,99650,225,99904,100,99538,100,99928,100,99519,100,99939,38,99507,100,99999,100,99496,100,100030,100,99405,100,100032,100,99403,100,100079,100,99351,100,100093,200,99322,100
2019-06-28 10:01:30.000000000,99832,185,99812,400,99870,320,99650,182,99904,182,99538,182,99928,100,99519,100,99939,38,99507,100,99999,100,99496,100,100030,100,99405,100,100032,100,99403,100,100079,100,99351,100,100093,200,99322,100
2019-06-28 10:01:40.000000000,99832,150,99812,365,99870,288,99650,150,99904,150,99538,150,99928,150,99519,150,99939,88,99507,150,99999,100,99496,100,100030,100,99405,100,100032,100,99403,100,100079,100,99351,100,100093,200,99322,100
2019-06-28 10:01:40.366277515,99832,150,99812,365,99870,288,99650,150,99904,150,99538,150,99928,150,99519,150,99939,88,99507,150,99999,100,99496,100,100030,100,99405,100,100032,100,99403,100,100079,100,99351,100,100093,200,99322,100
2019-06-28 10:01:50.000000000,99832,225,99812,440,99870,363,99650,225,99904,100,99538,100,99928,100,99519,100,99939,38,99507,100,99999,100,99496,100,100030,100,99405,100,100032,100,99403,100,100079,100,99351,100,100093,200,99322,100
2019-06-28 10:01:59.781356722,99832,225,99812,440,99870,363,99650,225,99904,100,99538,100,99928,100,99519,100,99939,38,99507,100,99999,100,99496,100,100030,100,99405,100,100032,100,99403,100,100079,100,99351,100,100093,200,99322,100
2019-06-28 10:02:00.000000000,99832,162,99812,377,99870,300,99650,162,99904,162,99538,162,99928,162,99519,162,99939,38,99507,100,99999,100,99496,100,100030,100,99405,100,100032,100,99403,100,100079,100,99351,100,100093,200,99322,100
2019-06-28 10:02:06.921378602,99832,62,99812,377,99870,300,99650,162,99904,162,99538,162,99928,162,99519,162,99939,38,99507,100,99999,100,99496,100,100030,100,99405,100,100032,100,99403,100,100079,100,99351,100,100093,200,99322,100
2019-06-28 10:02:10.000000000,99870,288,99812,365,99904,150,99650,150,99928,150,99538,150,99939,88,99519,150,99999,150,99507,150,100030,100,99496,100,100032,100,99405,100,100079,100,99403,100,100093,200,99351,100,100102,100,99322,100
2019-06-28 10:02:15.537671432,99870,288,99812,365,99904,150,99650,150,99919,100,99538,150,99928,150,99519,150,99939,88,99507,150,99999,150,99496,100,100030,100,99405,100,100032,100,99403,100,100079,100,99322,100,100093,200,99291,100
2019-06-28 10:02:17.652198261,99870,288,99812,265,99904,150,99650,150,99919,100,99538,150,99928,150,99519,150,99939,88,99507,150,99999,150,99496,100,100030,100,99405,100,100032,100,99403,100,100079,100,99322,100,100093,200,99291,100
2019-06-28 10:02:19.903049306,99870,288,99812,265,99904,150,99650,150,99919,100,99538,150,99928,150,99519,150,99939,88,99507,150,99999,150,99496,100,100030,100,99405,100,100032,100,99403,100,100079,100,99322,100,100093,200,99291,100
2019-06-28 10:02:20.000000000,99870,300,99812,277,99904,162,99650,162,99919,162,99538,162,99928,162,99519,162,99939,38,99507,100,99999,100,99496,100,100030,100,99405,100,100032,100,99403,100,100079,100,99322,100,100093,200,99291,100
2019-06-28 10:02:28.479516329,99870,300,99813,100,99904,162,99812,277,99919,162,99650,162,99928,162,99538,162,99939,38,99519,162,99999,100,99507,100,100030,100,99496,100,100032,100,99405,100,100079,100,99403,100,100093,200,99322,100
2019-06-28 10:02:30.000000000,99870,363,99813,225,99904,225,99812,340,99919,100,99650,100,99928,100,99538,100,99939,38,99519,100,99999,100,99507,100,100030,100,99496,100,100032,100,99405,100,100079,100,99403,100,100093,200,99322,100
2019-06-28 10:02:37.972315870,99870,363,99813,325,99904,225,99812,340,99919,100,99650,100,99928,100,99538,100,99939,38,99519,100,99999,100,99507,100,100030,100,99496,100,100032,100,99405,100,100079,100,99403,100,100093,200,99322,100
2019-06-28 10:02:39.924356758,99870,363,99813,325,99904,225,99812,340,99919,100,99650,100,99928,100,99538,100,99939,38,99519,100,99999,100,99507,100,100030,100,99496,100,100032,100,99405,100,100079,100,99403,100,100093,200,99322,100
2019-06-28 10:02:40.000000000,99870,488,99813,450,99904,100,99812,215,99919,100,99650,100,99928,100,99538,100,99939,38,99519,100,99999,100,99507,100,100030,100,99496,100,100032,100,99405,100,100079,100,99403,100,100093,200,99322,100
2019-06-28 10:02:43.605589388,99870,488,99813,450,99904,100,99812,215,99919,100,99650,100,99928,100,99538,100,99939,38,99519,100,99999,100,99507,100,100030,100,99496,100,100032,100,99405,100,100079,100,99403,100,100093,200,99322,100
2019-06-28 10:02:48.062985996,99870,488,99813,450,99904,100,99812,215,99919,100,99650,100,99928,100,99538,100,99939,38,99519,100,99999,100,99507,100,100030,100,99496,100,100032,100,99405,100,100079,100,99403,100,100093,200,99322,100
2019-06-28 10:02:50.000000000,99870,363,99813,325,99904,225,99812,340,99919,100,99650,100,99928,100,99538,100,99939,38,99519,100,99999,100,99507,100,100030,100,99496,100,100032,100,99405,100,100079,100,99403,100,100093,200,99322,100
2019-06-28 10:03:00.000000000,99870,288,99813,250,99904,150,99812,265,99919,150,99650,150,99928,150,99538,150,99939,88,99519,150,99999,100,99507,100,100030,100,99496,100,100032,100,99405,100,100079,100,99403,100,100093,200,99322,100
2019-06-28 10:03:02.414273779,99870,188,99813,250,99904,150,99812,265,99919,150,99650,150,99928,150,99538,150,99939,88,99519,150,99999,100,99507,100,100030,100,99496,100,100032,100,99405,100,100079,100,99403,100,100093,100,99322,100
2019-06-28 10:03:04.657846691,99870,188,99813,250,99904,150,99812,265,99919,150,99650,150,99928,150,99538,150,99939,88,99519,150,99999,100,99507,100,100030,100,99496,100,100032,100,99405,100,100079,100,99403,100,100093,100,99322,100
2019-06-28 10:03:10.000000000,99870,263,99813,325,99904,225,99812,340,99919,100,99650,100,99928,100,99538,100,99939,38,99519,100,99999,100,99507,100,100030,100,99496,100,100032,100,99405,100,100079,100,99403,100,100093,100,99322,100
2019-06-28 10:03:20.000000000,99870,263,99813,325,99904,225,99812,340,99919,100,99650,100,99928,100,99538,100,99939,38,99519,100,99999,100,99507,100,100030,100,99496,100,100032,100,99405,100,100079,100,99403,100,100093,100,99322,100
2019-06-28 10:03:30.000000000,99870,388,99813,450,99904,100,99812,215,99919,100,99650,100,99928,100,99538,100,99939,38,99519,100,99999,100,99507,100,100030,100,99496,100,100032,100,99405,100,100079,100,99403,100,100093,100,99322,100
2019-06-28 10:03:40.000000000,99870,188,99813,250,99904,150,99812,265,99919,150,99650,150,99928,150,99538,150,99939,88,99519,150,99999,100,99507,100,100030,100,99496,100,100032,100,99405,100,100079,100,99403,100,100093,100,99322,100
2019-06-28 10:03:48.160604458,99870,88,99813,250,99904,150,99812,265,99919,150,99650,50,99928,150,99538,150,99939,88,99519,150,99999,100,99507,100,100030,100,99496,100,100032,100,99405,100,100079,100,99403,100,100093,100,99322,100
2019-06-28 10:03:50.000000000,99870,163,99813,325,99904,225,99812,340,99919,100,99538,100,99928,100,99519,100,99939,38,99507,100,99999,100,99496,100,100030,100,99405,100,100032,100,99403,100,100079,100,99322,100,100093,100,99291,100
2019-06-28 10:04:00.000000000,99870,288,99813,450,99904,100,99812,215,99919,100,99538,100,99928,100,99519,100,99939,38,99507,100,99999,100,99496,100,100030,100,99405,100,100032,100,99403,100,100079,100,99322,100,100093,100,99291,100
2019-06-28 10:04:03.868512952,99870,288,99813,450,99904,100,99812,215,99919,100,99519,100,99928,100,99507,100,99939,38,99496,100,99999,100,99405,100,100030,100,99403,100,100032,100,99322,100,100079,100,99291,100,100093,100,99238,100
2019-06-28 10:04:10.000000000,99870,123,99813,285,99904,182,99812,297,99919,182,99519,182,99928,100,99507,100,99939,38,99496,100,99999,100,99405,100,100030,100,99403,100,100032,100,99322,100,100079,100,99291,100,100093,100,99238,100
2019-06-28 10:04:20.000000000,99870,288,99813,450,99904,100,99812,215,99919,100,99519,100,99928,100,99507,100,99939,38,99496,100,99999,100,99405,100,100030,100,99403,100,100032,100,99322,100,100079,100,99291,100,100093,100,99238,100
2019-06-28 10:04:23.778864631,99870,188,99813,450,99904,100,99812,215,99919,100,99519,100,99928,100,99507,100,99939,38,99496,100,99999,100,99405,100,100030,100,99403,100,100032,100,99322,100,100079,100,99291,100,100093,100,99238,100
2019-06-28 10:04:30.000000000,99904,225,99813,325,99919,225,99812,340,99928,100,99519,100,99939,38,99507,100,99999,100,99496,100,100030,100,99405,100,100032,100,99403,100,100079,100,99322,100,100093,100,99291,100,100102,100,99238,100
2019-06-28 10:04:40.000000000,99904,185,99813,285,99919,182,99812,297,99928,182,99519,182,99939,38,99507,100,99999,100,99496,100,100030,100,99405,100,100032,100,99403,100,100079,100,99322,100,100093,100,99291,100,100102,100,99238,100
2019-06-28 10:04:50.000000000,99904,185,99813,285,99919,182,99812,297,99928,182,99519,182,99939,38,99507,100,99999,100,99496,100,100030,100,99405,100,100032,100,99403,100,100079,100,99322,100,100093,100,99291,100,100102,100,99238,100
2019-06-28 10:04:56.115113069,99904,185,99813,285,99919,182,99812,297,99928,182,99519,182,99939,38,99507,100,99999,100,99496,100,100030,100,99405,100,100032,100,99403,100,100079,100,99322,100,100093,100,99291,100,100102,100,99238,100
2019-06-28 10:05:00.000000000,99904,185,99813,285,99919,182,99812,297,99928,182,99519,182,99939,38,99507,100,99999,100,99496,100,100030,100,99405,100,100032,100,99403,100,100079,100,99322,100,100093,100,99291,100,100102,100,99238,100
2019-06-28 10:05:06.388979624,99904,85,99813,285,99919,182,99812,297,99928,182,99519,182,99939,38,99507,100,99999,100,99496,100,100030,100,99405,100,100032,100,99403,100,100079,100,99322,100,100093,100,99291,100,100102,100,99238,100
2019-06-28 10:05:10.000000000,99919,162,99813,262,99928,162,99812,277,99939,100,99519,162,99999,162,99507,162,100030,100,99496,100,100032,100,99405,100,100079,100,99403,100,100093,100,99322,100,100102,100,99291,100,100333,100,99238,100
2019-06-28 10:05:20.000000000,99919,162,99813,262,99928,162,99812,277,99939,100,99519,162,99999,162,99507,162,100030,100,99496,100,100032,100,99405,100,100079,100,99403,100,100093,100,99322,100,100102,100,99291,100,100333,100,99238,100
2019-06-28 10:05:30.000000000,99919,225,99813,325,99928,225,99812,340,99939,38,99519,100,99999,100,99507,100,100030,100,99496,100,100032,100,99405,100,100079,100,99403,100,100093,100,99322,100,100102,100,99291,100,100333,100,99238,100
2019-06-28 10:05:40.000000000,99919,162,99813,262,99928,162,99812,277,99939,100,99519,162,99999,162,99507,162,100030,100,99496,100,100032,100,99405,100,100079,100,99403,100,100093,100,99322,100,100102,100,99291,100,100333,100,99238,100
2019-06-28 10:05:50.000000000,99919,162,99813,262,99928,162,99812,277,99939,100,99519,162,99999,162,99507,162,100030,100,99496,100,100032,100,99405,100,100079,100,99403,100,100093,100,99322,100,100102,100,99291,100,100333,100,99238,100
2019-06-28 10:05:52.136989596,99919,162,99813,262,99928,162,99812,177,99939,100,99519,162,99999,162,99507,162,100030,100,99496,100,100032,100,99405,100,100079,100,99403,100,100093,100,99322,100,100102,100,99291,100,100333,100,99238,100
2019-06-28 10:06:00.000000000,99919,185,99813,285,99928,182,99812,197,99939,120,99519,182,99999,100,99507,100,100030,100,99496,100,100032,100,99405,100,100079,100,99403,100,100093,100,99322,100,100102,100,99291,100,100333,100,99238,100
2019-06-28 10:06:10.000000000,99919,225,99813,325,99928,225,99812,240,99939,38,99519,100,99999,100,99507,100,100030,100,99496,100,100032,100,99405,100,100079,100,99403,100,100093,100,99322,100,100102,100,99291,100,100333,100,99238,100
2019-06-28 10:06:20.000000000,99919,162,99813,262,99928,162,99812,177,99939,100,99519,162,99999,162,99507,162,100030,100,99496,100,100032,100,99405,100,100079,100,99403,100,100093,100,99322,100,100102,100,99291,100,100333,100,99238,100
2019-06-28 10:06:30.000000000,99919,150,99813,250,99928,150,99812,165,99939,88,99519,150,99999,150,99507,150,100030,150,99496,150,100032,100,99405,100,100079,100,99403,100,100093,100,99322,100,100102,100,99291,100,100333,100,99238,100
2019-06-28 10:06:40.000000000,99919,225,99813,325,99928,225,99812,240,99939,38,99519,100,99999,100,99507,100,100030,100,99496,100,100032,100,99405,100,100079,100,99403,100,100093,100,99322,100,100102,100,99291,100,100333,100,99238,100
2019-06-28 10:06:50.000000000,99919,150,99813,250,99928,150,99812,165,99939,88,99519,150,99999,150,99507,150,100030,150,99496,150,100032,100,99405,100,100079,100,99403,100,100093,100,99322,100,100102,100,99291,100,100333,100,99238,100
2019-06-28 10:07:00.000000000,99919,350,99813,450,99928,100,99812,115,99939,38,99519,100,99999,100,99507,100,100030,100,99496,100,100032,100,99405,100,100079,100,99403,100,100093,100,99322,100,100102,100,99291,100,100333,100,99238,100
2019-06-28 10:07:00.627664396,99919,350,99813,450,99928,100,99812,115,99939,38,99519,100,99999,100,99507,100,100030,100,99496,100,100032,100,99405,100,100079,100,99403,100,100093,100,99322,100,100102,100,99291,100,100333,100,99238,100
2019-06-28 10:07:01.151099905,99919,350,99813,450,99928,100,99812,115,99939,38,99519,100,99999,100,99507,100,100030,100,99496,100,100032,100,99405,100,100079,100,99403,100,100093,100,99322,100,100102,100,99291,100,100333,100,99238,100
2019-06-28 10:07:04.384124276,99919,250,99813,450,99928,100,99812,115,99939,38,99519,100,99999,100,99507,100,100030,100,99496,100,100032,100,99405,100,100079,100,99403,100,100093,100,99291,100,100102,100,99238,100,100333,100,99140,100
2019-06-28 10:07:04.437710939,99919,250,99813,450,99928,100,99812,115,99939,38,99519,100,99999,100,99507,100,100030,100,99496,100,100032,100,99405,100,100079,100,99403,100,100093,100,99291,100,100102,100,99238,100,100333,100,99140,100
2019-06-28 10:07:08.048960738,99919,150,99813,450,99928,100,99812,115,99939,38,99507,100,99999,100,99496,100,100030,100,99405,100,100032,100,99403,100,100079,100,99291,100,100093,100,99238,100,100102,100,99140,100,100333,100,98938,100
2019-06-28 10:07:10.000000000,99928,150,99813,250,99939,88,99812,165,99999,150,99507,150,100030,150,99496,150,100032,150,99405,150,100079,100,99403,100,100093,100,99291,100,100102,100,99238,100,100333,100,99140,100,100347,100,98938,100
2019-06-28 10:07:20.000000000,99928,185,99813,285,99939,120,99812,197,99999,182,99507,182,100030,100,99496,100,100032,100,99405,100,100079,100,99403,100,100093,100,99291,100,100102,100,99238,100,100333,100,99140,100,100347,100,98938,100
2019-06-28 10:07:30.000000000,99928,150,99813,250,99939,88,99812,165,99999,150,99507,150,100030,150,99496,150,100032,150,99405,150,100079,100,99403,100,100093,100,99291,100,100102,100,99238,100,100333,100,99140,100,100347,100,98938,100
2019-06-28 10:07:40.000000000,99928,162,99813,262,99939,100,99812,177,99999,162,99507,162,100030,162,99496,162,100032,100,99405,100,100079,100,99403,100,100093,100,99291,100,100102,100,99238,100,100333,100,99140,100,100347,100,98938,100
2019-06-28 10:07:50.000000000,99928,150,99813,250,99939,88,99812,165,99999,150,99507,150,100030,150,99496,150,100032,150,99405,150,100079,100,99403,100,100093,100,99291,100,100102,100,99238,100,100333,100,99140,100,100347,100,98938,100
2019-06-28 10:07:52.662906644,99928,150,99813,250,99939,88,99812,165,99999,150,99507,150,100030,150,99496,150,100032,150,99405,150,100079,100,99403,100,100093,100,99291,100,100102,100,99238,100,100333,100,99140,100,100347,100,98938,100
2019-06-28 10:08:00.000000000,99928,225,99813,325,99939,163,99812,240,99999,100,99507,100,100030,100,99496,100,100032,100,99405,100,100079,100,99403,100,100093,100,99291,100,100102,100,99238,100,100333,100,99140,100,100347,100,98938,100
2019-06-28 10:08:04.087425646,99928,125,99813,325,99939,163,99812,240,99999,100,99507,100,100030,100,99496,100,100032,100,99405,100,100079,100,99403,100,100093,100,99291,100,100102,100,99238,100,100333,100,99140,100,100347,100,98938,100
2019-06-28 10:08:09.006329045,99928,125,99813,325,99939,163,99812,240,99999,100,99507,100,100030,100,99496,100,100032,100,99405,100,100079,100,99403,100,100093,100,99291,100,100102,100,99238,100,100333,100,99140,100,100347,100,98938,100
2019-06-28 10:08:10.000000000,99939,163,99813,325,99999,225,99812,240,100030,100,99507,100,100032,100,99496,100,100079,100,99405,100,100093,100,99403,100,100102,100,99291,100,100333,100,99238,100,100347,100,99140,100,100362,100,98938,100
2019-06-28 10:08:20.000000000,99939,288,99813,450,99999,100,99812,115,100030,100,99507,100,100032,100,99496,100,100079,100,99405,100,100093,100,99403,100,100102,100,99291,100,100333,100,99238,100,100347,100,99140,100,100362,100,98938,100
2019-06-28 10:08:30.000000000,99939,288,99813,450,99999,100,99812,115,100030,100,99507,100,100032,100,99496,100,100079,100,99405,100,100093,100,99403,100,100102,100,99291,100,100333,100,99238,100,100347,100,99140,100,100362,100,98938,100
