,ask_price_1,ask_size_1,bid_price_1,bid_size_1,ask_price_2,ask_size_2,bid_price_2,bid_size_2,ask_price_3,ask_size_3,bid_price_3,bid_size_3,ask_price_4,ask_size_4,bid_price_4,bid_size_4,ask_price_5,ask_size_5,bid_price_5,bid_size_5,ask_price_6,ask_size_6,bid_price_6,bid_size_6,ask_price_7,ask_size_7,bid_price_7,bid_size_7,ask_price_8,ask_size_8,bid_price_8,bid_size_8,ask_price_9,ask_size_9,bid_price_9,bid_size_9,ask_price_10,ask_size_10,bid_price_10,bid_size_10
2019-06-28 09:30:00.000000001,100143,100,,,,,,,,,,,,,,,,,,,,,,,,,,,,,,,,,,,,,,
2019-06-28 09:30:00.000000002,100143,100,100022,100,,,,,,,,,,,,,,,,,,,,,,,,,,,,,,,,,,,,
2019-06-28 09:30:00.000000003,100143,100,,,,,,,,,,,,,,,,,,,,,,,,,,,,,,,,,,,,,,
2019-06-28 09:30:00.000000004,100143,100,99902,100,,,,,,,,,,,,,,,,,,,,,,,,,,,,,,,,,,,,
2019-06-28 09:30:00.000000005,100019,100,99928,100,100143,100,99902,100,,,,,,,,,,,,,,,,,,,,,,,,,,,,,,,,
2019-06-28 09:30:00.000000009,100019,100,99928,100,100102,100,99902,100,100143,100,,,,,,,,,,,,,,,,,,,,,,,,,,,,,,
2019-06-28 09:30:00.000000010,100019,100,99928,100,100057,100,99902,100,100102,100,,,100143,100,,,,,,,,,,,,,,,,,,,,,,,,,,
2019-06-28 09:30:00.000000013,99935,100,99928,100,100019,100,99902,100,100057,100,,,100102,100,,,100143,100,,,,,,,,,,,,,,,,,,,,,,
2019-06-28 09:30:00.000000016,100019,100,99928,100,100039,100,99902,100,100057,100,,,100102,100,,,100143,100,,,,,,,,,,,,,,,,,,,,,,
2019-06-28 09:30:00.000000017,100039,100,99928,100,100057,100,99923,100,100102,100,99902,100,100143,100,,,,,,,,,,,,,,,,,,,,,,,,,,
2019-06-28 09:30:00.000000018,100039,100,99980,100,100057,100,99928,100,100102,100,99923,100,100143,100,99902,100,,,,,,,,,,,,,,,,,,,,,,,,
2019-06-28 09:30:00.000000019,99988,100,99980,100,100019,100,99928,100,100039,100,99923,100,100057,100,99902,100,100102,100,,,100143,100,,,,,,,,,,,,,,,,,,
2019-06-28 09:30:00.000000022,99988,100,99980,100,99993,100,99928,100,100019,100,99923,100,100039,100,99902,100,100057,100,,,100102,100,,,100143,100,,,,,,,,,,,,,,
2019-06-28 09:30:00.000000028,99988,100,99980,100,99993,100,99935,100,100019,100,99928,100,100039,100,99923,100,100057,100,99902,100,100102,100,,,100143,100,,,,,,,,,,,,,,
2019-06-28 09:30:00.000000031,99988,100,99980,100,99993,100,99935,100,100019,200,99928,100,100039,100,99923,100,100057,100,99902,100,100102,100,,,100143,100,,,,,,,,,,,,,,
2019-06-28 09:30:00.000000032,99988,100,99980,100,99993,100,99935,100,100019,300,99928,100,100030,100,99923,100,100039,100,99904,100,100057,100,99902,100,100102,100,,,100143,100,,,,,,,,,,
2019-06-28 09:30:00.000000033,99988,100,99980,100,99993,100,99935,100,100019,400,99928,100,100030,100,99923,100,100039,100,99904,100,100057,100,99902,100,100102,100,,,100143,100,,,,,,,,,,
2019-06-28 09:30:00.000000035,99988,100,99980,100,99993,100,99935,100,99995,100,99928,100,100019,400,99923,100,100030,100,99904,100,100039,100,99902,100,100057,100,,,100102,100,,,100143,100,,,,,,
2019-06-28 09:30:00.000000036,99988,100,99980,100,99993,100,99935,200,99995,100,99928,100,100019,400,99923,100,100030,100,99904,100,100039,100,99902,100,100057,100,,,100102,100,,,100143,100,,,,,,
2019-06-28 09:30:00.000000037,99988,100,99980,100,99993,100,99935,200,99995,100,99928,100,100019,400,99923,100,100030,100,99904,100,100039,100,99902,100,100048,100,,,100057,100,,,100102,100,,,100143,100,,
2019-06-28 09:30:00.000000041,99993,100,99980,100,99995,100,99935,200,100019,400,99928,100,100030,100,99923,100,100039,100,99904,100,100048,100,99902,100,100057,100,,,100102,100,,,100143,100,,,,,,
2019-06-28 09:30:00.000000042,99992,100,99980,100,99993,100,99935,200,99995,100,99928,100,100019,400,99923,100,100030,100,99904,100,100039,100,99902,100,100048,100,,,100057,100,,,100102,100,,,100143,100,,
2019-06-28 09:30:00.000000044,99992,100,99986,100,99993,100,99980,100,99995,100,99935,200,100019,400,99928,100,100030,100,99923,100,100039,100,99904,100,100048,100,99902,100,100057,100,,,100102,100,,,100143,100,,
2019-06-28 09:30:00.000000046,99992,100,99986,100,99993,100,99980,100,99995,100,99949,100,100019,400,99935,200,100030,100,99928,100,100039,100,99923,100,100048,100,99904,100,100057,100,99902,100,100102,100,,,100143,100,,
2019-06-28 09:30:00.000000047,99993,100,99986,100,99995,100,99980,100,100019,400,99949,100,100030,100,99935,200,100039,100,99928,100,100048,100,99923,100,100057,100,99904,100,100102,100,99902,100,100143,100,,,,,,
2019-06-28 09:30:00.000000049,99993,100,99986,100,99995,100,99980,100,100019,400,99949,100,100030,100,99935,200,100039,100,99928,100,100045,100,99923,100,100048,100,99904,100,100057,100,99902,100,100102,100,,,100143,100,,
2019-06-28 09:30:00.000000053,99993,100,99986,100,99995,100,99980,100,100019,400,99949,100,100030,100,99935,200,100039,100,99928,100,100045,100,99923,100,100048,100,99904,100,100057,100,99902,100,100060,100,,,100102,100,,
2019-06-28 09:30:00.000000054,99993,100,99986,100,99995,100,99980,100,100019,400,99949,100,100030,100,99935,200,100039,100,99930,100,100045,100,99928,100,100048,100,99923,100,100057,100,99904,100,100060,100,99902,100,100102,100,,
2019-06-28 09:30:00.000000055,99993,100,99986,100,99995,100,99980,100,100019,400,99949,100,100030,100,99935,200,100039,100,99930,100,100045,100,99928,100,100048,100,99923,100,100057,100,99904,100,100060,100,99902,100,100102,100,,
2019-06-28 09:30:00.000000057,99993,100,99986,100,99995,100,99980,100,100019,400,99949,100,100030,100,99935,200,100039,100,99930,100,100045,100,99928,100,100048,200,99923,100,100057,100,99904,100,100060,100,99902,100,100102,100,,
2019-06-28 09:30:00.000000059,99993,100,99980,100,99995,100,99949,100,100019,400,99935,200,100030,100,99930,100,100039,100,99928,100,100045,100,99923,100,100048,200,99904,100,100057,100,99902,100,100060,100,,,100102,100,,
2019-06-28 09:30:00.000000060,99993,100,99980,100,99995,100,99949,100,100019,400,99935,200,100030,100,99930,100,100039,100,99928,100,100045,100,99923,100,100048,200,99904,100,100057,100,99902,100,100060,100,,,100096,100,,
2019-06-28 09:30:00.000000063,99993,100,99980,100,99995,100,99949,100,100019,400,99935,200,100030,100,99930,100,100039,100,99928,100,100045,100,99923,100,100048,200,99904,100,100057,100,99902,100,100060,100,99886,100,100096,100,99856,100
2019-06-28 09:30:00.000000064,99993,100,99980,100,99995,100,99952,100,100019,400,99949,100,100030,100,99935,200,100039,100,99930,100,100045,100,99928,100,100048,200,99923,100,100057,100,99904,100,100060,100,99902,100,100096,100,99886,100
2019-06-28 09:30:00.000000065,99993,100,99980,100,99995,100,99952,100,100019,400,99949,100,100030,100,99935,200,100039,100,99930,100,100045,100,99928,100,100048,200,99923,100,100057,100,99904,100,100058,100,99902,100,100060,100,99886,100
2019-06-28 09:30:00.000000070,99993,100,99980,100,99995,100,99952,100,100019,400,99949,100,100030,100,99935,200,100039,100,99932,100,100045,100,99930,100,100048,200,99928,100,100057,100,99923,100,100058,100,99904,100,100060,100,99902,100
2019-06-28 09:30:00.000000071,99992,100,99980,100,99993,100,99952,100,99995,100,99949,100,100019,400,99935,200,100030,100,99932,100,100039,100,99930,100,100045,100,99928,100,100048,200,99923,100,100057,100,99904,100,100058,100,99902,100
2019-06-28 09:30:00.000000072,99992,100,99986,100,99993,100,99980,100,99995,100,99952,100,100019,400,99949,100,100030,100,99935,200,100039,100,99932,100,100045,100,99930,100,100048,200,99928,100,100057,100,99923,100,100058,100,99904,100
2019-06-28 09:30:00.000000073,99992,200,99986,100,99993,100,99980,100,99995,100,99952,100,100019,400,99949,100,100030,100,99935,200,100039,100,99932,100,100045,100,99930,100,100048,200,99928,100,100057,100,99923,100,100058,100,99904,100
2019-06-28 09:30:00.000000074,99992,200,99986,200,99993,100,99980,100,99995,100,99952,100,100019,400,99949,100,100030,100,99935,200,100039,100,99932,100,100045,100,99930,100,100048,200,99928,100,100057,100,99923,100,100058,100,99904,100
2019-06-28 09:30:00.000000075,99992,200,99990,100,99993,100,99986,200,99995,100,99980,100,100019,400,99952,100,100030,100,99949,100,100039,100,99935,200,100045,100,99932,100,100048,200,99930,100,100057,100,99928,100,100058,100,99923,100
2019-06-28 09:30:00.000000077,99992,300,99990,100,99993,100,99986,200,99995,100,99980,100,100019,400,99952,100,100030,100,99949,100,100039,100,99935,200,100045,100,99932,100,100048,200,99930,100,100057,100,99928,100,100058,100,99923,100
2019-06-28 09:30:00.000000080,99992,300,99986,200,99993,100,99980,100,99995,100,99952,100,100019,400,99949,100,100030,100,99935,200,100039,100,99932,100,100045,100,99930,100,100048,200,99928,100,100057,100,99923,100,100058,100,99904,100
2019-06-28 09:30:00.000000082,99992,300,99986,200,99993,100,99980,100,99995,100,99952,100,100019,400,99949,100,100030,100,99935,200,100039,100,99932,100,100045,100,99930,100,100048,200,99928,100,100057,100,99923,100,100058,100,99904,100
2019-06-28 09:30:00.000000085,99992,300,99986,200,99993,100,99980,100,99995,100,99952,100,100002,100,99949,100,100019,400,99935,200,100030,100,99932,100,100039,100,99930,100,100045,100,99928,100,100048,200,99923,100,100057,100,99904,100
2019-06-28 09:30:00.000000086,99992,300,99986,200,99993,100,99980,100,99995,100,99952,100,100002,100,99949,100,100019,400,99935,200,100030,100,99932,100,100039,100,99930,100,100045,100,99928,100,100048,200,99923,100,100057,100,99904,100
2019-06-28 09:30:00.000000087,99992,300,99986,200,99993,100,99980,100,99995,100,99952,100,100002,100,99949,100,100019,400,99935,200,100030,100,99932,100,100039,100,99930,100,100045,100,99928,100,100048,200,99923,100,100057,100,99904,100
2019-06-28 09:30:00.000000089,99992,300,99986,200,99993,100,99980,100,99995,100,99952,100,100002,100,99949,100,100019,400,99935,200,100030,100,99932,100,100039,100,99930,100,100045,100,99928,100,100048,200,99923,100,100057,100,99904,100
2019-06-28 09:30:00.000000090,99992,200,99986,200,99993,100,99980,100,99995,100,99952,100,100002,100,99949,100,100019,400,99935,200,100030,100,99932,100,100039,100,99930,100,100045,100,99928,100,100048,200,99923,100,100057,100,99904,100
2019-06-28 09:30:00.000000092,99992,200,99986,200,99993,100,99980,100,99995,100,99952,100,100002,100,99949,100,100019,400,99935,200,100030,100,99932,100,100039,100,99930,100,100045,100,99928,100,100048,200,99923,100,100057,100,99904,100
2019-06-28 09:30:00.000000094,99992,200,99986,200,99993,100,99981,100,99995,100,99980,100,100002,100,99952,100,100019,400,99949,100,100030,100,99935,200,100039,100,99932,100,100045,100,99930,100,100048,200,99928,100,100057,100,99923,100
2019-06-28 09:30:00.000000095,99991,100,99986,200,99992,200,99981,100,99993,100,99980,100,99995,100,99952,100,100002,100,99949,100,100019,400,99935,200,100030,100,99932,100,100039,100,99930,100,100045,100,99928,100,100048,200,99923,100
2019-06-28 09:30:00.000000097,99991,100,99986,200,99992,200,99982,100,99993,100,99981,100,99995,100,99980,100,100002,100,99952,100,100019,400,99949,100,100030,100,99935,200,100039,100,99932,100,100045,100,99930,100,100048,200,99928,100
2019-06-28 09:30:02.938749484,99991,100,99986,200,99992,200,99982,100,99993,100,99981,100,99995,100,99980,100,100002,100,99952,100,100019,400,99949,100,100030,100,99935,200,100039,100,99932,100,100045,100,99930,100,100048,200,99928,100
2019-06-28 09:30:10.000000000,99991,188,99986,288,99992,288,99982,188,99993,188,99981,188,99995,188,99980,188,100002,188,99952,188,100019,400,99949,100,100030,100,99935,200,100039,100,99932,100,100045,100,99930,100,100048,200,99928,100
2019-06-28 09:30:16.329846436,99991,88,99986,288,99992,288,99982,188,99993,188,99981,188,99995,188,99980,188,100002,188,99952,188,100019,400,99949,100,100030,100,99935,200,100039,100,99932,100,100045,100,99930,100,100048,200,99928,100
2019-06-28 09:30:20.000000000,99992,419,99986,419,99993,319,99982,319,99995,100,99981,100,100002,100,99980,100,100019,400,99952,100,100030,100,99949,100,100039,100,99935,200,100045,100,99932,100,100048,200,99930,100,100057,100,99928,100
2019-06-28 09:30:23.994145285,99992,319,99986,419,99993,319,99982,319,99995,100,99981,100,100002,100,99980,100,100019,400,99952,100,100030,100,99949,100,100039,100,99935,200,100045,100,99932,100,100048,200,99930,100,100057,100,99928,100
2019-06-28 09:30:30.000000000,99992,210,99986,310,99993,210,99982,210,99995,210,99981,210,100002,210,99980,210,100019,400,99952,100,100030,100,99949,100,100039,100,99935,200,100045,100,99932,100,100048,200,99930,100,100057,100,99928,100
2019-06-28 09:30:40.000000000,99992,538,99986,638,99993,100,99982,100,99995,100,99981,100,100002,100,99980,100,100019,400,99952,100,100030,100,99949,100,100039,100,99935,200,100045,100,99932,100,100048,200,99930,100,100057,100,99928,100
2019-06-28 09:30:41.873555142,99992,438,99986,638,99993,100,99982,100,99995,100,99981,100,100002,100,99980,100,100019,400,99952,100,100030,100,99949,100,100039,100,99935,200,100045,100,99932,100,100048,200,99928,100,100057,100,99923,100
2019-06-28 09:30:50.000000000,99993,210,99986,310,99995,210,99982,210,100002,210,99981,210,100019,510,99980,210,100030,100,99952,100,100039,100,99949,100,100045,100,99935,200,100048,200,99932,100,100057,100,99928,100,100058,100,99923,100
2019-06-28 09:30:54.898835893,99993,210,99986,310,99995,210,99982,210,100002,210,99981,210,100019,510,99980,210,100030,100,99952,100,100039,100,99949,100,100045,100,99935,200,100048,200,99932,100,100057,100,99923,100,100058,100,99902,100
2019-06-28 09:31:00.000000000,99993,188,99986,288,99995,188,99982,188,100002,188,99981,188,100019,488,99980,188,100030,188,99952,188,100039,100,99949,100,100045,100,99935,200,100048,200,99932,100,100057,100,99923,100,100058,100,99902,100
2019-06-28 09:31:10.000000000,99993,249,99986,349,99995,245,99982,245,100002,245,99981,245,100019,400,99980,100,100030,100,99952,100,100039,100,99949,100,100045,100,99935,200,100048,200,99932,100,100057,100,99923,100,100058,100,99902,100
2019-06-28 09:31:20.000000000,99993,249,99986,349,99995,245,99982,245,100002,245,99981,245,100019,400,99980,100,100030,100,99952,100,100039,100,99949,100,100045,100,99935,200,100048,200,99932,100,100057,100,99923,100,100058,100,99902,100
2019-06-28 09:31:30.000000000,99993,210,99986,310,99995,210,99982,210,100002,210,99981,210,100019,510,99980,210,100030,100,99952,100,100039,100,99949,100,100045,100,99935,200,100048,200,99932,100,100057,100,99923,100,100058,100,99902,100
2019-06-28 09:31:35.010504468,99993,210,99986,310,99995,210,99982,210,100002,210,99981,210,100019,510,99980,210,100030,100,99952,100,100039,100,99949,100,100045,100,99935,200,100048,200,99932,100,100057,100,99923,100,100058,100,99902,100
2019-06-28 09:31:40.000000000,99993,538,99986,638,99995,100,99982,100,100002,100,99981,100,100019,400,99980,100,100030,100,99952,100,100039,100,99949,100,100045,100,99935,200,100048,200,99932,100,100057,100,99923,100,100058,100,99902,100
2019-06-28 09:31:50.000000000,99993,319,99986,419,99995,319,99982,319,100002,100,99981,100,100019,400,99980,100,100030,100,99952,100,100039,100,99949,100,100045,100,99935,200,100048,200,99932,100,100057,100,99923,100,100058,100,99902,100
2019-06-28 09:32:00.000000000,99993,210,99986,310,99995,210,99982,210,100002,210,99981,210,100019,510,99980,210,100030,100,99952,100,100039,100,99949,100,100045,100,99935,200,100048,200,99932,100,100057,100,99923,100,100058,100,99902,100
2019-06-28 09:32:10.000000000,99993,538,99986,638,99995,100,99982,100,100002,100,99981,100,100019,400,99980,100,100030,100,99952,100,100039,100,99949,100,100045,100,99935,200,100048,200,99932,100,100057,100,99923,100,100058,100,99902,100
2019-06-28 09:32:20.000000000,99993,538,99986,638,99995,100,99982,100,100002,100,99981,100,100019,400,99980,100,100030,100,99952,100,100039,100,99949,100,100045,100,99935,200,100048,200,99932,100,100057,100,99923,100,100058,100,99902,100
2019-06-28 09:32:28.871781368,99993,538,99992,100,99995,100,99986,638,100002,100,99982,100,100019,400,99981,100,100030,100,99980,100,100039,100,99952,100,100045,100,99949,100,100048,200,99935,200,100057,100,99932,100,100058,100,99923,100
2019-06-28 09:32:30.000000000,99993,249,99992,249,99995,245,99986,345,100002,245,99982,245,100019,400,99981,100,100030,100,99980,100,100039,100,99952,100,100045,100,99949,100,100048,200,99935,200,100057,100,99932,100,100058,100,99923,100
2019-06-28 09:32:38.329273476,99993,149,99992,249,99995,245,99986,345,100002,245,99982,245,100019,400,99981,100,100030,100,99980,100,100039,100,99952,100,100045,100,99949,100,100048,200,99935,200,100057,100,99932,100,100058,100,99923,100
2019-06-28 09:32:40.000000000,99995,538,99992,538,100002,100,99986,200,100019,400,99982,100,100030,100,99981,100,100039,100,99980,100,100045,100,99952,100,100048,200,99949,100,100057,100,99935,200,100058,100,99932,100,100060,100,99923,100
2019-06-28 09:32:50.000000000,99995,249,99992,249,100002,245,99986,345,100019,545,99982,245,100030,100,99981,100,100039,100,99980,100,100045,100,99952,100,100048,200,99949,100,100057,100,99935,200,100058,100,99932,100,100060,100,99923,100
2019-06-28 09:33:00.000000000,99995,319,99992,319,100002,319,99986,419,100019,400,99982,100,100030,100,99981,100,100039,100,99980,100,100045,100,99952,100,100048,200,99949,100,100057,100,99935,200,100058,100,99932,100,100060,100,99923,100
2019-06-28 09:33:01.188047025,99995,319,99992,319,100002,319,99986,419,100019,400,99981,100,100030,100,99980,100,100039,100,99952,100,100045,100,99949,100,100048,200,99935,200,100057,100,99932,100,100058,100,99923,100,100060,100,99902,100
2019-06-28 09:33:10.000000000,99995,538,99992,538,100002,100,99986,200,100019,400,99981,100,100030,100,99980,100,100039,100,99952,100,100045,100,99949,100,100048,200,99935,200,100057,100,99932,100,100058,100,99923,100,100060,100,99902,100
2019-06-28 09:33:20.000000000,99995,210,99992,210,100002,210,99986,310,100019,510,99981,210,100030,210,99980,210,100039,100,99952,100,100045,100,99949,100,100048,200,99935,200,100057,100,99932,100,100058,100,99923,100,100060,100,99902,100
2019-06-28 09:33:27.248695111,99995,110,99992,210,100002,210,99986,310,100019,510,99981,210,100030,210,99980,210,100039,100,99952,100,100045,100,99949,100,100048,200,99935,200,100057,100,99932,100,100058,100,99923,100,100060,100,99902,100
2019-06-28 09:33:30.000000000,100002,188,99992,188,100019,488,99986,288,100030,188,99981,188,100039,188,99980,188,100045,188,99952,188,100048,200,99949,100,100057,100,99935,200,100058,100,99932,100,100060,100,99923,100,100079,100,99902,100
2019-06-28 09:33:40.000000000,100002,538,99992,538,100019,400,99986,200,100030,100,99981,100,100039,100,99980,100,100045,100,99952,100,100048,200,99949,100,100057,100,99935,200,100058,100,99932,100,100060,100,99923,100,100079,100,99902,100
2019-06-28 09:33:41.182763243,100002,538,99992,538,100019,400,99986,200,100030,100,99981,100,100039,100,99980,100,100045,100,99952,100,100048,200,99949,100,100055,100,99935,200,100057,100,99932,100,100058,100,99923,100,100060,100,99902,100
2019-06-28 09:33:46.408435386,100002,438,99992,538,100019,400,99986,200,100030,100,99981,100,100039,100,99980,100,100045,100,99952,100,100048,200,99949,100,100055,100,99935,200,100057,100,99932,100,100058,100,99923,100,100060,100,99902,100
2019-06-28 09:33:50.000000000,100019,510,99992,210,100030,210,99986,310,100039,210,99981,210,100045,210,99980,210,100048,200,99952,100,100055,100,99949,100,100057,100,99935,200,100058,100,99932,100,100060,100,99923,100,100079,100,99902,100
2019-06-28 09:33:51.825090482,100019,510,99992,210,100030,210,99986,310,100039,210,99981,210,100045,210,99980,210,100048,200,99952,100,100055,100,99949,100,100057,100,99935,200,100058,100,99932,100,100060,100,99923,100,100079,100,99902,100
2019-06-28 09:33:54.593216892,100019,510,99992,210,100030,210,99986,210,100039,210,99981,210,100045,210,99980,210,100048,200,99952,100,100055,100,99949,100,100057,100,99935,200,100058,100,99932,100,100060,100,99923,100,100079,100,99902,100
2019-06-28 09:34:00.000000000,100019,619,99992,319,100030,319,99986,319,100039,100,99981,100,100045,100,99980,100,100048,200,99952,100,100055,100,99949,100,100057,100,99935,200,100058,100,99932,100,100060,100,99923,100,100079,100,99902,100
2019-06-28 09:34:05.655949379,100019,519,99992,319,100030,319,99986,319,100039,100,99981,100,100045,100,99980,100,100048,200,99949,100,100055,100,99935,200,100057,100,99932,100,100058,100,99923,100,100060,100,99902,100,100079,100,99886,100
2019-06-28 09:34:10.000000000,100019,410,99992,210,100030,210,99986,210,100039,210,99981,210,100045,210,99980,210,100048,200,99949,100,100055,100,99935,200,100057,100,99932,100,100058,100,99923,100,100060,100,99902,100,100079,100,99886,100
2019-06-28 09:34:20.000000000,100019,738,99992,538,100030,100,99986,100,100039,100,99981,100,100045,100,99980,100,100048,200,99949,100,100055,100,99935,200,100057,100,99932,100,100058,100,99923,100,100060,100,99902,100,100079,100,99886,100
2019-06-28 09:34:21.026410997,100019,738,99992,538,100030,100,99986,100,100039,100,99981,100,100045,100,99980,100,100048,200,99969,100,100055,100,99949,100,100057,100,99935,200,100058,100,99932,100,100060,100,99923,100,100079,100,99902,100
2019-06-28 09:34:21.420080230,100019,638,99992,538,100030,100,99986,100,100039,100,99981,100,100045,100,99980,100,100048,200,99969,100,100055,100,99949,100,100057,100,99935,200,100058,100,99932,100,100060,100,99923,100,100079,100,99902,100
2019-06-28 09:34:30.000000000,100019,638,99992,538,100030,100,99986,100,100039,100,99981,100,100045,100,99980,100,100048,200,99969,100,100055,100,99949,100,100057,100,99935,200,100058,100,99932,100,100060,100,99923,100,100079,100,99902,100
2019-06-28 09:34:31.542912283,100019,638,99992,538,100030,100,99986,100,100039,100,99981,100,100045,100,99980,100,100048,200,99969,100,100055,100,99950,100,100057,100,99949,100,100058,100,99935,200,100060,100,99932,100,100079,100,99923,100
2019-06-28 09:34:40.000000000,100019,288,99992,188,100030,188,99986,188,100039,188,99981,188,100045,188,99980,188,100048,288,99969,188,100055,100,99950,100,100057,100,99949,100,100058,100,99935,200,100060,100,99932,100,100079,100,99923,100
2019-06-28 09:34:50.000000000,100019,638,99992,538,100030,100,99986,100,100039,100,99981,100,100045,100,99980,100,100048,200,99969,100,100055,100,99950,100,100057,100,99949,100,100058,100,99935,200,100060,100,99932,100,100079,100,99923,100
2019-06-28 09:34:55.932447289,100019,638,99992,438,100030,100,99986,100,100039,100,99981,100,100045,100,99980,100,100048,200,99969,100,100055,100,99950,100,100057,100,99949,100,100058,100,99935,200,100060,100,99932,100,100079,100,99923,100
2019-06-28 09:34:59.786345604,100019,638,99992,338,100030,100,99986,100,100039,100,99981,100,100045,100,99980,100,100048,200,99969,100,100055,100,99950,100,100057,100,99949,100,100058,100,99935,200,100060,100,99932,100,100079,100,99923,100
2019-06-28 09:35:00.000000000,100019,310,99986,210,100030,210,99981,210,100039,210,99980,210,100045,210,99969,210,100048,200,99950,100,100055,100,99949,100,100057,100,99935,200,100058,100,99932,100,100060,100,99923,100,100079,100,99902,100
2019-06-28 09:35:06.529245265,100019,310,99986,110,100030,210,99981,210,100039,210,99980,110,100045,210,99969,210,100048,200,99950,100,100055,100,99949,100,100057,100,99935,200,100058,100,99932,100,100060,100,99923,100,100079,100,99902,100
2019-06-28 09:35:10.000000000,100019,288,99981,188,100030,188,99969,188,100039,188,99950,188,100045,188,99949,188,100048,288,99935,288,100055,100,99932,100,100057,100,99923,100,100058,100,99902,100,100060,100,99886,100,100079,100,99856,100
2019-06-28 09:35:20.000000000,100019,310,99981,210,100030,210,99969,210,100039,210,99950,210,100045,210,99949,210,100048,200,99935,200,100055,100,99932,100,100057,100,99923,100,100058,100,99902,100,100060,100,99886,100,100079,100,99856,100
2019-06-28 09:35:24.249915622,100019,310,99981,110,100030,210,99969,210,100039,210,99950,210,100045,210,99949,210,100048,200,99935,200,100055,100,99932,100,100057,100,99923,100,100058,100,99902,100,100060,100,99886,100,100079,100,99856,100
2019-06-28 09:35:30.000000000,100019,419,99969,319,100030,319,99950,319,100039,100,99949,100,100045,100,99935,200,100048,200,99932,100,100055,100,99923,100,100057,100,99902,100,100058,100,99886,100,100060,100,99856,100,100079,100,99729,100
2019-06-28 09:35:40.000000000,100019,419,99969,319,100030,319,99950,319,100039,100,99949,100,100045,100,99935,200,100048,200,99932,100,100055,100,99923,100,100057,100,99902,100,100058,100,99886,100,100060,100,99856,100,100079,100,99729,100
2019-06-28 09:35:42.980005684,100019,419,99969,319,100030,319,99950,319,100039,100,99949,100,100045,100,99935,200,100048,200,99932,100,100055,100,99923,100,100057,100,99902,100,100058,100,99886,100,100060,100,99856,100,100079,100,99729,100
2019-06-28 09:35:44.529484232,99986,100,99969,319,100019,419,99950,319,100030,319,99949,100,100039,100,99935,200,100045,100,99932,100,100048,200,99923,100,100055,100,99886,100,100057,100,99856,100,100058,100,99729,100,100060,100,98759,100
2019-06-28 09:35:45.082301281,99986,100,99969,319,100019,419,99950,319,100030,319,99949,100,100039,100,99935,200,100045,100,99932,100,100048,200,99923,100,100055,100,99886,100,100057,100,99856,100,100058,100,99729,100,100060,100,98759,100
2019-06-28 09:35:50.000000000,99986,249,99969,249,100019,345,99950,245,100030,245,99949,245,100039,100,99935,200,100045,100,99932,100,100048,200,99923,100,100055,100,99886,100,100057,100,99856,100,100058,100,99729,100,100060,100,98759,100
2019-06-28 09:35:50.569371526,99986,249,99969,249,100019,345,99950,245,100030,245,99949,245,100039,100,99935,200,100045,100,99932,100,100048,200,99923,100,100055,100,99886,100,100057,100,99856,100,100058,100,99729,100,100060,100,99063,100
2019-06-28 09:36:00.000000000,99986,188,99969,188,100019,288,99950,188,100030,188,99949,188,100039,188,99935,288,100045,188,99932,188,100048,200,99923,100,100055,100,99886,100,100057,100,99856,100,100058,100,99729,100,100060,100,99063,100
2019-06-28 09:36:10.000000000,99986,188,99969,188,100019,288,99950,188,100030,188,99949,188,100039,188,99935,288,100045,188,99932,188,100048,200,99923,100,100055,100,99886,100,100057,100,99856,100,100058,100,99729,100,100060,100,99063,100
2019-06-28 09:36:17.916179168,99986,288,99969,188,100019,288,99950,188,100030,188,99949,188,100039,188,99935,288,100045,188,99932,188,100048,200,99923,100,100055,100,99886,100,100057,100,99856,100,100058,100,99729,100,100060,100,99063,100
2019-06-28 09:36:20.000000000,99986,310,99969,210,100019,310,99950,210,100030,210,99949,210,100039,210,99935,310,100045,100,99932,100,100048,200,99923,100,100055,100,99886,100,100057,100,99856,100,100058,100,99729,100,100060,100,99063,100
2019-06-28 09:36:30.000000000,99986,638,99969,538,100019,200,99950,100,100030,100,99949,100,100039,100,99935,200,100045,100,99932,100,100048,200,99923,100,100055,100,99886,100,100057,100,99856,100,100058,100,99729,100,100060,100,99063,100
2019-06-28 09:36:36.083579689,99986,738,99969,538,100019,100,99950,100,100030,100,99949,100,100039,100,99935,200,100045,100,99932,100,100048,200,99923,100,100055,100,99886,100,100057,100,99856,100,100058,100,99729,100,100060,100,99063,100
2019-06-28 09:36:40.000000000,99986,388,99969,188,100019,188,99950,188,100030,188,99949,188,100039,188,99935,288,100045,188,99932,188,100048,200,99923,100,100055,100,99886,100,100057,100,99856,100,100058,100,99729,100,100060,100,99063,100
2019-06-28 09:36:50.000000000,99986,738,99969,538,100019,100,99950,100,100030,100,99949,100,100039,100,99935,200,100045,100,99932,100,100048,200,99923,100,100055,100,99886,100,100057,100,99856,100,100058,100,99729,100,100060,100,99063,100
2019-06-28 09:36:54.681321601,99986,738,99969,538,100019,100,99950,100,100030,100,99949,100,100039,100,99935,200,100045,100,99932,100,100048,200,99923,100,100055,100,99886,100,100057,100,99856,100,100058,100,99729,100,100060,100,99225,100
2019-06-28 09:37:00.000000000,99986,388,99969,188,100019,188,99950,188,100030,188,99949,188,100039,188,99935,288,100045,188,99932,188,100048,200,99923,100,100055,100,99886,100,100057,100,99856,100,100058,100,99729,100,100060,100,99225,100
2019-06-28 09:37:05.652267480,99986,388,99969,188,100019,188,99950,188,100030,188,99949,188,100039,188,99935,188,100045,188,99932,188,100048,200,99923,100,100055,100,99886,100,100057,100,99856,100,100058,100,99729,100,100060,100,99225,100
2019-06-28 09:37:09.493196502,99986,388,99969,188,100019,188,99950,188,100030,188,99949,88,100039,188,99935,188,100045,188,99932,188,100048,200,99923,100,100055,100,99886,100,100057,100,99856,100,100058,100,99729,100,100060,100,99225,100
2019-06-28 09:37:10.000000000,99986,449,99969,249,100019,245,99950,245,100030,245,99935,245,100039,100,99932,100,100045,100,99923,100,100048,200,99886,100,100055,100,99856,100,100057,100,99729,100,100058,100,99225,100,100060,100,99100,100
2019-06-28 09:37:20.000000000,99986,388,99969,188,100019,188,99950,188,100030,188,99935,188,100039,188,99932,188,100045,188,99923,188,100048,200,99886,100,100055,100,99856,100,100057,100,99729,100,100058,100,99225,100,100060,100,99100,100
2019-06-28 09:37:30.000000000,99986,449,99969,249,100019,245,99950,245,100030,245,99935,245,100039,100,99932,100,100045,100,99923,100,100048,200,99886,100,100055,100,99856,100,100057,100,99729,100,100058,100,99225,100,100060,100,99100,100
2019-06-28 09:37:34.173763275,99986,449,99969,249,100019,145,99950,245,100030,245,99935,245,100039,100,99932,100,100045,100,99923,100,100048,200,99886,100,100055,100,99856,100,100057,100,99729,100,100058,100,99225,100,100060,100,99100,100
2019-06-28 09:37:40.000000000,99986,519,99969,319,100030,319,99950,319,100039,100,99935,100,100045,100,99932,100,100048,200,99923,100,100055,100,99886,100,100057,100,99856,100,100058,100,99729,100,100060,100,99225,100,100079,100,99100,100
2019-06-28 09:37:41.981661835,99986,519,99969,219,100030,319,99950,319,100039,100,99935,100,100045,100,99932,100,100048,200,99923,100,100055,100,99886,100,100057,100,99856,100,100058,100,99729,100,100060,100,99225,100,100079,100,99100,100
2019-06-28 09:37:50.000000000,99986,738,99950,538,100030,100,99935,100,100039,100,99932,100,100045,100,99923,100,100048,200,99886,100,100055,100,99856,100,100057,100,99729,100,100058,100,99225,100,100060,100,99100,100,100079,100,99063,100
2019-06-28 09:38:00.000000000,99986,449,99950,249,100030,245,99935,245,100039,245,99932,245,100045,100,99923,100,100048,200,99886,100,100055,100,99856,100,100057,100,99729,100,100058,100,99225,100,100060,100,99100,100,100079,100,99063,100
2019-06-28 09:38:05.622106630,99986,449,99950,149,100030,245,99935,245,100039,245,99932,245,100045,100,99923,100,100048,200,99886,100,100055,100,99856,100,100057,100,99729,100,100058,100,99225,100,100060,100,99100,100,100079,100,99063,100
2019-06-28 09:38:10.000000000,99986,388,99935,188,100030,188,99932,188,100039,188,99923,188,100045,188,99886,188,100048,288,99856,188,100055,100,99729,100,100057,100,99225,100,100058,100,99100,100,100060,100,99063,100,100079,100,98759,100
2019-06-28 09:38:20.000000000,99986,410,99935,210,100030,210,99932,210,100039,210,99923,210,100045,210,99886,210,100048,200,99856,100,100055,100,99729,100,100057,100,99225,100,100058,100,99100,100,100060,100,99063,100,100079,100,98759,100
2019-06-28 09:38:27.007217659,99986,410,99935,110,100030,210,99932,210,100039,210,99923,210,100045,210,99886,210,100048,200,99856,100,100055,100,99729,100,100057,100,99225,100,100058,100,99100,100,100060,100,99063,100,100079,100,98759,100
2019-06-28 09:38:30.000000000,99986,410,99932,210,100030,210,99923,210,100039,210,99886,210,100045,210,99856,210,100048,200,99729,100,100055,100,99225,100,100057,100,99100,100,100058,100,99063,100,100060,100,98759,100,100079,100,98664,100
2019-06-28 09:38:40.000000000,99986,738,99932,538,100030,100,99923,100,100039,100,99886,100,100045,100,99856,100,100048,200,99729,100,100055,100,99225,100,100057,100,99100,100,100058,100,99063,100,100060,100,98759,100,100079,100,98664,100
2019-06-28 09:38:50.000000000,99986,410,99932,210,100030,210,99923,210,100039,210,99886,210,100045,210,99856,210,100048,200,99729,100,100055,100,99225,100,100057,100,99100,100,100058,100,99063,100,100060,100,98759,100,100079,100,98664,100
2019-06-28 09:39:00.000000000,99986,449,99932,249,100030,245,99923,245,100039,245,99886,245,100045,100,99856,100,100048,200,99729,100,100055,100,99225,100,100057,100,99100,100,100058,100,99063,100,100060,100,98759,100,100079,100,98664,100
2019-06-28 09:39:10.000000000,99986,410,99932,210,100030,210,99923,210,100039,210,99886,210,100045,210,99856,210,100048,200,99729,100,100055,100,99225,100,100057,100,99100,100,100058,100,99063,100,100060,100,98759,100,100079,100,98664,100
2019-06-28 09:39:11.267345155,99986,410,99932,110,100030,210,99923,210,100039,210,99886,210,100045,210,99856,210,100048,200,99729,100,100055,100,99225,100,100057,100,99063,100,100058,100,98759,100,100060,100,98664,100,100079,100,,
2019-06-28 09:39:18.517890360,99986,410,99932,110,100030,210,99923,210,100039,210,99886,210,100045,210,99856,210,100048,200,99729,100,100055,100,99225,100,100057,100,99065,100,100058,100,99063,100,100060,100,98759,100,100079,100,98664,100
2019-06-28 09:39:19.872439241,99986,410,99932,10,100030,210,99923,210,100039,210,99886,210,100045,210,99856,210,100048,100,99729,100,100055,100,99225,100,100057,100,99065,100,100058,100,99063,100,100060,100,98759,100,100079,100,98664,100
2019-06-28 09:39:20.000000000,99986,738,99923,538,100030,100,99886,100,100039,100,99856,100,100045,100,99729,100,100048,100,99225,100,100055,100,99065,100,100057,100,99063,100,100058,100,98759,100,100060,100,98664,100,100079,100,,
2019-06-28 09:39:30.000000000,99986,449,99923,249,100030,245,99886,245,100039,245,99856,245,100045,100,99729,100,100048,100,99225,100,100055,100,99065,100,100057,100,99063,100,100058,100,98759,100,100060,100,98664,100,100079,100,,
2019-06-28 09:39:40.000000000,99986,388,99923,188,100030,188,99886,188,100039,188,99856,188,100045,188,99729,188,100048,188,99225,188,100055,100,99065,100,100057,100,99063,100,100058,100,98759,100,100060,100,98664,100,100079,100,,
2019-06-28 09:39:50.000000000,99986,449,99923,249,100030,245,99886,245,100039,245,99856,245,100045,100,99729,100,100048,100,99225,100,100055,100,99065,100,100057,100,99063,100,100058,100,98759,100,100060,100,98664,100,100079,100,,
2019-06-28 09:39:57.379681291,99986,449,99923,249,100030,245,99886,245,100039,245,99856,245,100045,100,99729,100,100048,100,99343,100,100055,100,99225,100,100057,100,99065,100,100058,100,99063,100,100060,100,98759,100,100079,100,98664,100
2019-06-28 09:40:00.000000000,99986,388,99923,188,100030,188,99886,188,100039,188,99856,188,100045,188,99729,188,100048,188,99343,188,100055,100,99225,100,100057,100,99065,100,100058,100,99063,100,100060,100,98759,100,100079,100,98664,100
2019-06-28 09:40:10.000000000,99986,388,99923,188,100030,188,99886,188,100039,188,99856,188,100045,188,99729,188,100048,188,99343,188,100055,100,99225,100,100057,100,99065,100,100058,100,99063,100,100060,100,98759,100,100079,100,98664,100
2019-06-28 09:40:20.000000000,99986,388,99923,188,100030,188,99886,188,100039,188,99856,188,100045,188,99729,188,100048,188,99343,188,100055,100,99225,100,100057,100,99065,100,100058,100,99063,100,100060,100,98759,100,100079,100,98664,100
2019-06-28 09:40:30.000000000,99986,449,99923,249,100030,245,99886,245,100039,245,99856,245,100045,100,99729,100,100048,100,99343,100,100055,100,99225,100,100057,100,99065,100,100058,100,99063,100,100060,100,98759,100,100079,100,98664,100
2019-06-28 09:40:40.000000000,99986,519,99923,319,100030,319,99886,319,100039,100,99856,100,100045,100,99729,100,100048,100,99343,100,100055,100,99225,100,100057,100,99065,100,100058,100,99063,100,100060,100,98759,100,100079,100,98664,100
2019-06-28 09:40:47.101613812,99986,519,99923,219,100030,319,99886,319,100039,100,99856,100,100045,100,99729,100,100048,100,99343,100,100055,100,99225,100,100057,100,99065,100,100058,100,99063,100,100079,100,98759,100,100102,100,98664,100
2019-06-28 09:40:50.000000000,99986,410,99886,210,100030,210,99856,210,100039,210,99729,210,100045,210,99343,210,100048,100,99225,100,100055,100,99065,100,100057,100,99063,100,100058,100,98759,100,100079,100,98664,100,100102,100,,
2019-06-28 09:40:54.336245483,99986,410,99886,210,100030,210,99856,210,100039,210,99729,210,100045,210,99343,210,100048,100,99225,100,100055,100,99145,100,100057,100,99065,100,100058,100,99063,100,100079,100,98759,100,100102,100,98664,100
2019-06-28 09:40:58.270571797,99986,410,99886,110,100030,210,99856,210,100039,110,99729,210,100045,210,99343,210,100048,100,99225,100,100055,100,99145,100,100057,100,99065,100,100058,100,99063,100,100079,100,98759,100,100102,100,98664,100
2019-06-28 09:41:00.000000000,99986,410,99856,210,100030,210,99729,210,100045,210,99343,210,100048,210,99225,210,100055,100,99145,100,100057,100,99065,100,100058,100,99063,100,100079,100,98759,100,100102,100,98664,100,100113,100,,
2019-06-28 09:41:10.000000000,99986,449,99856,249,100030,245,99729,245,100045,245,99343,245,100048,100,99225,100,100055,100,99145,100,100057,100,99065,100,100058,100,99063,100,100079,100,98759,100,100102,100,98664,100,100113,100,,
2019-06-28 09:41:11.732339526,99986,449,99856,249,100030,245,99729,245,100045,245,99343,245,100048,100,99225,100,100055,100,99145,100,100057,100,99065,100,100058,100,99063,100,100079,100,98759,100,100102,100,98744,100,100113,100,98664,100
2019-06-28 09:41:20.000000000,99986,738,99856,538,100030,100,99729,100,100045,100,99343,100,100048,100,99225,100,100055,100,99145,100,100057,100,99065,100,100058,100,99063,100,100079,100,98759,100,100102,100,98744,100,100113,100,98664,100
2019-06-28 09:41:30.000000000,99986,388,99856,188,100030,188,99729,188,100045,188,99343,188,100048,188,99225,188,100055,188,99145,188,100057,100,99065,100,100058,100,99063,100,100079,100,98759,100,100102,100,98744,100,100113,100,98664,100
2019-06-28 09:41:40.000000000,99986,388,99856,188,100030,188,99729,188,100045,188,99343,188,100048,188,99225,188,100055,188,99145,188,100057,100,99065,100,100058,100,99063,100,100079,100,98759,100,100102,100,98744,100,100113,100,98664,100
2019-06-28 09:41:45.987809431,99986,388,99856,188,100030,188,99729,188,100045,188,99521,100,100048,188,99343,188,100055,188,99225,188,100057,100,99145,188,100058,100,99065,100,100079,100,99063,100,100102,100,98759,100,100113,100,98744,100
2019-06-28 09:41:49.333464136,99986,388,99856,188,100030,188,99729,188,100045,188,99521,100,100048,188,99408,100,100055,188,99343,188,100057,100,99225,188,100058,100,99145,188,100079,100,99065,100,100102,100,99063,100,100113,100,98759,100
2019-06-28 09:41:50.000000000,99986,519,99856,319,100030,319,99729,319,100045,100,99521,100,100048,100,99408,100,100055,100,99343,100,100057,100,99225,100,100058,100,99145,100,100079,100,99065,100,100102,100,99063,100,100113,100,98759,100
2019-06-28 09:42:00.000000000,99986,519,99856,319,100030,319,99729,319,100045,100,99521,100,100048,100,99408,100,100055,100,99343,100,100057,100,99225,100,100058,100,99145,100,100079,100,99065,100,100102,100,99063,100,100113,100,98759,100
2019-06-28 09:42:03.767219280,99986,519,99856,219,100030,319,99729,319,100045,100,99521,100,100048,100,99408,100,100055,100,99343,100,100057,100,99225,100,100058,100,99145,100,100079,100,99065,100,100102,100,99063,100,100113,100,98759,100
2019-06-28 09:42:10.000000000,99986,738,99729,538,100030,100,99521,100,100045,100,99408,100,100048,100,99343,100,100055,100,99225,100,100057,100,99145,100,100058,100,99065,100,100079,100,99063,100,100102,100,98759,100,100113,100,98744,100
2019-06-28 09:42:20.000000000,99986,738,99729,538,100030,100,99521,100,100045,100,99408,100,100048,100,99343,100,100055,100,99225,100,100057,100,99145,100,100058,100,99065,100,100079,100,99063,100,100102,100,98759,100,100113,100,98744,100
2019-06-28 09:42:27.595513970,99986,738,99729,438,100030,100,99521,100,100045,100,99408,100,100048,100,99343,100,100055,100,99225,100,100057,100,99145,100,100058,100,99065,100,100079,100,99063,100,100102,100,98759,100,100113,100,98744,100
2019-06-28 09:42:30.000000000,99986,738,99521,538,100030,100,99408,100,100045,100,99343,100,100048,100,99225,100,100055,100,99145,100,100057,100,99065,100,100058,100,99063,100,100079,100,98759,100,100102,100,98744,100,100113,100,98664,100
2019-06-28 09:42:31.074079793,99856,100,99521,538,99986,738,99408,100,100030,100,99343,100,100045,100,99225,100,100048,100,99145,100,100055,100,99065,100,100057,100,99063,100,100058,100,98759,100,100079,100,98744,100,100102,100,98664,100
2019-06-28 09:42:34.482102463,99856,100,99521,438,99986,738,99408,100,100030,100,99343,100,100045,100,99225,100,100048,100,99145,100,100055,100,99065,100,100057,100,99063,100,100058,100,98759,100,100079,100,98744,100,100102,100,98664,100
2019-06-28 09:42:40.000000000,99856,538,99408,538,99986,300,99343,100,100030,100,99225,100,100045,100,99145,100,100048,100,99065,100,100055,100,99063,100,100057,100,98759,100,100058,100,98744,100,100079,100,98664,100,100102,100,,
2019-06-28 09:42:49.488504636,99729,100,99408,538,99856,538,99343,100,99986,300,99225,100,100030,100,99145,100,100045,100,99065,100,100048,100,99063,100,100055,100,98759,100,100057,100,98744,100,100058,100,98664,100,100079,100,,
2019-06-28 09:42:50.000000000,99729,538,99408,538,99856,100,99343,100,99986,300,99225,100,100030,100,99145,100,100045,100,99065,100,100048,100,99063,100,100055,100,98759,100,100057,100,98744,100,100058,100,98664,100,100079,100,,
2019-06-28 09:43:00.000000000,99729,188,99408,188,99856,188,99343,188,99986,388,99225,188,100030,188,99145,188,100045,188,99065,188,100048,100,99063,100,100055,100,98759,100,100057,100,98744,100,100058,100,98664,100,100079,100,,
2019-06-28 09:43:10.000000000,99729,249,99408,249,99856,245,99343,245,99986,445,99225,245,100030,100,99145,100,100045,100,99065,100,100048,100,99063,100,100055,100,98759,100,100057,100,98744,100,100058,100,98664,100,100079,100,,
2019-06-28 09:43:20.000000000,99729,188,99408,188,99856,188,99343,188,99986,388,99225,188,100030,188,99145,188,100045,188,99065,188,100048,100,99063,100,100055,100,98759,100,100057,100,98744,100,100058,100,98664,100,100079,100,,
2019-06-28 09:43:30.000000000,99729,188,99408,188,99856,188,99343,188,99986,388,99225,188,100030,188,99145,188,100045,188,99065,188,100048,100,99063,100,100055,100,98759,100,100057,100,98744,100,100058,100,98664,100,100079,100,,
2019-06-28 09:43:31.520677489,99729,188,99515,100,99856,188,99408,188,99986,388,99343,88,100030,188,99225,188,100045,188,99145,188,100048,100,99065,188,100055,100,99063,100,100057,100,98759,100,100058,100,98744,100,100079,100,98664,100
2019-06-28 09:43:40.000000000,99729,249,99515,249,99856,245,99408,245,99986,445,99225,245,100030,100,99145,100,100045,100,99065,100,100048,100,99063,100,100055,100,98759,100,100057,100,98744,100,100058,100,98664,100,100079,100,,
2019-06-28 09:43:48.319721112,99729,349,99515,249,99856,245,99408,245,99986,445,99225,245,100030,100,99145,100,100045,100,99065,100,100048,100,99063,100,100055,100,98759,100,100057,100,98744,100,100058,100,98664,100,100079,100,,
2019-06-28 09:43:50.000000000,99729,638,99515,538,99856,100,99408,100,99986,300,99225,100,100030,100,99145,100,100045,100,99065,100,100048,100,99063,100,100055,100,98759,100,100057,100,98744,100,100058,100,98664,100,100079,100,,
2019-06-28 09:44:00.000000000,99729,288,99515,188,99856,188,99408,188,99986,388,99225,188,100030,188,99145,188,100045,188,99065,188,100048,100,99063,100,100055,100,98759,100,100057,100,98744,100,100058,100,98664,100,100079,100,,
2019-06-28 09:44:01.474101867,99729,388,99515,188,99856,188,99408,188,99986,388,99225,188,100030,188,99145,188,100045,188,99065,188,100048,100,99063,100,100055,100,98759,100,100057,100,98744,100,100058,100,98664,100,100079,100,,
2019-06-28 09:44:10.000000000,99729,388,99515,188,99856,188,99408,188,99986,388,99225,188,100030,188,99145,188,100045,188,99065,188,100048,100,99063,100,100055,100,98759,100,100057,100,98744,100,100058,100,98664,100,100079,100,,
2019-06-28 09:44:13.095682712,99729,288,99515,188,99856,188,99408,188,99986,388,99225,188,100030,188,99145,88,100045,188,99065,188,100048,100,99063,100,100055,100,98759,100,100057,100,98744,100,100058,100,98664,100,100079,100,,
2019-06-28 09:44:18.597938720,99729,188,99515,188,99856,188,99408,188,99986,388,99225,188,100030,188,99145,88,100045,188,99065,188,100048,100,99063,100,100055,100,98759,100,100057,100,98744,100,100058,100,98664,100,100079,100,,
2019-06-28 09:44:20.000000000,99729,249,99515,249,99856,245,99408,245,99986,445,99225,245,100030,100,99065,100,100045,100,99063,100,100048,100,98759,100,100055,100,98744,100,100057,100,98664,100,100058,100,,,100079,100,,
2019-06-28 09:44:26.625293609,99729,249,99515,249,99856,245,99408,245,99986,345,99225,245,100030,100,99065,100,100045,100,99063,100,100048,100,98759,100,100055,100,98744,100,100057,100,98664,100,100058,100,,,100079,100,,
2019-06-28 09:44:30.000000000,99729,249,99515,249,99856,245,99408,245,99986,345,99225,245,100030,100,99065,100,100045,100,99063,100,100048,100,98759,100,100055,100,98744,100,100057,100,98664,100,100058,100,,,100079,100,,
2019-06-28 09:44:40.000000000,99729,538,99515,538,99856,100,99408,100,99986,200,99225,100,100030,100,99065,100,100045,100,99063,100,100048,100,98759,100,100055,100,98744,100,100057,100,98664,100,100058,100,,,100079,100,,
2019-06-28 09:44:43.144824743,99729,538,99616,100,99856,100,99515,538,99986,200,99408,100,100030,100,99225,100,100045,100,99065,100,100048,100,99063,100,100055,100,98759,100,100057,100,98744,100,100058,100,98664,100,100079,100,,
2019-06-28 09:44:43.631361058,99729,538,99515,538,99756,100,99408,100,99856,100,99225,100,99986,200,99065,100,100030,100,99063,100,100045,100,98759,100,100048,100,98744,100,100055,100,98664,100,100057,100,,,100058,100,,
2019-06-28 09:44:50.000000000,99729,319,99515,319,99756,319,99408,319,99856,100,99225,100,99986,200,99065,100,100030,100,99063,100,100045,100,98759,100,100048,100,98744,100,100055,100,98664,100,100057,100,,,100058,100,,
2019-06-28 09:44:59.108980282,99729,319,99515,319,99756,319,99408,319,99856,100,99225,100,99957,100,99065,100,99986,200,99063,100,100030,100,98759,100,100045,100,98744,100,100048,100,98664,100,100055,100,,,100058,100,,
2019-06-28 09:45:00.000000000,99729,210,99515,210,99756,210,99408,210,99856,210,99225,210,99957,210,99065,210,99986,200,99063,100,100030,100,98759,100,100045,100,98744,100,100048,100,98664,100,100055,100,,,100058,100,,
2019-06-28 09:45:10.000000000,99729,210,99515,210,99756,210,99408,210,99856,210,99225,210,99957,210,99065,210,99986,200,99063,100,100030,100,98759,100,100045,100,98744,100,100048,100,98664,100,100055,100,,,100058,100,,
2019-06-28 09:45:20.000000000,99729,210,99515,210,99756,210,99408,210,99856,210,99225,210,99957,210,99065,210,99986,200,99063,100,100030,100,98759,100,100045,100,98744,100,100048,100,98664,100,100055,100,,,100058,100,,
2019-06-28 09:45:30.000000000,99729,188,99515,188,99756,188,99408,188,99856,188,99225,188,99957,188,99065,188,99986,288,99063,188,100030,100,98759,100,100045,100,98744,100,100048,100,98664,100,100055,100,,,100058,100,,
2019-06-28 09:45:40.000000000,99729,319,99515,319,99756,319,99408,319,99856,100,99225,100,99957,100,99065,100,99986,200,99063,100,100030,100,98759,100,100045,100,98744,100,100048,100,98664,100,100055,100,,,100058,100,,
2019-06-28 09:45:50.000000000,99729,319,99515,319,99756,319,99408,319,99856,100,99225,100,99957,100,99065,100,99986,200,99063,100,100030,100,98759,100,100045,100,98744,100,100048,100,98664,100,100055,100,,,100058,100,,
2019-06-28 09:45:53.593501989,99729,319,99515,319,99756,319,99408,319,99856,100,99225,100,99957,100,99065,100,99981,100,99063,100,99986,200,98759,100,100030,100,98744,100,100045,100,98664,100,100048,100,,,100055,100,,
2019-06-28 09:45:56.796238382,99729,219,99515,319,99756,319,99408,319,99856,100,99225,100,99957,100,99065,100,99981,100,99063,100,99986,200,98759,100,100030,100,98744,100,100045,100,98664,100,100048,100,,,100055,100,,
2019-06-28 09:46:00.000000000,99756,319,99515,319,99856,319,99408,319,99957,100,99225,100,99981,100,99065,100,99986,200,99063,100,100030,100,98759,100,100045,100,98744,100,100048,100,98664,100,100055,100,,,100058,100,,
2019-06-28 09:46:10.000000000,99756,210,99515,210,99856,210,99408,210,99957,210,99225,210,99981,210,99065,210,99986,200,99063,100,100030,100,98759,100,100045,100,98744,100,100048,100,98664,100,100055,100,,,100058,100,,
2019-06-28 09:46:20.000000000,99756,188,99515,188,99856,188,99408,188,99957,188,99225,188,99981,188,99065,188,99986,288,99063,188,100030,100,98759,100,100045,100,98744,100,100048,100,98664,100,100055,100,,,100058,100,,
2019-06-28 09:46:29.077832828,99756,88,99515,188,99856,188,99408,188,99957,188,99225,188,99981,188,99065,188,99986,288,99063,188,100030,100,98759,100,100045,100,98744,100,100048,100,98664,100,100055,100,,,100058,100,,
2019-06-28 09:46:30.000000000,99856,210,99515,210,99957,210,99408,210,99981,210,99225,210,99986,310,99065,210,100030,100,99063,100,100045,100,98759,100,100048,100,98744,100,100055,100,98664,100,100058,100,,,100079,100,,
2019-06-28 09:46:40.000000000,99856,188,99515,188,99957,188,99408,188,99981,188,99225,188,99986,288,99065,188,100030,188,99063,188,100045,100,98759,100,100048,100,98744,100,100055,100,98664,100,100058,100,,,100079,100,,
2019-06-28 09:46:50.000000000,99856,188,99515,188,99957,188,99408,188,99981,188,99225,188,99986,288,99065,188,100030,188,99063,188,100045,100,98759,100,100048,100,98744,100,100055,100,98664,100,100058,100,,,100079,100,,
2019-06-28 09:47:00.000000000,99856,188,99515,188,99957,188,99408,188,99981,188,99225,188,99986,288,99065,188,100030,188,99063,188,100045,100,98759,100,100048,100,98744,100,100055,100,98664,100,100058,100,,,100079,100,,
2019-06-28 09:47:03.047063275,99856,88,99515,188,99957,188,99408,188,99981,188,99225,188,99986,288,99065,188,100030,188,99063,188,100045,100,98759,100,100048,100,98744,100,100055,100,98664,100,100058,100,,,100079,100,,
2019-06-28 09:47:06.429510685,99856,88,99748,100,99957,188,99515,188,99981,188,99408,188,99986,288,99225,188,100030,188,99065,188,100045,100,99063,188,100048,100,98759,100,100055,100,98744,100,100058,100,98664,100,100079,100,,
2019-06-28 09:47:10.000000000,99957,319,99748,319,99981,319,99515,319,99986,200,99408,100,100030,100,99225,100,100045,100,99065,100,100048,100,99063,100,100055,100,98759,100,100058,100,98744,100,100079,100,98664,100,100102,100,,
2019-06-28 09:47:13.338477165,99957,319,99866,100,99981,319,99748,319,99986,200,99515,319,100030,100,99408,100,100045,100,99225,100,100048,100,99065,100,100055,100,99063,100,100058,100,98759,100,100079,100,98744,100,100102,100,98664,100
2019-06-28 09:47:20.000000000,99957,188,99866,188,99981,188,99748,188,99986,288,99515,188,100030,188,99408,188,100045,188,99225,188,100048,100,99065,100,100055,100,99063,100,100058,100,98759,100,100079,100,98744,100,100102,100,98664,100
2019-06-28 09:47:27.204088791,99957,188,99866,188,99981,188,99748,188,99986,288,99515,188,100030,188,99408,188,100045,188,99225,188,100048,100,99065,100,100055,100,99063,100,100058,100,98759,100,100059,100,98744,100,100079,100,98664,100
2019-06-28 09:47:30.000000000,99957,538,99866,538,99981,100,99748,100,99986,200,99515,100,100030,100,99408,100,100045,100,99225,100,100048,100,99065,100,100055,100,99063,100,100058,100,98759,100,100059,100,98744,100,100079,100,98664,100
2019-06-28 09:47:36.210020117,99957,538,99866,538,99981,100,99815,100,99986,200,99748,100,100030,100,99515,100,100045,100,99408,100,100055,100,99225,100,100058,100,99065,100,100059,100,99063,100,100079,100,98759,100,100102,100,98744,100
2019-06-28 09:47:38.107174067,99867,100,99866,538,99957,438,99815,100,99981,100,99748,100,99986,200,99515,100,100030,100,99408,100,100045,100,99225,100,100055,100,99065,100,100058,100,99063,100,100059,100,98759,100,100079,100,98744,100
2019-06-28 09:47:40.000000000,99867,319,99866,319,99981,319,99815,319,99986,200,99748,100,100030,100,99515,100,100045,100,99408,100,100055,100,99225,100,100058,100,99065,100,100059,100,99063,100,100079,100,98759,100,100102,100,98744,100
2019-06-28 09:47:49.544723176,99867,219,99866,319,99981,319,99815,319,99986,200,99748,100,100030,100,99515,100,100045,100,99408,100,100055,100,99225,100,100059,100,99065,100,100079,100,99063,100,100102,100,98759,100,100113,100,98744,100
2019-06-28 09:47:50.000000000,99981,319,99866,319,99986,419,99815,319,100030,100,99748,100,100045,100,99515,100,100055,100,99408,100,100059,100,99225,100,100079,100,99065,100,100102,100,99063,100,100113,100,98759,100,100131,100,98744,100
2019-06-28 09:47:59.440244056,99958,100,99866,319,99981,319,99815,319,99986,419,99748,100,100030,100,99515,100,100045,100,99408,100,100055,100,99225,100,100059,100,99065,100,100079,100,99063,100,100102,100,98759,100,100113,100,98744,100
2019-06-28 09:48:00.000000000,99958,210,99866,210,99981,210,99815,210,99986,310,99748,210,100030,210,99515,210,100045,100,99408,100,100055,100,99225,100,100059,100,99065,100,100079,100,99063,100,100102,100,98759,100,100113,100,98744,100
2019-06-28 09:48:10.000000000,99958,188,99866,188,99981,188,99815,188,99986,288,99748,188,100030,188,99515,188,100045,188,99408,188,100055,100,99225,100,100059,100,99065,100,100079,100,99063,100,100102,100,98759,100,100113,100,98744,100
2019-06-28 09:48:20.000000000,99958,538,99866,538,99981,100,99815,100,99986,200,99748,100,100030,100,99515,100,100045,100,99408,100,100055,100,99225,100,100059,100,99065,100,100079,100,99063,100,100102,100,98759,100,100113,100,98744,100
2019-06-28 09:48:30.000000000,99958,319,99866,319,99981,319,99815,319,99986,200,99748,100,100030,100,99515,100,100045,100,99408,100,100055,100,99225,100,100059,100,99065,100,100079,100,99063,100,100102,100,98759,100,100113,100,98744,100
2019-06-28 09:48:40.000000000,99958,188,99866,188,99981,188,99815,188,99986,288,99748,188,100030,188,99515,188,100045,188,99408,188,100055,100,99225,100,100059,100,99065,100,100079,100,99063,100,100102,100,98759,100,100113,100,98744,100
2019-06-28 09:48:50.000000000,99958,319,99866,319,99981,319,99815,319,99986,200,99748,100,100030,100,99515,100,100045,100,99408,100,100055,100,99225,100,100059,100,99065,100,100079,100,99063,100,100102,100,98759,100,100113,100,98744,100
2019-06-28 09:49:00.000000000,99958,210,99866,210,99981,210,99815,210,99986,310,99748,210,100030,210,99515,210,100045,100,99408,100,100055,100,99225,100,100059,100,99065,100,100079,100,99063,100,100102,100,98759,100,100113,100,98744,100
2019-06-28 09:49:10.000000000,99958,210,99866,210,99981,210,99815,210,99986,310,99748,210,100030,210,99515,210,100045,100,99408,100,100055,100,99225,100,100059,100,99065,100,100079,100,99063,100,100102,100,98759,100,100113,100,98744,100
2019-06-28 09:49:20.000000000,99958,210,99866,210,99981,210,99815,210,99986,310,99748,210,100030,210,99515,210,100045,100,99408,100,100055,100,99225,100,100059,100,99065,100,100079,100,99063,100,100102,100,98759,100,100113,100,98744,100
2019-06-28 09:49:30.000000000,99958,319,99866,319,99981,319,99815,319,99986,200,99748,100,100030,100,99515,100,100045,100,99408,100,100055,100,99225,100,100059,100,99065,100,100079,100,99063,100,100102,100,98759,100,100113,100,98744,100
2019-06-28 09:49:40.000000000,99958,249,99866,249,99981,245,99815,245,99986,345,99748,245,100030,100,99515,100,100045,100,99408,100,100055,100,99225,100,100059,100,99065,100,100079,100,99063,100,100102,100,98759,100,100113,100,98744,100
2019-06-28 09:49:50.000000000,99958,319,99866,319,99981,319,99815,319,99986,200,99748,100,100030,100,99515,100,100045,100,99408,100,100055,100,99225,100,100059,100,99065,100,100079,100,99063,100,100102,100,98759,100,100113,100,98744,100
2019-06-28 09:50:00.000000000,99958,249,99866,249,99981,245,99815,245,99986,345,99748,245,100030,100,99515,100,100045,100,99408,100,100055,100,99225,100,100059,100,99065,100,100079,100,99063,100,100102,100,98759,100,100113,100,98744,100
2019-06-28 09:50:03.081204610,99958,149,99866,249,99981,245,99815,245,99986,345,99748,245,100030,100,99515,100,100045,100,99408,100,100055,100,99225,100,100079,100,99065,100,100102,100,99063,100,100113,100,98759,100,100131,100,98744,100
2019-06-28 09:50:10.000000000,99981,538,99866,538,99986,200,99815,100,100030,100,99748,100,100045,100,99515,100,100055,100,99408,100,100079,100,99225,100,100102,100,99065,100,100113,100,99063,100,100131,100,98759,100,100143,100,98744,100
2019-06-28 09:50:20.000000000,99981,319,99866,319,99986,419,99815,319,100030,100,99748,100,100045,100,99515,100,100055,100,99408,100,100079,100,99225,100,100102,100,99065,100,100113,100,99063,100,100131,100,98759,100,100143,100,98744,100
2019-06-28 09:50:30.000000000,99981,538,99866,538,99986,200,99815,100,100030,100,99748,100,100045,100,99515,100,100055,100,99408,100,100079,100,99225,100,100102,100,99065,100,100113,100,99063,100,100131,100,98759,100,100143,100,98744,100
2019-06-28 09:50:40.000000000,99981,249,99866,249,99986,345,99815,245,100030,245,99748,245,100045,100,99515,100,100055,100,99408,100,100079,100,99225,100,100102,100,99065,100,100113,100,99063,100,100131,100,98759,100,100143,100,98744,100
2019-06-28 09:50:50.000000000,99981,249,99866,249,99986,345,99815,245,100030,245,99748,245,100045,100,99515,100,100055,100,99408,100,100079,100,99225,100,100102,100,99065,100,100113,100,99063,100,100131,100,98759,100,100143,100,98744,100
2019-06-28 09:50:56.395925280,99981,249,99866,249,99986,345,99815,245,100030,245,99748,245,100045,100,99515,100,100055,100,99408,100,100079,100,99225,100,100102,100,99065,100,100113,100,99063,100,100131,100,98759,100,100143,100,98744,100
2019-06-28 09:51:00.000000000,99981,319,99866,319,99986,419,99815,319,100030,100,99748,100,100045,100,99515,100,100055,100,99408,100,100079,100,99225,100,100102,100,99065,100,100113,100,99063,100,100131,100,98759,100,100143,100,98744,100
2019-06-28 09:51:10.000000000,99981,210,99866,210,99986,310,99815,210,100030,210,99748,210,100045,210,99515,210,100055,100,99408,100,100079,100,99225,100,100102,100,99065,100,100113,100,99063,100,100131,100,98759,100,100143,100,98744,100
2019-06-28 09:51:14.974280624,99981,210,99866,210,99986,310,99815,210,100030,210,99748,210,100045,210,99515,210,100055,100,99408,100,100079,100,99225,100,100102,100,99065,100,100113,100,99063,100,100131,100,98759,100,100134,100,98744,100
2019-06-28 09:51:15.531115963,99981,210,99887,100,99986,310,99866,210,100030,210,99815,210,100045,210,99748,210,100055,100,99515,210,100079,100,99408,100,100102,100,99225,100,100113,100,99065,100,100131,100,99063,100,100134,100,98759,100
2019-06-28 09:51:20.000000000,99981,210,99887,210,99986,310,99866,210,100030,210,99815,210,100045,210,99748,210,100055,100,99515,100,100079,100,99408,100,100102,100,99225,100,100113,100,99065,100,100131,100,99063,100,100134,100,98759,100
2019-06-28 09:51:20.655425117,99981,210,99923,100,99986,310,99887,210,100030,210,99866,210,100045,210,99815,210,100055,100,99748,210,100079,100,99515,100,100102,100,99408,100,100113,100,99225,100,100131,100,99065,100,100134,100,99063,100
2019-06-28 09:51:30.000000000,99981,319,99923,319,99986,419,99887,319,100030,100,99866,100,100045,100,99815,100,100055,100,99748,100,100079,100,99515,100,100102,100,99408,100,100113,100,99225,100,100131,100,99065,100,100134,100,99063,100
2019-06-28 09:51:40.000000000,99981,210,99923,210,99986,310,99887,210,100030,210,99866,210,100045,210,99815,210,100055,100,99748,100,100079,100,99515,100,100102,100,99408,100,100113,100,99225,100,100131,100,99065,100,100134,100,99063,100
2019-06-28 09:51:42.834646626,99981,110,99923,210,99986,310,99887,210,100030,210,99866,210,100045,210,99815,110,100055,100,99748,100,100079,100,99515,100,100102,100,99408,100,100113,100,99225,100,100131,100,99065,100,100134,100,99063,100
2019-06-28 09:51:45.116853090,99981,110,99958,100,99986,310,99923,210,100030,210,99887,210,100045,210,99866,210,100055,100,99815,110,100079,100,99748,100,100102,100,99515,100,100113,100,99408,100,100131,100,99225,100,100134,100,99065,100
2019-06-28 09:51:50.000000000,99986,419,99958,319,100030,319,99923,319,100045,100,99887,100,100055,100,99866,100,100079,100,99748,100,100102,100,99515,100,100113,100,99408,100,100131,100,99225,100,100134,100,99065,100,100143,100,99063,100
2019-06-28 09:52:00.000000000,99986,349,99958,249,100030,245,99923,245,100045,245,99887,245,100055,100,99866,100,100079,100,99748,100,100102,100,99515,100,100113,100,99408,100,100131,100,99225,100,100134,100,99065,100,100143,100,99063,100
2019-06-28 09:52:10.000000000,99986,419,99958,319,100030,319,99923,319,100045,100,99887,100,100055,100,99866,100,100079,100,99748,100,100102,100,99515,100,100113,100,99408,100,100131,100,99225,100,100134,100,99065,100,100143,100,99063,100
2019-06-28 09:52:12.700071890,99986,419,99958,319,100030,319,99923,319,100045,100,99887,100,100055,100,99866,100,100079,100,99748,100,100102,100,99515,100,100113,100,99408,100,100131,100,99225,100,100134,100,99065,100,100143,100,99063,100
2019-06-28 09:52:20.000000000,99986,349,99958,249,100030,245,99923,245,100045,245,99887,245,100055,100,99866,100,100079,100,99748,100,100102,100,99515,100,100113,100,99408,100,100131,100,99225,100,100134,100,99065,100,100143,100,99063,100
2019-06-28 09:52:28.264763158,99986,349,99958,249,100030,245,99923,245,100045,245,99887,245,100055,100,99866,100,100079,100,99748,100,100102,100,99515,100,100113,100,99408,100,100131,100,99225,100,100134,100,99065,100,100143,100,99063,100
2019-06-28 09:52:30.000000000,99986,288,99958,188,100030,188,99923,188,100045,188,99887,188,100055,188,99866,188,100079,188,99748,188,100102,100,99515,100,100113,100,99408,100,100131,100,99225,100,100134,100,99065,100,100143,100,99063,100
2019-06-28 09:52:31.110435423,99986,288,99958,188,100030,188,99923,88,100045,188,99887,188,100055,188,99866,188,100079,188,99748,188,100102,100,99515,100,100113,100,99408,100,100131,100,99225,100,100134,100,99065,100,100143,100,99063,100
2019-06-28 09:52:31.193046480,99986,188,99958,188,100030,188,99923,88,100045,188,99887,188,100055,188,99866,188,100079,188,99748,188,100102,100,99515,100,100113,100,99408,100,100131,100,99225,100,100134,100,99063,100,100143,100,98759,100
2019-06-28 09:52:40.000000000,99986,249,99958,249,100030,245,99887,245,100045,245,99866,245,100055,100,99748,100,100079,100,99515,100,100102,100,99408,100,100113,100,99225,100,100131,100,99063,100,100134,100,98759,100,100143,100,98744,100
2019-06-28 09:52:50.000000000,99986,538,99958,538,100030,100,99887,100,100045,100,99866,100,100055,100,99748,100,100079,100,99515,100,100102,100,99408,100,100113,100,99225,100,100131,100,99063,100,100134,100,98759,100,100143,100,98744,100
2019-06-28 09:52:51.865894675,99986,538,99981,100,100030,100,99958,538,100045,100,99887,100,100055,100,99866,100,100079,100,99748,100,100102,100,99515,100,100113,100,99408,100,100131,100,99225,100,100134,100,99063,100,100143,100,98759,100
2019-06-28 09:53:00.000000000,99986,249,99981,249,100030,245,99958,245,100045,245,99887,245,100055,100,99866,100,100079,100,99748,100,100102,100,99515,100,100113,100,99408,100,100131,100,99225,100,100134,100,99063,100,100143,100,98759,100
2019-06-28 09:53:00.921646376,99986,249,99981,249,100030,245,99958,245,100045,245,99887,245,100055,100,99866,100,100079,100,99748,100,100102,100,99515,100,100113,100,99408,100,100131,100,99225,100,100134,100,99063,100,100143,100,98759,100
2019-06-28 09:53:10.000000000,99986,188,99981,188,100030,188,99958,188,100045,188,99887,188,100055,188,99866,188,100079,188,99748,188,100102,100,99515,100,100113,100,99408,100,100131,100,99225,100,100134,100,99063,100,100143,100,98759,100
2019-06-28 09:53:20.000000000,99986,538,99981,538,100030,100,99958,100,100045,100,99887,100,100055,100,99866,100,100079,100,99748,100,100102,100,99515,100,100113,100,99408,100,100131,100,99225,100,100134,100,99063,100,100143,100,98759,100
2019-06-28 09:53:30.000000000,99986,188,99981,188,100030,188,99958,188,100045,188,99887,188,100055,188,99866,188,100079,188,99748,188,100102,100,99515,100,100113,100,99408,100,100131,100,99225,100,100134,100,99063,100,100143,100,98759,100
2019-06-28 09:53:40.000000000,99986,319,99981,319,100030,319,99958,319,100045,100,99887,100,100055,100,99866,100,100079,100,99748,100,100102,100,99515,100,100113,100,99408,100,100131,100,99225,100,100134,100,99063,100,100143,100,98759,100
2019-06-28 09:53:46.520544564,99986,319,99981,319,100030,319,99958,319,100045,100,99887,100,100055,100,99866,100,100079,100,99748,100,100102,100,99515,100,100113,100,99408,100,100131,100,99225,100,100143,100,99063,100,100163,100,98759,100
2019-06-28 09:53:50.000000000,99986,319,99981,319,100030,319,99958,319,100045,100,99887,100,100055,100,99866,100,100079,100,99748,100,100102,100,99515,100,100113,100,99408,100,100131,100,99225,100,100143,100,99063,100,100163,100,98759,100
2019-06-28 09:54:00.000000000,99986,188,99981,188,100030,188,99958,188,100045,188,99887,188,100055,188,99866,188,100079,188,99748,188,100102,100,99515,100,100113,100,99408,100,100131,100,99225,100,100143,100,99063,100,100163,100,98759,100
2019-06-28 09:54:10.000000000,99986,188,99981,188,100030,188,99958,188,100045,188,99887,188,100055,188,99866,188,100079,188,99748,188,100102,100,99515,100,100113,100,99408,100,100131,100,99225,100,100143,100,99063,100,100163,100,98759,100
2019-06-28 09:54:20.000000000,99986,249,99981,249,100030,245,99958,245,100045,245,99887,245,100055,100,99866,100,100079,100,99748,100,100102,100,99515,100,100113,100,99408,100,100131,100,99225,100,100143,100,99063,100,100163,100,98759,100
2019-06-28 09:54:22.783420249,99986,249,99981,249,100030,245,99958,245,100045,245,99887,245,100055,100,99866,100,100079,100,99748,100,100102,100,99515,100,100113,100,99408,100,100131,100,99225,100,100143,100,99063,100,100163,100,98759,100
2019-06-28 09:54:23.270196587,99986,249,99981,349,100030,245,99958,245,100045,245,99887,245,100055,100,99866,100,100079,100,99748,100,100102,100,99515,100,100113,100,99408,100,100131,100,99225,100,100143,100,99063,100,100163,100,98759,100
2019-06-28 09:54:24.604660727,99986,249,99981,249,100030,245,99958,245,100045,245,99887,245,100055,100,99866,100,100079,100,99748,100,100102,100,99515,100,100113,100,99408,100,100131,100,99225,100,100143,100,99063,100,100163,100,98759,100
2019-06-28 09:54:30.000000000,99986,210,99981,210,100030,210,99958,210,100045,210,99887,210,100055,210,99866,210,100079,100,99748,100,100102,100,99515,100,100113,100,99408,100,100131,100,99225,100,100143,100,99063,100,100163,100,98759,100
2019-06-28 09:54:37.844944692,99986,210,99981,110,100030,210,99958,210,100045,210,99887,210,100055,210,99866,210,100079,100,99748,100,100102,100,99515,100,100113,100,99408,100,100131,100,99225,100,100143,100,99063,100,100163,100,98759,100
2019-06-28 09:54:40.000000000,99986,188,99958,188,100030,188,99887,188,100045,188,99866,188,100055,188,99748,188,100079,188,99515,188,100102,100,99408,100,100113,100,99225,100,100131,100,99063,100,100143,100,98759,100,100163,100,98744,100
2019-06-28 09:54:50.000000000,99986,210,99958,210,100030,210,99887,210,100045,210,99866,210,100055,210,99748,210,100079,100,99515,100,100102,100,99408,100,100113,100,99225,100,100131,100,99063,100,100143,100,98759,100,100163,100,98744,100
2019-06-28 09:54:54.554413753,99986,210,99958,210,100030,210,99887,210,100045,210,99866,110,100055,210,99748,210,100079,100,99515,100,100102,100,99408,100,100113,100,99225,100,100131,100,99063,100,100143,100,98759,100,100163,100,98744,100
2019-06-28 09:54:55.372504757,99986,110,99958,210,100030,210,99887,210,100045,210,99866,110,100055,210,99748,110,100079,100,99515,100,100102,100,99408,100,100113,100,99225,100,100131,100,99063,100,100143,100,98759,100,100163,100,98744,100
2019-06-28 09:54:55.859594783,99986,110,99958,210,100030,210,99887,210,100045,210,99866,110,100055,210,99853,100,100079,100,99748,110,100102,100,99515,100,100113,100,99408,100,100131,100,99225,100,100143,100,99063,100,100163,100,98759,100
2019-06-28 09:55:00.000000000,100030,188,99958,188,100045,188,99887,188,100055,188,99853,188,100079,188,99515,188,100102,188,99408,188,100113,100,99225,100,100131,100,99063,100,100143,100,98759,100,100163,100,98744,100,100180,100,,
2019-06-28 09:55:04.864549158,99985,100,99958,188,100030,188,99887,188,100045,188,99853,188,100055,188,99515,188,100079,188,99408,188,100102,188,99225,100,100113,100,99063,100,100131,100,98759,100,100143,100,98744,100,100163,100,,
2019-06-28 09:55:04.992217032,99985,100,99958,188,100030,188,99887,188,100045,188,99853,188,100055,188,99680,100,100079,188,99515,188,100102,188,99408,188,100113,100,99225,100,100131,100,98759,100,100143,100,98744,100,100163,100,,
2019-06-28 09:55:10.000000000,99985,249,99958,249,100030,245,99887,245,100045,245,99853,245,100055,100,99680,100,100079,100,99515,100,100102,100,99408,100,100113,100,99225,100,100131,100,98759,100,100143,100,98744,100,100163,100,,
2019-06-28 09:55:20.000000000,99985,188,99958,188,100030,188,99887,188,100045,188,99853,188,100055,188,99680,188,100079,188,99515,188,100102,100,99408,100,100113,100,99225,100,100131,100,98759,100,100143,100,98744,100,100163,100,,
2019-06-28 09:55:26.621635695,99985,188,99958,188,100030,188,99887,188,100045,188,99853,188,100055,188,99729,100,100079,188,99680,188,100102,100,99515,188,100113,100,99408,100,100131,100,99225,100,100143,100,98759,100,100163,100,98744,100
2019-06-28 09:55:30.000000000,99985,188,99958,188,100030,188,99887,188,100045,188,99853,188,100055,188,99729,188,100079,188,99680,188,100102,100,99515,100,100113,100,99408,100,100131,100,99225,100,100143,100,98759,100,100163,100,98744,100
2019-06-28 09:55:40.000000000,99985,249,99958,249,100030,245,99887,245,100045,245,99853,245,100055,100,99729,100,100079,100,99680,100,100102,100,99515,100,100113,100,99408,100,100131,100,99225,100,100143,100,98759,100,100163,100,98744,100
2019-06-28 09:55:48.353537997,99985,249,99958,249,100030,245,99887,245,100045,245,99853,245,100055,100,99729,100,100079,100,99680,100,100089,100,99515,100,100102,100,99225,100,100113,100,98759,100,100131,100,98744,100,100143,100,,
2019-06-28 09:55:50.000000000,99985,538,99958,538,100030,100,99887,100,100045,100,99853,100,100055,100,99729,100,100079,100,99680,100,100089,100,99515,100,100102,100,99225,100,100113,100,98759,100,100131,100,98744,100,100143,100,,
2019-06-28 09:56:00.000000000,99985,538,99958,538,100030,100,99887,100,100045,100,99853,100,100055,100,99729,100,100079,100,99680,100,100089,100,99515,100,100102,100,99225,100,100113,100,98759,100,100131,100,98744,100,100143,100,,
2019-06-28 09:56:10.000000000,99985,210,99958,210,100030,210,99887,210,100045,210,99853,210,100055,210,99729,210,100079,100,99680,100,100089,100,99515,100,100102,100,99225,100,100113,100,98759,100,100131,100,98744,100,100143,100,,
2019-06-28 09:56:20.000000000,99985,319,99958,319,100030,319,99887,319,100045,100,99853,100,100055,100,99729,100,100079,100,99680,100,100089,100,99515,100,100102,100,99225,100,100113,100,98759,100,100131,100,98744,100,100143,100,,
2019-06-28 09:56:26.823906457,99985,419,99958,319,100030,319,99887,319,100045,100,99853,100,100055,100,99729,100,100079,100,99680,100,100089,100,99515,100,100102,100,99225,100,100113,100,98759,100,100131,100,98744,100,100143,100,,
2019-06-28 09:56:30.000000000,99985,310,99958,210,100030,210,99887,210,100045,210,99853,210,100055,210,99729,210,100079,100,99680,100,100089,100,99515,100,100102,100,99225,100,100113,100,98759,100,100131,100,98744,100,100143,100,,
2019-06-28 09:56:35.885057335,99985,310,99982,100,100030,210,99958,210,100045,210,99887,210,100055,210,99853,210,100079,100,99729,210,100089,100,99680,100,100102,100,99515,100,100113,100,99225,100,100131,100,98759,100,100143,100,98744,100
2019-06-28 09:56:40.000000000,99985,288,99982,188,100030,188,99958,188,100045,188,99887,188,100055,188,99853,188,100079,188,99729,188,100089,100,99680,100,100102,100,99515,100,100113,100,99225,100,100131,100,98759,100,100143,100,98744,100
2019-06-28 09:56:50.000000000,99985,288,99982,188,100030,188,99958,188,100045,188,99887,188,100055,188,99853,188,100079,188,99729,188,100089,100,99680,100,100102,100,99515,100,100113,100,99225,100,100131,100,98759,100,100143,100,98744,100
2019-06-28 09:56:55.414197922,99985,188,99982,188,100030,188,99958,188,100045,188,99887,188,100055,188,99853,188,100079,188,99729,188,100089,100,99680,100,100102,100,99515,100,100113,100,99225,100,100131,100,98759,100,100143,100,98744,100
2019-06-28 09:57:00.000000000,99985,249,99982,249,100030,245,99958,245,100045,245,99887,245,100055,100,99853,100,100079,100,99729,100,100089,100,99680,100,100102,100,99515,100,100113,100,99225,100,100131,100,98759,100,100143,100,98744,100
2019-06-28 09:57:10.000000000,99985,538,99982,538,100030,100,99958,100,100045,100,99887,100,100055,100,99853,100,100079,100,99729,100,100089,100,99680,100,100102,100,99515,100,100113,100,99225,100,100131,100,98759,100,100143,100,98744,100
2019-06-28 09:57:20.000000000,99985,188,99982,188,100030,188,99958,188,100045,188,99887,188,100055,188,99853,188,100079,188,99729,188,100089,100,99680,100,100102,100,99515,100,100113,100,99225,100,100131,100,98759,100,100143,100,98744,100
2019-06-28 09:57:30.000000000,99985,210,99982,210,100030,210,99958,210,100045,210,99887,210,100055,210,99853,210,100079,100,99729,100,100089,100,99680,100,100102,100,99515,100,100113,100,99225,100,100131,100,98759,100,100143,100,98744,100
2019-06-28 09:57:40.000000000,99985,319,99982,319,100030,319,99958,319,100045,100,99887,100,100055,100,99853,100,100079,100,99729,100,100089,100,99680,100,100102,100,99515,100,100113,100,99225,100,100131,100,98759,100,100143,100,98744,100
2019-06-28 09:57:42.489969114,99985,219,99982,319,100030,319,99958,319,100045,100,99887,100,100055,100,99853,100,100079,100,99729,100,100089,100,99680,100,100102,100,99225,100,100113,100,98759,100,100131,100,98744,100,100143,100,,
2019-06-28 09:57:50.000000000,100030,210,99982,210,100045,210,99958,210,100055,210,99887,210,100079,210,99853,210,100089,100,99729,100,100102,100,99680,100,100113,100,99225,100,100131,100,98759,100,100143,100,98744,100,100163,100,,
2019-06-28 09:57:56.094073435,100030,210,99982,210,100045,210,99958,210,100055,210,99887,210,100061,100,99853,210,100079,210,99729,100,100089,100,99680,100,100102,100,99225,100,100113,100,98759,100,100131,100,98744,100,100143,100,,
2019-06-28 09:57:57.284651511,100030,210,99982,210,100045,210,99958,110,100055,210,99887,210,100061,100,99853,210,100079,210,99729,100,100089,100,99680,100,100102,100,99225,100,100113,100,98759,100,100131,100,98744,100,100143,100,,
2019-06-28 09:58:00.000000000,100030,538,99982,538,100045,100,99887,100,100055,100,99853,100,100061,100,99729,100,100079,100,99680,100,100089,100,99225,100,100102,100,98759,100,100113,100,98744,100,100131,100,,,100143,100,,
2019-06-28 09:58:10.000000000,100030,538,99982,538,100045,100,99887,100,100055,100,99853,100,100061,100,99729,100,100079,100,99680,100,100089,100,99225,100,100102,100,98759,100,100113,100,98744,100,100131,100,,,100143,100,,
2019-06-28 09:58:20.000000000,100030,188,99982,188,100045,188,99887,188,100055,188,99853,188,100061,188,99729,188,100079,188,99680,188,100089,100,99225,100,100102,100,98759,100,100113,100,98744,100,100131,100,,,100143,100,,
2019-06-28 09:58:28.172215105,100030,188,99982,88,100045,188,99887,188,100055,188,99853,188,100061,188,99729,188,100079,188,99680,188,100089,100,99225,100,100113,100,98759,100,100131,100,98744,100,100143,100,,,100163,100,,
2019-06-28 09:58:30.000000000,100030,319,99887,319,100045,319,99853,319,100055,100,99729,100,100061,100,99680,100,100079,100,99225,100,100089,100,98759,100,100113,100,98744,100,100131,100,,,100143,100,,,100163,100,,
2019-06-28 09:58:40.000000000,100030,538,99887,538,100045,100,99853,100,100055,100,99729,100,100061,100,99680,100,100079,100,99225,100,100089,100,98759,100,100113,100,98744,100,100131,100,,,100143,100,,,100163,100,,
2019-06-28 09:58:41.751367580,100030,538,99887,438,100045,100,99853,100,100055,100,99729,100,100061,100,99680,100,100079,100,99225,100,100089,100,98759,100,100113,100,98744,100,100131,100,,,100143,100,,,100163,100,,
2019-06-28 09:58:50.000000000,100030,210,99853,210,100045,210,99729,210,100055,210,99680,210,100061,210,99225,210,100079,100,98759,100,100089,100,98744,100,100113,100,,,100131,100,,,100143,100,,,100163,100,,
2019-06-28 09:59:00.000000000,100030,249,99853,249,100045,245,99729,245,100055,245,99680,245,100061,100,99225,100,100079,100,98759,100,100089,100,98744,100,100113,100,,,100131,100,,,100143,100,,,100163,100,,
2019-06-28 09:59:03.824996024,100030,249,99853,149,100045,245,99729,245,100055,245,99680,245,100061,100,99225,100,100079,100,98759,100,100089,100,98744,100,100113,100,,,100131,100,,,100143,100,,,100163,100,,
2019-06-28 09:59:10.000000000,100030,538,99729,538,100045,100,99680,100,100055,100,99225,100,100061,100,98759,100,100079,100,98744,100,100089,100,,,100113,100,,,100131,100,,,100143,100,,,100163,100,,
2019-06-28 09:59:10.567934171,100030,538,99729,438,100045,100,99680,100,100055,100,99225,100,100061,100,98759,100,100079,100,98744,100,100089,100,,,100113,100,,,100131,100,,,100143,100,,,100163,100,,
2019-06-28 09:59:20.000000000,100030,249,99680,249,100045,245,99225,245,100055,245,98759,245,100061,100,98744,100,100079,100,,,100089,100,,,100113,100,,,100131,100,,,100143,100,,,100163,100,,
2019-06-28 09:59:22.611745106,100030,249,99680,249,100045,245,99225,245,100055,245,99078,100,100061,100,98759,245,100079,100,98744,100,100089,100,,,100113,100,,,100131,100,,,100143,100,,,100163,100,,
2019-06-28 09:59:30.000000000,100030,188,99680,188,100045,188,99225,188,100055,188,99078,188,100061,188,98759,188,100079,188,98744,188,100089,100,,,100113,100,,,100131,100,,,100143,100,,,100163,100,,
2019-06-28 09:59:30.503492313,100030,188,99680,88,100045,188,99225,188,100055,188,99078,188,100061,188,98759,188,100079,188,98744,188,100089,100,,,100113,100,,,100131,100,,,100143,100,,,100163,100,,
2019-06-28 09:59:40.000000000,100030,188,99225,188,100045,188,99078,188,100055,188,98759,188,100061,188,98744,188,100079,188,98743,88,100089,100,,,100113,100,,,100131,100,,,100143,100,,,100163,100,,
2019-06-28 09:59:41.649325133,99385,100,99225,188,100030,188,99078,188,100045,88,98759,188,100055,188,98744,188,100061,188,98743,88,100079,188,,,100089,100,,,100113,100,,,100131,100,,,100143,100,,
2019-06-28 09:59:50.000000000,99385,249,99225,249,100030,245,99078,245,100055,245,98759,245,100061,100,98744,100,100079,100,,,100089,100,,,100113,100,,,100131,100,,,100143,100,,,100163,100,,
2019-06-28 09:59:53.476453221,99385,249,99225,249,100030,245,99078,245,100055,245,98940,100,100061,100,98759,245,100079,100,98744,100,100089,100,,,100113,100,,,100131,100,,,100143,100,,,100163,100,,
2019-06-28 10:00:00.000000000,99385,188,99225,188,100030,188,99078,188,100055,188,98940,188,100061,188,98759,188,100079,188,98744,188,100089,100,,,100113,100,,,100131,100,,,100143,100,,,100163,100,,
2019-06-28 10:00:10.000000000,99385,319,99225,319,100030,319,99078,319,100055,100,98940,100,100061,100,98759,100,100079,100,98744,100,100089,100,,,100113,100,,,100131,100,,,100143,100,,,100163,100,,
2019-06-28 10:00:20.000000000,99385,538,99225,538,100030,100,99078,100,100055,100,98940,100,100061,100,98759,100,100079,100,98744,100,100089,100,,,100113,100,,,100131,100,,,100143,100,,,100163,100,,
2019-06-28 10:00:22.796469845,99385,438,99344,100,100030,100,99225,538,100055,100,99078,100,100061,100,98940,100,100079,100,98759,100,100089,100,98744,100,100113,100,,,100131,100,,,100143,100,,,100163,100,,
2019-06-28 10:00:30.000000000,100030,210,99344,210,100055,210,99225,210,100061,210,99078,210,100079,210,98940,210,100089,100,98759,100,100113,100,98744,100,100131,100,,,100143,100,,,100163,100,,,100180,100,,
2019-06-28 10:00:31.754660263,99563,100,99344,210,100030,210,99225,210,100055,210,99078,210,100061,210,98940,210,100079,210,98759,100,100089,100,98744,100,100113,100,,,100131,100,,,100143,100,,,100163,100,,
2019-06-28 10:00:31.869858790,99369,100,99344,210,99563,100,99225,210,100030,210,99078,210,100055,210,98940,210,100061,210,98744,100,100079,210,,,100089,100,,,100113,100,,,100131,100,,,100143,100,,
2019-06-28 10:00:34.639770096,99369,100,99344,210,99383,100,99225,210,99563,100,99078,210,100030,210,98940,210,100055,210,98744,100,100061,210,,,100079,210,,,100089,100,,,100113,100,,,100131,100,,
2019-06-28 10:00:35.545717967,99369,100,99344,210,99563,100,99294,100,100030,210,99225,210,100055,210,99078,210,100061,210,98940,210,100079,210,98744,100,100089,100,,,100113,100,,,100131,100,,,100143,100,,
2019-06-28 10:00:37.438976849,99369,100,99344,210,99563,100,99294,100,99729,100,99225,210,100030,210,99078,210,100055,210,98940,210,100061,210,98744,100,100079,210,,,100089,100,,,100113,100,,,100131,100,,
2019-06-28 10:00:40.000000000,99369,210,99344,210,99563,210,99294,210,99729,210,99225,210,100030,210,99078,210,100055,100,98940,100,100061,100,98744,100,100079,100,,,100089,100,,,100113,100,,,100131,100,,
2019-06-28 10:00:43.535430397,99369,210,99344,210,99563,210,99294,210,99729,210,99225,210,100030,210,99094,100,100055,100,99078,210,100061,100,98940,100,100079,100,98744,100,100089,100,,,100113,100,,,100131,100,,
2019-06-28 10:00:47.672897711,99369,210,99344,210,99563,210,99294,210,99729,210,99225,210,100030,210,99163,100,100055,100,99094,100,100061,100,99078,210,100079,100,98940,100,100089,100,98744,100,100113,100,,,100131,100,,
2019-06-28 10:00:50.000000000,99369,249,99344,249,99563,245,99294,245,99729,245,99225,245,100030,100,99163,100,100055,100,99094,100,100061,100,99078,100,100079,100,98940,100,100089,100,98744,100,100113,100,,,100131,100,,
2019-06-28 10:01:00.000000000,99369,188,99344,188,99563,188,99294,188,99729,188,99225,188,100030,188,99163,188,100055,188,99094,188,100061,100,99078,100,100079,100,98940,100,100089,100,98744,100,100113,100,,,100131,100,,
2019-06-28 10:01:01.327286350,99369,188,99344,88,99563,188,99294,188,99729,188,99225,188,100030,188,99163,188,100055,188,99094,188,100061,100,99078,100,100079,100,98940,100,100089,100,98744,100,100113,100,,,100131,100,,
2019-06-28 10:01:10.000000000,99369,249,99294,249,99563,245,99225,245,99729,245,99163,245,100030,100,99094,100,100055,100,99078,100,100061,100,98940,100,100079,100,98744,100,100089,100,,,100113,100,,,100131,100,,
2019-06-28 10:01:15.596416848,99369,149,99294,249,99563,245,99225,245,99729,245,99163,245,100030,100,99094,100,100055,100,99078,100,100061,100,98940,100,100079,100,98744,100,100089,100,,,100113,100,,,100131,100,,
2019-06-28 10:01:16.352951415,99369,149,99294,249,99563,245,99225,245,99729,245,99181,100,100030,100,99163,245,100055,100,99094,100,100061,100,99078,100,100079,100,98940,100,100089,100,98744,100,100113,100,,,100131,100,,
2019-06-28 10:01:20.000000000,99563,210,99294,210,99729,210,99225,210,100030,210,99181,210,100055,210,99163,210,100061,100,99094,100,100079,100,99078,100,100089,100,98940,100,100113,100,98744,100,100131,100,,,100143,100,,
2019-06-28 10:01:30.000000000,99563,210,99294,210,99729,210,99225,210,100030,210,99181,210,100055,210,99163,210,100061,100,99094,100,100079,100,99078,100,100089,100,98940,100,100113,100,98744,100,100131,100,,,100143,100,,
2019-06-28 10:01:30.046849002,99563,210,99345,100,99729,210,99294,210,100030,210,99225,210,100055,210,99181,210,100061,100,99163,210,100079,100,99094,100,100089,100,99078,100,100113,100,98940,100,100131,100,98744,100,100143,100,,
2019-06-28 10:01:40.000000000,99563,538,99345,538,99729,100,99294,100,100030,100,99225,100,100055,100,99181,100,100061,100,99163,100,100079,100,99094,100,100089,100,99078,100,100113,100,98940,100,100131,100,98744,100,100143,100,,
2019-06-28 10:01:43.912448476,99563,438,99345,538,99729,100,99294,100,100030,100,99225,100,100055,100,99181,100,100061,100,99163,100,100079,100,99094,100,100089,100,99078,100,100113,100,98940,100,100131,100,98744,100,100163,100,,
2019-06-28 10:01:50.000000000,99729,249,99345,249,100030,245,99294,245,100055,245,99225,245,100061,100,99181,100,100079,100,99163,100,100089,100,99094,100,100113,100,99078,100,100131,100,98940,100,100163,100,98744,100,100210,100,,
2019-06-28 10:02:00.000000000,99729,210,99345,210,100030,210,99294,210,100055,210,99225,210,100061,210,99181,210,100079,100,99163,100,100089,100,99094,100,100113,100,99078,100,100131,100,98940,100,100163,100,98744,100,100210,100,,
2019-06-28 10:02:10.000000000,99729,188,99345,188,100030,188,99294,188,100055,188,99225,188,100061,188,99181,188,100079,188,99163,188,100089,100,99094,100,100113,100,99078,100,100131,100,98940,100,100163,100,98744,100,100210,100,,
2019-06-28 10:02:13.325192291,99729,188,99419,100,100030,188,99345,188,100055,188,99294,188,100061,188,99225,188,100079,188,99181,188,100089,100,99163,188,100113,100,99094,100,100131,100,99078,100,100163,100,98940,100,100210,100,98744,100
2019-06-28 10:02:20.000000000,99729,210,99419,210,100030,210,99345,210,100055,210,99294,210,100061,210,99225,210,100079,100,99181,100,100089,100,99163,100,100113,100,99094,100,100131,100,99078,100,100163,100,98940,100,100210,100,98744,100
2019-06-28 10:02:24.509036824,99729,210,99623,100,100030,210,99419,210,100055,210,99345,210,100061,210,99294,210,100079,100,99225,210,100089,100,99181,100,100113,100,99163,100,100131,100,99094,100,100163,100,99078,100,100210,100,98744,100
2019-06-28 10:02:29.367209348,99729,210,99679,100,100030,210,99623,100,100055,210,99419,210,100061,210,99345,210,100079,100,99294,210,100089,100,99225,210,100113,100,99181,100,100131,100,99163,100,100163,100,99094,100,100210,100,99078,100
2019-06-28 10:02:29.818367702,99729,210,99679,100,100030,210,99623,100,100055,210,99419,210,100061,210,99369,100,100079,100,99345,210,100089,100,99294,210,100113,100,99225,210,100131,100,99181,100,100163,100,99163,100,100210,100,99094,100
2019-06-28 10:02:29.844813111,99729,210,99679,100,99811,100,99623,100,100030,210,99419,210,100055,210,99369,100,100061,210,99345,210,100079,100,99294,210,100089,100,99225,210,100113,100,99181,100,100131,100,99163,100,100163,100,99094,100
2019-06-28 10:02:30.000000000,99729,538,99679,538,99811,100,99623,100,100030,100,99419,100,100055,100,99369,100,100061,100,99345,100,100079,100,99294,100,100089,100,99225,100,100113,100,99181,100,100131,100,99163,100,100163,100,99094,100
2019-06-28 10:02:40.000000000,99729,538,99679,538,99811,100,99623,100,100030,100,99419,100,100055,100,99369,100,100061,100,99345,100,100079,100,99294,100,100089,100,99225,100,100113,100,99181,100,100131,100,99163,100,100163,100,99094,100
2019-06-28 10:02:50.000000000,99729,538,99679,538,99811,100,99623,100,100030,100,99419,100,100055,100,99369,100,100061,100,99345,100,100079,100,99294,100,100089,100,99225,100,100113,100,99181,100,100131,100,99163,100,100163,100,99094,100
2019-06-28 10:02:52.704833768,99729,538,99679,438,99811,100,99623,100,100030,100,99419,100,100055,100,99369,100,100061,100,99345,100,100079,100,99294,100,100089,100,99225,100,100113,100,99181,100,100131,100,99163,100,100163,100,99094,100
2019-06-28 10:02:58.201567851,99729,538,99679,338,99811,100,99623,100,100030,100,99419,100,100055,100,99369,100,100061,100,99345,100,100079,100,99294,100,100089,100,99225,100,100113,100,99181,100,100131,100,99163,100,100163,100,99094,100
2019-06-28 10:03:00.000000000,99729,210,99623,210,99811,210,99419,210,100030,210,99369,210,100055,210,99345,210,100061,100,99294,100,100079,100,99225,100,100089,100,99181,100,100113,100,99163,100,100131,100,99094,100,100163,100,99078,100
2019-06-28 10:03:10.000000000,99729,188,99623,188,99811,188,99419,188,100030,188,99369,188,100055,188,99345,188,100061,188,99294,188,100079,100,99225,100,100089,100,99181,100,100113,100,99163,100,100131,100,99094,100,100163,100,99078,100
2019-06-28 10:03:20.000000000,99729,188,99623,188,99811,188,99419,188,100030,188,99369,188,100055,188,99345,188,100061,188,99294,188,100079,100,99225,100,100089,100,99181,100,100113,100,99163,100,100131,100,99094,100,100163,100,99078,100
2019-06-28 10:03:30.000000000,99729,319,99623,319,99811,319,99419,319,100030,100,99369,100,100055,100,99345,100,100061,100,99294,100,100079,100,99225,100,100089,100,99181,100,100113,100,99163,100,100131,100,99094,100,100163,100,99078,100
2019-06-28 10:03:40.000000000,99729,319,99623,319,99811,319,99419,319,100030,100,99369,100,100055,100,99345,100,100061,100,99294,100,100079,100,99225,100,100089,100,99181,100,100113,100,99163,100,100131,100,99094,100,100163,100,99078,100
2019-06-28 10:03:46.237719379,99729,319,99623,319,99811,319,99419,319,100030,100,99369,100,100055,100,99345,100,100061,100,99294,100,100079,100,99225,100,100113,100,99181,100,100131,100,99163,100,100163,100,99094,100,100210,100,99078,100
2019-06-28 10:03:50.000000000,99729,188,99623,188,99811,188,99419,188,100030,188,99369,188,100055,188,99345,188,100061,188,99294,188,100079,100,99225,100,100113,100,99181,100,100131,100,99163,100,100163,100,99094,100,100210,100,99078,100
2019-06-28 10:03:52.405485966,99729,188,99623,188,99811,188,99419,188,100030,188,99369,188,100055,188,99345,188,100061,188,99294,188,100113,100,99225,100,100131,100,99181,100,100163,100,99163,100,100210,100,99094,100,100305,100,99078,100
2019-06-28 10:04:00.000000000,99729,188,99623,188,99811,188,99419,188,100030,188,99369,188,100055,188,99345,188,100061,188,99294,188,100113,100,99225,100,100131,100,99181,100,100163,100,99163,100,100210,100,99094,100,100305,100,99078,100
2019-06-28 10:04:05.573366188,99729,188,99623,188,99811,188,99419,188,100030,188,99369,188,100055,188,99345,188,100061,188,99294,188,100113,100,99225,100,100131,100,99181,100,100163,100,99163,100,100210,100,99094,100,100305,100,99078,100
2019-06-28 10:04:10.000000000,99729,210,99623,210,99811,210,99419,210,100030,210,99369,210,100055,210,99345,210,100061,100,99294,100,100113,100,99225,100,100131,100,99181,100,100163,100,99163,100,100210,100,99094,100,100305,100,99078,100
2019-06-28 10:04:20.000000000,99729,249,99623,249,99811,245,99419,245,100030,245,99369,245,100055,100,99345,100,100061,100,99294,100,100113,100,99225,100,100131,100,99181,100,100163,100,99163,100,100210,100,99094,100,100305,100,99078,100
2019-06-28 10:04:30.000000000,99729,188,99623,188,99811,188,99419,188,100030,188,99369,188,100055,188,99345,188,100061,188,99294,188,100113,100,99225,100,100131,100,99181,100,100163,100,99163,100,100210,100,99094,100,100305,100,99078,100
2019-06-28 10:04:31.094713610,99729,188,99623,188,99811,188,99419,188,100030,188,99369,188,100055,188,99345,188,100061,188,99294,88,100113,100,99225,100,100131,100,99181,100,100163,100,99163,100,100210,100,99094,100,100305,100,99078,100
2019-06-28 10:04:31.231776143,99729,88,99623,188,99811,188,99419,188,100030,188,99369,188,100055,188,99345,188,100061,188,99294,88,100113,100,99225,100,100131,100,99181,100,100163,100,99163,100,100210,100,99094,100,100305,100,99078,100
2019-06-28 10:04:40.000000000,99811,188,99623,188,100030,188,99419,188,100055,188,99369,188,100061,188,99345,188,100113,188,99225,188,100131,100,99181,100,100163,100,99163,100,100210,100,99094,100,100305,100,99078,100,100379,100,98744,100
2019-06-28 10:04:45.386505739,99811,88,99623,188,100030,188,99419,188,100055,188,99369,188,100061,188,99345,188,100113,188,99225,188,100131,100,99181,100,100163,100,99163,100,100210,100,99094,100,100305,100,99078,100,100379,100,98744,100
2019-06-28 10:04:50.000000000,100030,249,99623,249,100055,245,99419,245,100061,245,99369,245,100113,100,99345,100,100131,100,99225,100,100163,100,99181,100,100210,100,99163,100,100305,100,99094,100,100379,100,99078,100,100458,100,98744,100
2019-06-28 10:04:52.980456310,100030,249,99623,249,100055,245,99419,245,100061,245,99369,245,100113,100,99345,100,100131,100,99225,100,100163,100,99181,100,100210,100,99163,100,100290,100,99094,100,100305,100,99078,100,100379,100,98744,100
2019-06-28 10:04:54.540719733,100030,249,99952,100,100055,245,99623,249,100061,245,99419,245,100113,100,99369,245,100131,100,99345,100,100163,100,99225,100,100210,100,99163,100,100290,100,99094,100,100305,100,99078,100,100379,100,98744,100
2019-06-28 10:04:57.070862920,100030,249,99952,100,100055,245,99863,100,100061,245,99623,249,100113,100,99419,245,100131,100,99369,245,100163,100,99345,100,100210,100,99225,100,100290,100,99163,100,100305,100,99094,100,100379,100,99078,100
2019-06-28 10:05:00.000000000,100030,319,99952,319,100055,319,99863,319,100061,100,99623,100,100113,100,99419,100,100131,100,99369,100,100163,100,99345,100,100210,100,99225,100,100290,100,99163,100,100305,100,99094,100,100379,100,99078,100
2019-06-28 10:05:10.000000000,100030,319,99952,319,100055,319,99863,319,100061,100,99623,100,100113,100,99419,100,100131,100,99369,100,100163,100,99345,100,100210,100,99225,100,100290,100,99163,100,100305,100,99094,100,100379,100,99078,100
2019-06-28 10:05:20.000000000,100030,249,99952,249,100055,245,99863,245,100061,245,99623,245,100113,100,99419,100,100131,100,99369,100,100163,100,99345,100,100210,100,99225,100,100290,100,99163,100,100305,100,99094,100,100379,100,99078,100
2019-06-28 10:05:30.000000000,100030,249,99952,249,100055,245,99863,245,100061,245,99623,245,100113,100,99419,100,100131,100,99369,100,100163,100,99345,100,100210,100,99225,100,100290,100,99163,100,100305,100,99094,100,100379,100,99078,100
2019-06-28 10:05:37.181067678,100030,249,99952,249,100055,245,99863,245,100061,245,99729,100,100113,100,99623,245,100131,100,99419,100,100163,100,99369,100,100210,100,99345,100,100290,100,99225,100,100305,100,99163,100,100379,100,99094,100
2019-06-28 10:05:39.638411535,100030,249,99952,149,100055,245,99863,245,100061,245,99729,100,100113,100,99623,245,100131,100,99597,100,100163,100,99419,100,100210,100,99369,100,100290,100,99345,100,100305,100,99225,100,100379,100,99163,100
2019-06-28 10:05:40.000000000,100030,249,99863,249,100055,245,99729,245,100061,245,99623,245,100113,100,99597,100,100131,100,99419,100,100163,100,99369,100,100210,100,99345,100,100290,100,99225,100,100305,100,99163,100,100379,100,99094,100
2019-06-28 10:05:40.458492403,100030,249,99863,249,100055,245,99729,245,100061,245,99623,245,100113,100,99598,100,100131,100,99597,100,100163,100,99419,100,100210,100,99369,100,100290,100,99345,100,100305,100,99163,100,100379,100,99094,100
2019-06-28 10:05:43.090382781,100030,249,99863,249,100055,245,99729,345,100061,245,99623,245,100113,100,99598,100,100131,100,99597,100,100163,100,99419,100,100210,100,99369,100,100290,100,99345,100,100305,100,99163,100,100379,100,99094,100
2019-06-28 10:05:50.000000000,100030,249,99863,249,100055,245,99729,345,100061,245,99623,245,100113,100,99598,100,100131,100,99597,100,100163,100,99419,100,100210,100,99369,100,100290,100,99345,100,100305,100,99163,100,100379,100,99094,100
2019-06-28 10:05:50.395610068,100030,249,100000,100,100055,245,99863,249,100061,245,99729,345,100113,100,99623,245,100131,100,99598,100,100163,100,99597,100,100210,100,99419,100,100290,100,99369,100,100305,100,99345,100,100379,100,99163,100
2019-06-28 10:05:51.053220844,100030,249,100000,100,100055,245,99863,249,100061,245,99729,445,100113,100,99623,245,100131,100,99598,100,100163,100,99597,100,100210,100,99419,100,100290,100,99369,100,100305,100,99345,100,100379,100,99163,100
2019-06-28 10:06:00.000000000,100030,210,100000,210,100055,210,99863,210,100061,210,99729,410,100113,210,99623,210,100131,100,99598,100,100163,100,99597,100,100210,100,99419,100,100290,100,99369,100,100305,100,99345,100,100379,100,99163,100
2019-06-28 10:06:10.000000000,100030,538,100000,538,100055,100,99863,100,100061,100,99729,300,100113,100,99623,100,100131,100,99598,100,100163,100,99597,100,100210,100,99419,100,100290,100,99369,100,100305,100,99345,100,100379,100,99163,100
2019-06-28 10:06:20.000000000,100030,538,100000,538,100055,100,99863,100,100061,100,99729,300,100113,100,99623,100,100131,100,99598,100,100163,100,99597,100,100210,100,99419,100,100290,100,99369,100,100305,100,99345,100,100379,100,99163,100
2019-06-28 10:06:30.000000000,100030,319,100000,319,100055,319,99863,319,100061,100,99729,300,100113,100,99623,100,100131,100,99598,100,100163,100,99597,100,100210,100,99419,100,100290,100,99369,100,100305,100,99345,100,100379,100,99163,100
2019-06-28 10:06:40.000000000,100030,249,100000,249,100055,245,99863,245,100061,245,99729,445,100113,100,99623,100,100131,100,99598,100,100163,100,99597,100,100210,100,99419,100,100290,100,99369,100,100305,100,99345,100,100379,100,99163,100
2019-06-28 10:06:47.284905010,100030,249,100000,249,100055,245,99863,245,100061,245,99729,445,100113,100,99623,100,100131,100,99598,100,100163,100,99597,100,100210,100,99419,100,100234,100,99369,100,100290,100,99345,100,100305,100,99163,100
2019-06-28 10:06:47.449104861,100030,149,100000,249,100055,245,99863,245,100061,245,99729,445,100113,100,99623,100,100131,100,99598,100,100163,100,99597,100,100210,100,99419,100,100234,100,99369,100,100290,100,99345,100,100305,100,99163,100
2019-06-28 10:06:48.464925594,100030,149,100000,249,100055,245,99863,245,100061,245,99729,445,100113,100,99623,100,100131,100,99598,100,100163,100,99597,100,100177,100,99419,100,100210,100,99369,100,100234,100,99345,100,100290,100,99163,100
2019-06-28 10:06:50.000000000,100055,249,100000,249,100061,245,99863,245,100113,245,99729,445,100131,100,99623,100,100163,100,99598,100,100177,100,99597,100,100210,100,99419,100,100234,100,99369,100,100290,100,99345,100,100305,100,99163,100
2019-06-28 10:07:00.000000000,100055,538,100000,538,100061,100,99863,100,100113,100,99729,300,100131,100,99623,100,100163,100,99598,100,100177,100,99597,100,100210,100,99419,100,100234,100,99369,100,100290,100,99345,100,100305,100,99163,100
2019-06-28 10:07:10.000000000,100055,249,100000,249,100061,245,99863,245,100113,245,99729,445,100131,100,99623,100,100163,100,99598,100,100177,100,99597,100,100210,100,99419,100,100234,100,99369,100,100290,100,99345,100,100305,100,99163,100
2019-06-28 10:07:20.000000000,100055,538,100000,538,100061,100,99863,100,100113,100,99729,300,100131,100,99623,100,100163,100,99598,100,100177,100,99597,100,100210,100,99419,100,100234,100,99369,100,100290,100,99345,100,100305,100,99163,100
2019-06-28 10:07:27.705627509,100055,538,100016,100,100061,100,100000,538,100113,100,99863,100,100131,100,99729,300,100163,100,99623,100,100177,100,99598,100,100210,100,99419,100,100234,100,99369,100,100290,100,99345,100,100305,100,99163,100
2019-06-28 10:07:30.000000000,100055,188,100016,188,100061,188,100000,188,100113,188,99863,188,100131,188,99729,388,100163,188,99623,188,100177,100,99598,100,100210,100,99419,100,100234,100,99369,100,100290,100,99345,100,100305,100,99163,100
2019-06-28 10:07:37.294724530,100055,188,100016,188,100061,188,100000,188,100113,188,99863,188,100131,188,99729,288,100163,188,99623,188,100177,100,99598,100,100210,100,99419,100,100234,100,99369,100,100290,100,99345,100,100305,100,99163,100
2019-06-28 10:07:40.000000000,100055,249,100016,249,100061,245,100000,245,100113,245,99863,245,100131,100,99729,200,100163,100,99623,100,100177,100,99598,100,100210,100,99419,100,100234,100,99369,100,100290,100,99345,100,100305,100,99163,100
2019-06-28 10:07:46.141329793,100026,100,100016,249,100055,249,100000,245,100061,245,99863,245,100113,245,99729,200,100131,100,99623,100,100163,100,99598,100,100177,100,99419,100,100210,100,99369,100,100234,100,99345,100,100290,100,99163,100
2019-06-28 10:07:48.447604187,100026,100,100016,249,100055,249,100000,145,100061,245,99913,100,100113,245,99863,245,100131,100,99729,200,100163,100,99623,100,100177,100,99598,100,100210,100,99419,100,100234,100,99369,100,100290,100,99345,100
2019-06-28 10:07:50.000000000,100026,210,100016,210,100055,210,99913,210,100061,210,99863,210,100113,210,99729,310,100131,100,99623,100,100163,100,99598,100,100177,100,99419,100,100210,100,99369,100,100234,100,99345,100,100290,100,99163,100
2019-06-28 10:07:52.998967985,100026,210,100016,110,100055,210,99913,210,100061,210,99863,210,100113,210,99729,310,100131,100,99623,100,100163,100,99598,100,100177,100,99419,100,100210,100,99369,100,100290,100,99345,100,100305,100,99163,100
2019-06-28 10:08:00.000000000,100026,188,99913,188,100055,188,99863,188,100061,188,99729,288,100113,188,99623,188,100131,188,99598,188,100163,100,99419,100,100177,100,99369,100,100210,100,99345,100,100290,100,99163,100,100305,100,99094,100
2019-06-28 10:08:02.761256620,100026,188,99913,188,100055,188,99863,188,100061,188,99729,288,100113,188,99623,188,100131,188,99598,188,100163,100,99419,100,100210,100,99369,100,100211,100,99345,100,100290,100,99163,100,100305,100,99094,100
