,ask_price_1,ask_size_1,bid_price_1,bid_size_1,ask_price_2,ask_size_2,bid_price_2,bid_size_2,ask_price_3,ask_size_3,bid_price_3,bid_size_3,ask_price_4,ask_size_4,bid_price_4,bid_size_4,ask_price_5,ask_size_5,bid_price_5,bid_size_5,ask_price_6,ask_size_6,bid_price_6,bid_size_6,ask_price_7,ask_size_7,bid_price_7,bid_size_7,ask_price_8,ask_size_8,bid_price_8,bid_size_8,ask_price_9,ask_size_9,bid_price_9,bid_size_9,ask_price_10,ask_size_10,bid_price_10,bid_size_10
2019-06-28 09:30:00.000000002,,,99851,100,,,,,,,,,,,,,,,,,,,,,,,,,,,,,,,,,,,,
2019-06-28 09:30:00.000000003,100097,100,99851,100,,,,,,,,,,,,,,,,,,,,,,,,,,,,,,,,,,,,
2019-06-28 09:30:00.000000004,100010,100,99851,100,100097,100,,,,,,,,,,,,,,,,,,,,,,,,,,,,,,,,,,
2019-06-28 09:30:00.000000009,100010,100,99851,100,100097,100,,,100131,100,,,,,,,,,,,,,,,,,,,,,,,,,,,,,,
2019-06-28 09:30:00.000000012,100010,100,99851,100,100072,100,,,100097,100,,,100131,100,,,,,,,,,,,,,,,,,,,,,,,,,,
2019-06-28 09:30:00.000000014,100010,100,99851,100,100023,100,,,100072,100,,,100097,100,,,100131,100,,,,,,,,,,,,,,,,,,,,,,
2019-06-28 09:30:00.000000016,100010,100,99851,100,100023,100,,,100072,100,,,100097,100,,,100098,100,,,100099,100,,,100131,100,,,100204,100,,,,,,,,,,
2019-06-28 09:30:00.000000018,100023,100,99925,100,100072,100,99851,100,100097,100,,,100098,100,,,100099,100,,,100131,100,,,100204,100,,,,,,,,,,,,,,
2019-06-28 09:30:00.000000019,100023,100,100017,100,100043,100,99925,100,100072,100,99851,100,100097,100,,,100098,100,,,100099,100,,,100131,100,,,100204,100,,,,,,,,,,
2019-06-28 09:30:00.000000020,100023,100,99925,100,100043,100,99851,100,100072,100,,,100097,100,,,100098,100,,,100099,100,,,100131,100,,,100153,100,,,100204,100,,,,,,
2019-06-28 09:30:00.000000021,100023,100,100010,100,100043,100,99925,100,100072,100,99851,100,100097,100,,,100098,100,,,100099,100,,,100131,100,,,100153,100,,,100204,100,,,,,,
2019-06-28 09:30:00.000000025,100017,100,100010,100,100023,100,99925,100,100043,100,99851,100,100072,100,,,100097,100,,,100098,100,,,100099,100,,,100131,100,,,100153,100,,,100204,100,,
2019-06-28 09:30:00.000000027,100017,100,100010,200,100023,100,99925,100,100043,100,99851,100,100072,100,,,100097,100,,,100098,100,,,100099,100,,,100131,100,,,100153,100,,,100185,100,,
2019-06-28 09:30:00.000000030,100017,100,100010,300,100023,100,99984,100,100043,100,99925,100,100072,100,99851,100,100097,100,,,100098,100,,,100099,100,,,100131,100,,,100153,100,,,100185,100,,
2019-06-28 09:30:00.000000033,100017,100,100010,300,100023,100,100004,100,100043,100,99984,100,100072,100,99925,100,100097,100,99851,100,100098,100,,,100099,100,,,100131,100,,,100153,100,,,100185,100,,
2019-06-28 09:30:00.000000035,100017,100,100010,300,100023,100,100004,100,100043,100,99990,100,100072,100,99984,100,100097,100,99925,100,100098,100,99851,100,100099,100,,,100131,100,,,100153,100,,,100185,100,,
2019-06-28 09:30:00.000000037,100017,100,100010,300,100023,100,100004,100,100043,100,99990,100,100072,100,99984,100,100097,100,99925,100,100098,100,99911,100,100099,100,99851,100,100131,100,,,100153,100,,,100185,100,,
2019-06-28 09:30:00.000000039,100017,100,100010,300,100023,100,100004,100,100043,100,99990,100,100072,100,99984,100,100097,100,99925,100,100098,100,99911,100,100099,100,99857,100,100131,100,99851,100,100153,100,,,100185,100,,
2019-06-28 09:30:00.000000043,100017,100,100010,300,100023,100,100004,100,100043,100,99990,100,100072,100,99984,100,100097,100,99925,100,100098,100,99911,100,100099,100,99857,100,100131,100,99851,100,100153,100,,,100168,100,,
2019-06-28 09:30:00.000000045,100023,100,100010,300,100043,100,100004,100,100072,100,99990,100,100097,100,99984,100,100098,100,99925,100,100099,100,99911,100,100131,100,99857,100,100153,100,99851,100,100168,100,,,100185,100,,
2019-06-28 09:30:00.000000051,100023,100,100010,300,100043,100,100004,100,100072,100,99990,100,100097,100,99984,100,100098,100,99941,100,100099,100,99925,100,100131,100,99911,100,100153,100,99857,100,100168,100,99851,100,100185,100,,
2019-06-28 09:30:00.000000056,100023,100,100010,300,100043,100,100004,100,100057,100,99990,100,100072,100,99984,100,100097,100,99941,100,100098,100,99925,100,100099,100,99911,100,100131,100,99857,100,100153,100,99851,100,100168,100,,
2019-06-28 09:30:00.000000057,100023,100,100010,300,100043,100,100004,100,100057,100,99999,100,100072,100,99990,100,100097,100,99984,100,100098,100,99941,100,100099,100,99925,100,100131,100,99911,100,100153,100,99857,100,100168,100,99851,100
2019-06-28 09:30:00.000000061,100023,100,100010,300,100043,100,100004,100,100057,100,99999,100,100072,100,99990,100,100097,100,99984,100,100098,100,99981,100,100099,100,99941,100,100131,100,99925,100,100153,100,99911,100,100168,100,99857,100
2019-06-28 09:30:00.000000063,100023,100,100010,300,100043,100,100004,100,100057,100,99999,100,100072,100,99990,100,100097,100,99984,100,100098,100,99981,100,100099,100,99941,100,100131,100,99925,100,100153,100,99911,100,100168,100,99879,100
2019-06-28 09:30:00.000000064,100023,100,100010,300,100043,100,100004,100,100046,100,99999,100,100057,100,99998,100,100072,100,99990,100,100097,100,99984,100,100098,100,99981,100,100099,100,99941,100,100131,100,99925,100,100153,100,99911,100
2019-06-28 09:30:00.000000065,100023,100,100010,300,100043,100,100004,100,100046,100,99999,100,100057,100,99998,100,100072,100,99990,100,100075,100,99984,100,100097,100,99981,100,100098,100,99941,100,100099,100,99925,100,100131,100,99911,100
2019-06-28 09:30:00.000000066,100017,100,100010,300,100023,100,100004,100,100043,100,99999,100,100046,100,99998,100,100050,100,99990,100,100057,100,99984,100,100072,100,99983,100,100075,100,99981,100,100081,100,99941,100,100097,100,99925,100
2019-06-28 09:30:00.000000067,100017,100,100010,300,100023,100,100004,100,100043,100,99999,100,100046,100,99998,100,100050,100,99990,100,100057,100,99984,100,100072,100,99983,100,100075,100,99981,100,100081,100,99954,100,100097,100,99941,100
2019-06-28 09:30:00.000000071,100023,100,100010,300,100043,100,100004,100,100046,100,99999,100,100050,100,99998,100,100057,100,99990,100,100072,100,99984,100,100075,100,99983,100,100081,100,99981,100,100097,100,99954,100,100098,100,99941,100
2019-06-28 09:30:00.000000072,100023,100,100010,300,100043,100,100004,100,100046,100,99999,100,100050,100,99998,100,100057,100,99990,100,100072,100,99984,100,100075,100,99983,100,100081,100,99981,100,100097,100,99954,100,100098,100,99941,100
2019-06-28 09:30:00.000000074,100023,100,100010,300,100043,100,100004,100,100046,100,99999,100,100050,100,99998,100,100057,100,99990,100,100072,100,99984,100,100075,100,99983,100,100081,100,99981,100,100097,100,99954,100,100098,100,99941,100
2019-06-28 09:30:00.000000075,100017,100,100010,300,100023,100,100004,100,100043,100,99999,100,100046,100,99998,100,100050,100,99990,100,100057,100,99984,100,100072,100,99983,100,100075,100,99981,100,100081,100,99954,100,100097,100,99941,100
2019-06-28 09:30:00.000000076,100017,100,100010,300,100023,100,100004,100,100043,100,99999,100,100046,100,99998,100,100050,100,99990,100,100057,100,99984,100,100072,100,99983,100,100075,100,99981,100,100081,100,99954,100,100097,100,99941,100
2019-06-28 09:30:00.000000080,100017,100,100010,300,100023,100,100004,100,100043,100,99999,100,100046,100,99998,100,100050,100,99991,100,100057,100,99990,100,100072,100,99984,100,100075,100,99983,100,100081,100,99981,100,100097,100,99954,100
2019-06-28 09:30:00.000000082,100017,100,100010,300,100023,100,100004,100,100043,100,99999,100,100046,100,99998,100,100050,100,99991,100,100057,100,99990,100,100072,100,99984,100,100075,100,99983,100,100081,100,99981,100,100097,100,99954,100
2019-06-28 09:30:00.000000084,100017,100,100010,300,100023,100,100004,100,100043,100,99999,100,100046,100,99998,100,100050,100,99991,100,100057,100,99990,100,100072,100,99984,100,100075,100,99983,100,100081,100,99981,100,100097,100,99975,100
2019-06-28 09:30:00.000000087,100017,100,100010,300,100023,100,100004,100,100043,100,99999,100,100046,100,99998,100,100050,100,99991,100,100057,100,99990,100,100072,100,99984,100,100075,100,99983,100,100081,100,99981,100,100097,100,99975,100
2019-06-28 09:30:00.000000089,100023,100,100010,300,100043,100,100004,100,100046,100,99999,100,100050,100,99998,100,100057,100,99991,100,100072,100,99990,100,100075,100,99984,100,100081,100,99983,100,100095,100,99981,100,100097,100,99975,100
2019-06-28 09:30:00.000000090,100023,100,100010,300,100043,100,100004,100,100046,100,99999,100,100050,100,99998,100,100057,100,99991,100,100072,100,99990,100,100075,100,99984,100,100081,100,99983,100,100095,100,99981,100,100097,100,99975,100
2019-06-28 09:30:00.000000091,100023,100,100010,200,100043,100,100004,100,100046,100,99999,100,100050,100,99998,100,100057,100,99991,100,100072,100,99990,100,100075,100,99984,100,100081,100,99983,100,100095,100,99981,100,100097,100,99975,100
2019-06-28 09:30:00.000000093,100023,100,100010,200,100025,100,100004,100,100043,100,99999,100,100046,100,99998,100,100050,100,99991,100,100057,100,99990,100,100072,100,99984,100,100075,100,99983,100,100081,100,99981,100,100095,100,99975,100
2019-06-28 09:30:00.000000095,100023,100,100010,200,100025,100,100004,100,100043,100,99999,100,100046,100,99998,100,100050,100,99991,100,100057,100,99990,100,100072,100,99984,100,100075,100,99983,100,100081,100,99981,100,100092,100,99975,100
2019-06-28 09:30:00.000000096,100017,100,100010,200,100023,100,100004,100,100025,100,99999,100,100043,100,99998,100,100046,100,99991,100,100050,100,99990,100,100057,100,99984,100,100072,100,99983,100,100075,100,99981,100,100081,100,99975,100
2019-06-28 09:30:00.000000097,100023,100,100010,200,100025,100,100004,100,100043,100,99999,100,100046,100,99998,100,100050,100,99991,100,100057,100,99990,100,100072,100,99984,100,100075,100,99983,100,100081,100,99981,100,100092,100,99975,100
2019-06-28 09:30:00.000000098,100023,100,100010,200,100025,100,100004,100,100043,100,100001,100,100046,100,99999,100,100050,100,99998,100,100057,100,99991,100,100072,100,99990,100,100075,100,99984,100,100081,100,99983,100,100092,100,99981,100
2019-06-28 09:30:06.144346752,100017,100,100010,200,100023,100,100004,100,100025,100,100001,100,100043,100,99999,100,100046,100,99998,100,100050,100,99991,100,100057,100,99990,100,100072,100,99984,100,100075,100,99983,100,100081,100,99981,100
2019-06-28 09:30:10.000000000,100017,331,100010,431,100023,331,100004,331,100025,100,100001,100,100043,100,99999,100,100046,100,99998,100,100050,100,99991,100,100057,100,99990,100,100072,100,99984,100,100075,100,99983,100,100081,100,99981,100
2019-06-28 09:30:20.000000000,100017,192,100010,292,100023,192,100004,192,100025,192,100001,192,100043,192,99999,192,100046,192,99998,192,100050,100,99991,100,100057,100,99990,100,100072,100,99984,100,100075,100,99983,100,100081,100,99981,100
2019-06-28 09:30:20.448404473,100017,192,100010,292,100023,192,100004,192,100025,192,100001,192,100043,192,99999,192,100046,192,99998,192,100050,100,99991,100,100057,100,99990,100,100072,100,99984,100,100075,100,99983,100,100081,100,99981,100
2019-06-28 09:30:26.162314603,100017,292,100010,292,100023,192,100004,192,100025,192,100001,192,100043,192,99999,192,100046,192,99998,192,100050,100,99991,100,100057,100,99990,100,100072,100,99984,100,100075,100,99983,100,100081,100,99981,100
2019-06-28 09:30:30.000000000,100017,431,100010,431,100023,331,100004,331,100025,100,100001,100,100043,100,99999,100,100046,100,99998,100,100050,100,99991,100,100057,100,99990,100,100072,100,99984,100,100075,100,99983,100,100081,100,99981,100
2019-06-28 09:30:40.000000000,100017,316,100010,316,100023,216,100004,216,100025,216,100001,216,100043,216,99999,216,100046,100,99998,100,100050,100,99991,100,100057,100,99990,100,100072,100,99984,100,100075,100,99983,100,100081,100,99981,100
2019-06-28 09:30:41.174874100,100017,316,100010,216,100023,216,100004,216,100025,216,100001,216,100043,216,99999,216,100046,100,99998,100,100050,100,99991,100,100057,100,99990,100,100072,100,99984,100,100075,100,99981,100,100081,100,99968,100
2019-06-28 09:30:50.000000000,100017,431,100010,331,100023,331,100004,331,100025,100,100001,100,100043,100,99999,100,100046,100,99998,100,100050,100,99991,100,100057,100,99990,100,100072,100,99984,100,100075,100,99981,100,100081,100,99968,100
2019-06-28 09:31:00.000000000,100017,662,100010,562,100023,100,100004,100,100025,100,100001,100,100043,100,99999,100,100046,100,99998,100,100050,100,99991,100,100057,100,99990,100,100072,100,99984,100,100075,100,99981,100,100081,100,99968,100
2019-06-28 09:31:10.000000000,100017,357,100010,257,100023,252,100004,252,100025,252,100001,252,100043,100,99999,100,100046,100,99998,100,100050,100,99991,100,100057,100,99990,100,100072,100,99984,100,100075,100,99981,100,100081,100,99968,100
2019-06-28 09:31:18.470720446,100017,257,100010,257,100023,252,100004,252,100025,252,100001,252,100043,100,99999,100,100046,100,99998,100,100050,100,99991,100,100057,100,99990,100,100072,100,99984,100,100075,100,99981,100,100081,100,99968,100
2019-06-28 09:31:20.000000000,100017,562,100010,562,100023,100,100004,100,100025,100,100001,100,100043,100,99999,100,100046,100,99998,100,100050,100,99991,100,100057,100,99990,100,100072,100,99984,100,100075,100,99981,100,100081,100,99968,100
2019-06-28 09:31:20.862283685,100017,562,100010,562,100023,100,100004,100,100025,100,100001,100,100043,100,99999,100,100046,100,99998,100,100050,100,99991,100,100057,100,99990,100,100072,100,99981,100,100075,100,99968,100,100081,100,99954,100
2019-06-28 09:31:26.998212850,100016,100,100010,562,100017,562,100004,100,100023,100,100001,100,100025,100,99999,100,100043,100,99998,100,100046,100,99991,100,100050,100,99990,100,100057,100,99981,100,100072,100,99968,100,100075,100,99954,100
2019-06-28 09:31:30.000000000,100016,562,100010,562,100017,100,100004,100,100023,100,100001,100,100025,100,99999,100,100043,100,99998,100,100046,100,99991,100,100050,100,99990,100,100057,100,99981,100,100072,100,99968,100,100075,100,99954,100
2019-06-28 09:31:40.000000000,100016,562,100010,562,100017,100,100004,100,100023,100,100001,100,100025,100,99999,100,100043,100,99998,100,100046,100,99991,100,100050,100,99990,100,100057,100,99981,100,100072,100,99968,100,100075,100,99954,100
2019-06-28 09:31:41.155405178,100016,562,100010,562,100017,100,100004,100,100023,100,100001,100,100025,100,99999,100,100043,100,99998,100,100046,100,99991,100,100050,100,99990,100,100057,100,99981,100,100072,100,99968,100,100075,100,99954,100
2019-06-28 09:31:50.000000000,100016,216,100010,216,100017,216,100004,216,100023,216,100001,216,100025,216,99999,216,100043,100,99998,100,100046,100,99991,100,100050,100,99990,100,100057,100,99981,100,100072,100,99968,100,100075,100,99954,100
2019-06-28 09:31:55.996434888,100016,216,100010,216,100017,216,100004,216,100023,216,100001,216,100025,216,99999,216,100043,100,99998,100,100046,100,99991,100,100050,100,99990,100,100057,100,99981,100,100072,100,99968,100,100075,100,99954,100
2019-06-28 09:32:00.000000000,100016,216,100010,216,100017,216,100004,216,100023,216,100001,216,100025,216,99999,216,100043,100,99998,100,100046,100,99991,100,100050,100,99990,100,100057,100,99981,100,100072,100,99968,100,100075,100,99954,100
2019-06-28 09:32:03.944517914,100016,216,100011,100,100017,216,100010,216,100023,216,100004,216,100025,216,100001,216,100043,100,99999,216,100046,100,99998,100,100050,100,99991,100,100057,100,99990,100,100072,100,99981,100,100075,100,99968,100
2019-06-28 09:32:10.000000000,100016,331,100011,331,100017,331,100010,331,100023,100,100004,100,100025,100,100001,100,100043,100,99999,100,100046,100,99998,100,100050,100,99991,100,100057,100,99990,100,100072,100,99981,100,100075,100,99968,100
2019-06-28 09:32:20.000000000,100016,257,100011,257,100017,252,100010,252,100023,252,100004,252,100025,100,100001,100,100043,100,99999,100,100046,100,99998,100,100050,100,99991,100,100057,100,99990,100,100072,100,99981,100,100075,100,99968,100
2019-06-28 09:32:20.537092464,100016,257,100011,257,100017,252,100010,252,100023,252,100004,252,100025,100,100001,100,100043,100,99999,100,100046,100,99998,100,100050,100,99993,100,100057,100,99991,100,100072,100,99990,100,100075,100,99981,100
2019-06-28 09:32:22.620528649,100016,257,100011,257,100017,252,100010,252,100023,252,100004,252,100025,100,100001,100,100043,100,99999,100,100046,100,99998,100,100050,100,99993,100,100057,100,99991,100,100072,100,99990,100,100075,100,99981,100
2019-06-28 09:32:30.000000000,100016,216,100011,216,100017,216,100010,216,100023,216,100004,216,100025,216,100001,216,100043,100,99999,100,100046,100,99998,100,100050,100,99993,100,100057,100,99991,100,100072,100,99990,100,100075,100,99981,100
2019-06-28 09:32:30.584368901,100016,116,100011,216,100017,216,100010,216,100023,216,100004,216,100025,216,100001,216,100043,100,99999,100,100046,100,99998,100,100050,100,99993,100,100057,100,99991,100,100072,100,99990,100,100075,100,99981,100
2019-06-28 09:32:31.921933579,100016,16,100011,216,100017,216,100010,216,100023,216,100004,216,100025,216,100001,116,100043,100,99999,100,100046,100,99998,100,100050,100,99993,100,100057,100,99991,100,100072,100,99990,100,100075,100,99981,100
2019-06-28 09:32:40.000000000,100017,216,100011,216,100023,216,100010,216,100025,216,100004,216,100043,216,99999,216,100046,100,99998,100,100050,100,99993,100,100057,100,99991,100,100072,100,99990,100,100075,100,99981,100,100081,100,99968,100
2019-06-28 09:32:50.000000000,100017,216,100011,216,100023,216,100010,216,100025,216,100004,216,100043,216,99999,216,100046,100,99998,100,100050,100,99993,100,100057,100,99991,100,100072,100,99990,100,100075,100,99981,100,100081,100,99968,100
2019-06-28 09:32:52.718992194,100017,216,100011,216,100023,216,100010,216,100025,216,100004,116,100043,216,99999,216,100046,100,99998,100,100050,100,99993,100,100057,100,99991,100,100072,100,99990,100,100075,100,99981,100,100081,100,99968,100
2019-06-28 09:33:00.000000000,100017,192,100011,192,100023,192,100010,192,100025,192,99999,192,100043,192,99998,192,100046,192,99993,192,100050,100,99991,100,100057,100,99990,100,100072,100,99981,100,100075,100,99968,100,100081,100,99954,100
2019-06-28 09:33:10.000000000,100017,331,100011,331,100023,331,100010,331,100025,100,99999,100,100043,100,99998,100,100046,100,99993,100,100050,100,99991,100,100057,100,99990,100,100072,100,99981,100,100075,100,99968,100,100081,100,99954,100
2019-06-28 09:33:11.082867173,100015,100,100011,331,100017,331,100010,331,100023,331,99999,100,100025,100,99998,100,100043,100,99993,100,100046,100,99991,100,100050,100,99990,100,100057,100,99981,100,100072,100,99968,100,100075,100,99954,100
2019-06-28 09:33:20.000000000,100015,216,100011,216,100017,216,100010,216,100023,216,99999,216,100025,216,99998,216,100043,100,99993,100,100046,100,99991,100,100050,100,99990,100,100057,100,99981,100,100072,100,99968,100,100075,100,99954,100
2019-06-28 09:33:24.089500216,100015,216,100011,116,100017,216,100010,216,100023,216,99999,216,100025,216,99998,216,100043,100,99993,100,100046,100,99991,100,100050,100,99990,100,100057,100,99981,100,100072,100,99968,100,100075,100,99954,100
2019-06-28 09:33:30.000000000,100015,192,100010,192,100017,192,99999,192,100023,192,99998,192,100025,192,99993,192,100043,192,99991,192,100046,100,99990,100,100050,100,99981,100,100057,100,99968,100,100072,100,99954,100,100075,100,99943,100
2019-06-28 09:33:40.000000000,100015,257,100010,257,100017,252,99999,252,100023,252,99998,252,100025,100,99993,100,100043,100,99991,100,100046,100,99990,100,100050,100,99981,100,100057,100,99968,100,100072,100,99954,100,100075,100,99943,100
2019-06-28 09:33:45.743601593,100015,257,100012,100,100017,252,100010,257,100023,252,99999,252,100025,100,99998,252,100043,100,99993,100,100046,100,99991,100,100050,100,99990,100,100057,100,99981,100,100072,100,99968,100,100075,100,99954,100
2019-06-28 09:33:50.000000000,100015,192,100012,192,100017,192,100010,192,100023,192,99999,192,100025,192,99998,192,100043,192,99993,192,100046,100,99991,100,100050,100,99990,100,100057,100,99981,100,100072,100,99968,100,100075,100,99954,100
2019-06-28 09:34:00.000000000,100015,216,100012,216,100017,216,100010,216,100023,216,99999,216,100025,216,99998,216,100043,100,99993,100,100046,100,99991,100,100050,100,99990,100,100057,100,99981,100,100072,100,99968,100,100075,100,99954,100
2019-06-28 09:34:08.120637141,100014,100,100012,216,100015,216,100010,216,100017,216,99999,216,100023,216,99998,216,100025,216,99993,100,100043,100,99991,100,100046,100,99990,100,100050,100,99981,100,100057,100,99968,100,100072,100,99954,100
2019-06-28 09:34:10.000000000,100014,192,100012,192,100015,192,100010,192,100017,192,99999,192,100023,192,99998,192,100025,192,99993,192,100043,100,99991,100,100046,100,99990,100,100050,100,99981,100,100057,100,99968,100,100072,100,99954,100
2019-06-28 09:34:17.796183050,100014,192,100012,92,100015,192,100010,192,100017,192,99999,192,100023,192,99998,192,100025,192,99993,92,100043,100,99991,100,100046,100,99990,100,100050,100,99981,100,100057,100,99968,100,100072,100,99954,100
2019-06-28 09:34:20.000000000,100014,331,100010,331,100015,331,99999,331,100017,100,99998,100,100023,100,99991,100,100025,100,99990,100,100043,100,99981,100,100046,100,99968,100,100050,100,99954,100,100057,100,99943,100,100072,100,99941,100
2019-06-28 09:34:30.000000000,100014,331,100010,331,100015,331,99999,331,100017,100,99998,100,100023,100,99991,100,100025,100,99990,100,100043,100,99981,100,100046,100,99968,100,100050,100,99954,100,100057,100,99943,100,100072,100,99941,100
2019-06-28 09:34:31.648147828,100014,331,100010,331,100015,331,99999,331,100017,100,99998,100,100023,100,99991,100,100043,100,99990,100,100046,100,99981,100,100050,100,99968,100,100057,100,99954,100,100072,100,99943,100,100075,100,99941,100
2019-06-28 09:34:40.000000000,100014,192,100010,192,100015,192,99999,192,100017,192,99998,192,100023,192,99991,192,100043,192,99990,192,100046,100,99981,100,100050,100,99968,100,100057,100,99954,100,100072,100,99943,100,100075,100,99941,100
2019-06-28 09:34:50.000000000,100014,257,100010,257,100015,252,99999,252,100017,252,99998,252,100023,100,99991,100,100043,100,99990,100,100046,100,99981,100,100050,100,99968,100,100057,100,99954,100,100072,100,99943,100,100075,100,99941,100
2019-06-28 09:35:00.000000000,100014,216,100010,216,100015,216,99999,216,100017,216,99998,216,100023,216,99991,216,100043,100,99990,100,100046,100,99981,100,100050,100,99968,100,100057,100,99954,100,100072,100,99943,100,100075,100,99941,100
2019-06-28 09:35:02.523986639,100014,216,100010,116,100015,216,99999,216,100017,216,99998,216,100023,216,99991,216,100043,100,99990,100,100046,100,99968,100,100050,100,99954,100,100057,100,99943,100,100072,100,99941,100,100075,100,99929,100
2019-06-28 09:35:04.467266001,100014,216,100010,116,100015,216,99999,216,100017,216,99998,216,100023,216,99991,216,100043,100,99990,100,100046,100,99968,100,100050,100,99954,100,100057,100,99943,100,100072,100,99941,100,100075,100,99929,100
2019-06-28 09:35:10.000000000,100014,562,99999,562,100015,100,99998,100,100017,100,99991,100,100023,100,99990,100,100043,100,99968,100,100046,100,99954,100,100050,100,99943,100,100057,100,99941,100,100072,100,99929,100,100075,100,99925,200
2019-06-28 09:35:11.284151515,100012,100,99999,562,100014,562,99998,100,100015,100,99991,100,100017,100,99990,100,100023,100,99968,100,100046,100,99954,100,100050,100,99943,100,100057,100,99941,100,100072,100,99929,100,100075,100,99925,200
2019-06-28 09:35:20.000000000,100012,562,99999,562,100014,100,99998,100,100015,100,99991,100,100017,100,99990,100,100023,100,99968,100,100046,100,99954,100,100050,100,99943,100,100057,100,99941,100,100072,100,99929,100,100075,100,99925,200
2019-06-28 09:35:24.722062227,100012,662,99999,562,100014,100,99998,100,100015,100,99991,100,100017,100,99990,100,100023,100,99968,100,100046,100,99954,100,100050,100,99943,100,100057,100,99941,100,100072,100,99929,100,100075,100,99925,200
2019-06-28 09:35:26.239825590,100012,762,99999,562,100014,100,99998,100,100015,100,99991,100,100017,100,99990,100,100023,100,99968,100,100046,100,99954,100,100050,100,99943,100,100057,100,99941,100,100072,100,99929,100,100075,100,99925,200
2019-06-28 09:35:26.789114074,100012,862,99999,562,100014,100,99998,100,100015,100,99991,100,100017,100,99990,100,100023,100,99968,100,100046,100,99954,100,100050,100,99943,100,100057,100,99941,100,100072,100,99929,100,100075,100,99925,200
2019-06-28 09:35:30.000000000,100012,631,99999,331,100014,331,99998,331,100015,100,99991,100,100017,100,99990,100,100023,100,99968,100,100046,100,99954,100,100050,100,99943,100,100057,100,99941,100,100072,100,99929,100,100075,100,99925,200
2019-06-28 09:35:40.000000000,100012,516,99999,216,100014,216,99998,216,100015,216,99991,216,100017,216,99990,216,100023,100,99968,100,100046,100,99954,100,100050,100,99943,100,100057,100,99941,100,100072,100,99929,100,100075,100,99925,200
2019-06-28 09:35:50.000000000,100012,557,99999,257,100014,252,99998,252,100015,252,99991,252,100017,100,99990,100,100023,100,99968,100,100046,100,99954,100,100050,100,99943,100,100057,100,99941,100,100072,100,99929,100,100075,100,99925,200
2019-06-28 09:36:00.000000000,100012,862,99999,562,100014,100,99998,100,100015,100,99991,100,100017,100,99990,100,100023,100,99968,100,100046,100,99954,100,100050,100,99943,100,100057,100,99941,100,100072,100,99929,100,100075,100,99925,200
2019-06-28 09:36:10.000000000,100012,631,99999,331,100014,331,99998,331,100015,100,99991,100,100017,100,99990,100,100023,100,99968,100,100046,100,99954,100,100050,100,99943,100,100057,100,99941,100,100072,100,99929,100,100075,100,99925,200
2019-06-28 09:36:20.000000000,100012,557,99999,257,100014,252,99998,252,100015,252,99991,252,100017,100,99990,100,100023,100,99968,100,100046,100,99954,100,100050,100,99943,100,100057,100,99941,100,100072,100,99929,100,100075,100,99925,200
2019-06-28 09:36:30.000000000,100012,516,99999,216,100014,216,99998,216,100015,216,99991,216,100017,216,99990,216,100023,100,99968,100,100046,100,99954,100,100050,100,99943,100,100057,100,99941,100,100072,100,99929,100,100075,100,99925,200
2019-06-28 09:36:32.657657038,100012,516,99999,116,100014,216,99998,216,100015,216,99991,216,100017,216,99990,216,100023,100,99968,100,100046,100,99954,100,100050,100,99943,100,100057,100,99941,100,100072,100,99929,100,100075,100,99925,200
2019-06-28 09:36:40.000000000,100012,557,99998,257,100014,252,99991,252,100015,252,99990,252,100017,100,99968,100,100023,100,99954,100,100046,100,99943,100,100050,100,99941,100,100057,100,99929,100,100072,100,99925,200,100075,100,99916,100
2019-06-28 09:36:48.198927177,100012,557,99998,257,100014,252,99991,252,100015,252,99990,252,100017,100,99968,100,100023,100,99954,100,100046,100,99943,100,100050,100,99941,100,100057,100,99929,100,100072,100,99925,200,100075,100,99916,100
2019-06-28 09:36:50.000000000,100012,516,99998,216,100014,216,99991,216,100015,216,99990,216,100017,216,99968,216,100023,100,99954,100,100046,100,99943,100,100050,100,99941,100,100057,100,99929,100,100072,100,99925,200,100075,100,99916,100
2019-06-28 09:36:51.952273479,100012,516,99998,216,100014,216,99991,216,100015,216,99990,216,100017,216,99968,216,100023,100,99954,100,100046,100,99943,100,100050,100,99941,100,100057,100,99929,100,100072,100,99925,200,100075,100,99916,100
2019-06-28 09:36:52.125068010,100010,100,99998,216,100012,516,99991,216,100014,216,99990,216,100015,216,99968,216,100017,216,99954,100,100023,100,99943,100,100046,100,99941,100,100050,100,99929,100,100057,100,99925,200,100072,100,99916,100
2019-06-28 09:37:00.000000000,100010,257,99998,257,100012,552,99991,252,100014,252,99990,252,100015,100,99968,100,100017,100,99954,100,100023,100,99943,100,100046,100,99941,100,100050,100,99929,100,100057,100,99925,200,100072,100,99916,100
2019-06-28 09:37:10.000000000,100010,562,99998,562,100012,400,99991,100,100014,100,99990,100,100015,100,99968,100,100017,100,99954,100,100023,100,99943,100,100046,100,99941,100,100050,100,99929,100,100057,100,99925,200,100072,100,99916,100
2019-06-28 09:37:16.982186243,100010,562,99998,562,100012,400,99991,100,100014,100,99990,100,100015,100,99968,100,100017,100,99954,100,100023,100,99941,100,100046,100,99929,100,100050,100,99925,200,100057,100,99916,100,100072,100,99911,100
2019-06-28 09:37:20.000000000,100010,216,99998,216,100012,516,99991,216,100014,216,99990,216,100015,216,99968,216,100017,100,99954,100,100023,100,99941,100,100046,100,99929,100,100050,100,99925,200,100057,100,99916,100,100072,100,99911,100
2019-06-28 09:37:21.650535214,100010,216,99998,116,100012,516,99991,216,100014,216,99990,216,100015,216,99968,216,100017,100,99954,100,100023,100,99941,100,100046,100,99929,100,100050,100,99925,200,100057,100,99916,100,100072,100,99911,100
2019-06-28 09:37:30.000000000,100010,331,99991,331,100012,631,99990,331,100014,100,99968,100,100015,100,99954,100,100017,100,99941,100,100023,100,99929,100,100046,100,99925,200,100050,100,99916,100,100057,100,99911,100,100072,100,99899,100
2019-06-28 09:37:30.478772407,99999,100,99991,331,100010,331,99990,331,100012,631,99968,100,100014,100,99954,100,100015,100,99941,100,100017,100,99929,100,100023,100,99925,200,100046,100,99916,100,100050,100,99911,100,100057,100,99899,100
2019-06-28 09:37:33.007293525,99999,100,99991,331,100010,331,99990,331,100012,631,99968,100,100014,100,99954,100,100015,100,99941,100,100017,100,99929,100,100023,100,99925,200,100046,100,99916,100,100050,100,99911,100,100057,100,99899,100
2019-06-28 09:37:35.166368210,99999,200,99991,331,100010,331,99990,331,100012,631,99968,100,100014,100,99954,100,100015,100,99941,100,100017,100,99929,100,100023,100,99925,200,100046,100,99916,100,100050,100,99911,100,100057,100,99899,100
2019-06-28 09:37:40.000000000,99999,292,99991,192,100010,192,99990,192,100012,492,99968,192,100014,192,99954,192,100015,192,99941,192,100017,100,99929,100,100023,100,99925,200,100046,100,99916,100,100050,100,99911,100,100057,100,99899,100
2019-06-28 09:37:42.838903729,99999,292,99991,192,100010,192,99990,192,100012,492,99968,192,100014,192,99954,192,100015,192,99941,192,100017,100,99925,200,100023,100,99916,100,100046,100,99911,100,100050,100,99899,100,100057,100,99880,100
2019-06-28 09:37:50.000000000,99999,431,99991,331,100010,331,99990,331,100012,400,99968,100,100014,100,99954,100,100015,100,99941,100,100017,100,99925,200,100023,100,99916,100,100046,100,99911,100,100050,100,99899,100,100057,100,99880,100
2019-06-28 09:38:00.000000000,99999,292,99991,192,100010,192,99990,192,100012,492,99968,192,100014,192,99954,192,100015,192,99941,192,100017,100,99925,200,100023,100,99916,100,100046,100,99911,100,100050,100,99899,100,100057,100,99880,100
2019-06-28 09:38:10.000000000,99999,662,99991,562,100010,100,99990,100,100012,400,99968,100,100014,100,99954,100,100015,100,99941,100,100017,100,99925,200,100023,100,99916,100,100046,100,99911,100,100050,100,99899,100,100057,100,99880,100
2019-06-28 09:38:20.000000000,99999,292,99991,192,100010,192,99990,192,100012,492,99968,192,100014,192,99954,192,100015,192,99941,192,100017,100,99925,200,100023,100,99916,100,100046,100,99911,100,100050,100,99899,100,100057,100,99880,100
2019-06-28 09:38:30.000000000,99999,431,99991,331,100010,331,99990,331,100012,400,99968,100,100014,100,99954,100,100015,100,99941,100,100017,100,99925,200,100023,100,99916,100,100046,100,99911,100,100050,100,99899,100,100057,100,99880,100
2019-06-28 09:38:40.000000000,99999,357,99991,257,100010,252,99990,252,100012,552,99968,252,100014,100,99954,100,100015,100,99941,100,100017,100,99925,200,100023,100,99916,100,100046,100,99911,100,100050,100,99899,100,100057,100,99880,100
2019-06-28 09:38:50.000000000,99999,316,99991,216,100010,216,99990,216,100012,516,99968,216,100014,216,99954,216,100015,100,99941,100,100017,100,99925,200,100023,100,99916,100,100046,100,99911,100,100050,100,99899,100,100057,100,99880,100
2019-06-28 09:38:50.796704424,99999,316,99991,116,100010,216,99990,216,100012,516,99968,216,100014,216,99954,216,100015,100,99941,100,100017,100,99925,200,100023,100,99916,100,100046,100,99911,100,100050,100,99899,100,100057,100,99880,100
2019-06-28 09:39:00.000000000,99999,316,99990,216,100010,216,99968,216,100012,516,99954,216,100014,216,99941,216,100015,100,99925,200,100017,100,99916,100,100023,100,99911,100,100046,100,99899,100,100050,100,99880,100,100057,100,99870,100
2019-06-28 09:39:08.737814349,99999,316,99990,116,100010,216,99968,216,100012,516,99954,216,100014,216,99941,116,100015,100,99925,200,100017,100,99916,100,100023,100,99911,100,100046,100,99899,100,100050,100,99880,100,100057,100,99870,100
2019-06-28 09:39:10.000000000,99999,292,99968,192,100010,192,99954,192,100012,492,99925,292,100014,192,99916,192,100015,192,99911,192,100017,100,99899,100,100023,100,99880,100,100046,100,99870,100,100050,100,99865,100,100057,100,99749,100
2019-06-28 09:39:15.952915732,99999,292,99968,192,100010,192,99954,192,100012,492,99925,292,100014,192,99916,192,100015,192,99911,192,100017,100,99899,100,100023,100,99880,100,100046,100,99870,100,100050,100,99865,100,100057,100,99749,100
2019-06-28 09:39:20.000000000,99999,292,99968,192,100010,192,99954,192,100012,492,99925,292,100014,192,99916,192,100015,192,99911,192,100017,100,99899,100,100023,100,99880,100,100046,100,99870,100,100050,100,99865,100,100057,100,99749,100
2019-06-28 09:39:22.464290439,99999,292,99968,192,100010,192,99954,192,100012,492,99925,292,100014,192,99916,192,100015,192,99911,192,100017,100,99899,100,100023,100,99880,100,100050,100,99870,100,100057,100,99865,100,100072,100,99749,100
2019-06-28 09:39:30.000000000,99999,316,99968,216,100010,216,99954,216,100012,516,99925,316,100014,216,99916,216,100015,100,99911,100,100017,100,99899,100,100023,100,99880,100,100050,100,99870,100,100057,100,99865,100,100072,100,99749,100
2019-06-28 09:39:38.240028026,99999,316,99968,116,100010,216,99954,216,100012,516,99925,316,100014,216,99916,216,100015,100,99911,100,100017,100,99899,100,100023,100,99870,100,100050,100,99865,100,100057,100,99749,100,100072,100,99744,100
2019-06-28 09:39:40.000000000,99999,357,99954,257,100010,252,99925,352,100012,552,99916,252,100014,100,99911,100,100015,100,99899,100,100017,100,99870,100,100023,100,99865,100,100050,100,99749,100,100057,100,99744,100,100072,100,99636,100
2019-06-28 09:39:50.000000000,99999,316,99954,216,100010,216,99925,316,100012,516,99916,216,100014,216,99911,216,100015,100,99899,100,100017,100,99870,100,100023,100,99865,100,100050,100,99749,100,100057,100,99744,100,100072,100,99636,100
2019-06-28 09:39:50.707765195,99999,316,99954,116,100010,216,99925,316,100012,516,99916,216,100014,216,99911,216,100015,100,99899,100,100017,100,99870,100,100023,100,99865,100,100050,100,99749,100,100057,100,99744,100,100072,100,99636,100
2019-06-28 09:40:00.000000000,99999,662,99925,662,100010,100,99916,100,100012,400,99911,100,100014,100,99899,100,100015,100,99870,100,100017,100,99865,100,100023,100,99749,100,100050,100,99744,100,100057,100,99636,100,100072,100,99614,100
2019-06-28 09:40:01.702691348,99999,662,99925,562,100010,100,99916,100,100012,400,99911,100,100014,100,99899,100,100015,100,99870,100,100017,100,99865,100,100023,100,99749,100,100050,100,99744,100,100057,100,99636,100,100072,100,99614,100
2019-06-28 09:40:10.000000000,99999,662,99925,562,100010,100,99916,100,100012,400,99911,100,100014,100,99899,100,100015,100,99870,100,100017,100,99865,100,100023,100,99749,100,100050,100,99744,100,100057,100,99636,100,100072,100,99614,100
2019-06-28 09:40:11.802665945,99999,662,99925,462,100010,100,99916,100,100012,400,99911,100,100014,100,99899,100,100015,100,99870,100,100017,100,99865,100,100023,100,99749,100,100050,100,99744,100,100057,100,99636,100,100072,100,99614,100
2019-06-28 09:40:20.000000000,99999,662,99916,562,100010,100,99911,100,100012,400,99899,100,100014,100,99870,100,100015,100,99865,100,100017,100,99749,100,100023,100,99744,100,100050,100,99636,100,100057,100,99614,100,100072,100,98027,100
2019-06-28 09:40:26.528605439,99954,100,99916,562,99999,662,99911,100,100010,100,99899,100,100012,400,99870,100,100014,100,99865,100,100015,100,99749,100,100017,100,99744,100,100023,100,99636,100,100050,100,99614,100,100057,100,98027,100
2019-06-28 09:40:30.000000000,99954,257,99916,257,99999,352,99911,252,100010,252,99899,252,100012,400,99870,100,100014,100,99865,100,100015,100,99749,100,100017,100,99744,100,100023,100,99636,100,100050,100,99614,100,100057,100,98027,100
2019-06-28 09:40:40.000000000,99954,192,99916,192,99999,292,99911,192,100010,192,99899,192,100012,492,99870,192,100014,192,99865,192,100015,100,99749,100,100017,100,99744,100,100023,100,99636,100,100050,100,99614,100,100057,100,98027,100
2019-06-28 09:40:50.000000000,99954,331,99916,331,99999,431,99911,331,100010,100,99899,100,100012,400,99870,100,100014,100,99865,100,100015,100,99749,100,100017,100,99744,100,100023,100,99636,100,100050,100,99614,100,100057,100,98027,100
2019-06-28 09:40:54.910246980,99954,331,99916,331,99999,431,99911,331,100010,100,99899,100,100012,400,99870,100,100014,100,99865,100,100017,100,99749,100,100023,100,99744,100,100050,100,99636,100,100057,100,99614,100,100072,100,98027,100
2019-06-28 09:41:00.000000000,99954,331,99916,331,99999,431,99911,331,100010,100,99899,100,100012,400,99870,100,100014,100,99865,100,100017,100,99749,100,100023,100,99744,100,100050,100,99636,100,100057,100,99614,100,100072,100,98027,100
2019-06-28 09:41:05.711446863,99954,431,99916,331,99999,431,99911,331,100010,100,99899,100,100012,400,99870,100,100014,100,99865,100,100017,100,99749,100,100023,100,99744,100,100050,100,99636,100,100057,100,99614,100,100072,100,98027,100
2019-06-28 09:41:09.612151828,99954,431,99916,331,99999,431,99911,331,100010,100,99899,100,100012,400,99870,100,100014,100,99865,100,100017,100,99749,100,100023,100,99744,100,100050,100,99636,100,100057,100,99614,100,100072,100,98929,100
2019-06-28 09:41:10.000000000,99954,292,99916,192,99999,292,99911,192,100010,192,99899,192,100012,492,99870,192,100014,192,99865,192,100017,100,99749,100,100023,100,99744,100,100050,100,99636,100,100057,100,99614,100,100072,100,98929,100
2019-06-28 09:41:17.811197335,99954,292,99916,192,99999,292,99911,192,100010,192,99899,192,100012,492,99870,192,100014,192,99865,192,100017,100,99749,100,100023,100,99744,100,100050,100,99636,100,100057,100,99614,100,100072,100,98929,100
2019-06-28 09:41:20.000000000,99954,292,99916,192,99999,292,99911,192,100010,192,99899,192,100012,492,99870,192,100014,192,99865,192,100017,100,99749,100,100023,100,99744,100,100050,100,99636,100,100057,100,99614,100,100072,100,98929,100
2019-06-28 09:41:20.516529671,99954,292,99916,92,99999,292,99911,192,100010,192,99899,92,100012,492,99870,192,100014,192,99865,192,100017,100,99749,100,100023,100,99744,100,100050,100,99636,100,100057,100,99614,100,100072,100,98929,100
2019-06-28 09:41:26.031221490,99954,292,99916,92,99999,292,99911,192,100010,192,99899,92,100012,492,99870,192,100014,192,99865,192,100017,100,99749,100,100023,100,99744,100,100050,100,99636,100,100057,100,99614,100,100072,100,99003,100
2019-06-28 09:41:27.421251289,99954,292,99916,92,99999,292,99911,192,100010,192,99899,92,100012,492,99870,192,100014,192,99865,192,100017,100,99744,100,100023,100,99636,100,100050,100,99614,100,100057,100,99003,100,100072,100,98929,100
2019-06-28 09:41:30.000000000,99954,662,99911,562,99999,200,99870,100,100010,100,99865,100,100012,400,99744,100,100014,100,99636,100,100017,100,99614,100,100023,100,99003,100,100050,100,98929,100,100057,100,98719,100,100072,100,98665,100
2019-06-28 09:41:33.123460803,99954,662,99911,562,99999,200,99870,100,100010,100,99865,100,100012,400,99744,100,100017,100,99636,100,100023,100,99614,100,100050,100,99003,100,100057,100,98929,100,100072,100,98719,100,100075,100,98665,100
2019-06-28 09:41:34.992346431,99925,100,99911,562,99954,662,99870,100,99999,200,99865,100,100010,100,99744,100,100012,400,99636,100,100017,100,99614,100,100023,100,99003,100,100050,100,98929,100,100057,100,98719,100,100072,100,98665,100
2019-06-28 09:41:40.000000000,99925,562,99911,562,99954,200,99870,100,99999,200,99865,100,100010,100,99744,100,100012,400,99636,100,100017,100,99614,100,100023,100,99003,100,100050,100,98929,100,100057,100,98719,100,100072,100,98665,100
2019-06-28 09:41:50.000000000,99925,257,99911,257,99954,352,99870,252,99999,352,99865,252,100010,100,99744,100,100012,400,99636,100,100017,100,99614,100,100023,100,99003,100,100050,100,98929,100,100057,100,98719,100,100072,100,98665,100
2019-06-28 09:41:58.180779699,99925,257,99911,257,99954,352,99870,252,99999,352,99865,252,100010,100,99744,100,100012,400,99636,100,100017,100,99614,100,100023,100,99003,100,100050,100,98929,100,100057,100,98888,100,100072,100,98719,100
2019-06-28 09:42:00.000000000,99925,192,99911,192,99954,292,99870,192,99999,292,99865,192,100010,192,99744,192,100012,492,99636,192,100017,100,99614,100,100023,100,99003,100,100050,100,98929,100,100057,100,98888,100,100072,100,98719,100
2019-06-28 09:42:01.042479108,99925,192,99911,192,99954,292,99870,192,99999,292,99865,192,100010,192,99744,192,100012,492,99636,192,100017,100,99614,100,100023,100,99003,100,100050,100,98929,100,100057,100,98912,100,100072,100,98888,100
2019-06-28 09:42:10.000000000,99925,192,99911,192,99954,292,99870,192,99999,292,99865,192,100010,192,99744,192,100012,492,99636,192,100017,100,99614,100,100023,100,99003,100,100050,100,98929,100,100057,100,98912,100,100072,100,98888,100
2019-06-28 09:42:20.000000000,99925,257,99911,257,99954,352,99870,252,99999,352,99865,252,100010,100,99744,100,100012,400,99636,100,100017,100,99614,100,100023,100,99003,100,100050,100,98929,100,100057,100,98912,100,100072,100,98888,100
2019-06-28 09:42:30.000000000,99925,216,99911,216,99954,316,99870,216,99999,316,99865,216,100010,216,99744,216,100012,400,99636,100,100017,100,99614,100,100023,100,99003,100,100050,100,98929,100,100057,100,98912,100,100072,100,98888,100
2019-06-28 09:42:40.000000000,99925,331,99911,331,99954,431,99870,331,99999,200,99865,100,100010,100,99744,100,100012,400,99636,100,100017,100,99614,100,100023,100,99003,100,100050,100,98929,100,100057,100,98912,100,100072,100,98888,100
2019-06-28 09:42:50.000000000,99925,192,99911,192,99954,292,99870,192,99999,292,99865,192,100010,192,99744,192,100012,492,99636,192,100017,100,99614,100,100023,100,99003,100,100050,100,98929,100,100057,100,98912,100,100072,100,98888,100
2019-06-28 09:43:00.000000000,99925,331,99911,331,99954,431,99870,331,99999,200,99865,100,100010,100,99744,100,100012,400,99636,100,100017,100,99614,100,100023,100,99003,100,100050,100,98929,100,100057,100,98912,100,100072,100,98888,100
2019-06-28 09:43:04.553365183,99925,331,99911,331,99954,431,99870,331,99999,200,99865,100,100010,100,99744,100,100012,400,99636,100,100017,100,99003,100,100023,100,98929,100,100050,100,98912,100,100057,100,98888,100,100072,100,98719,100
2019-06-28 09:43:10.000000000,99925,192,99911,192,99954,292,99870,192,99999,292,99865,192,100010,192,99744,192,100012,492,99636,192,100017,100,99003,100,100023,100,98929,100,100050,100,98912,100,100057,100,98888,100,100072,100,98719,100
2019-06-28 09:43:20.000000000,99925,562,99911,562,99954,200,99870,100,99999,200,99865,100,100010,100,99744,100,100012,400,99636,100,100017,100,99003,100,100023,100,98929,100,100050,100,98912,100,100057,100,98888,100,100072,100,98719,100
2019-06-28 09:43:30.000000000,99925,331,99911,331,99954,431,99870,331,99999,200,99865,100,100010,100,99744,100,100012,400,99636,100,100017,100,99003,100,100023,100,98929,100,100050,100,98912,100,100057,100,98888,100,100072,100,98719,100
2019-06-28 09:43:40.000000000,99925,331,99911,331,99954,431,99870,331,99999,200,99865,100,100010,100,99744,100,100012,400,99636,100,100017,100,99003,100,100023,100,98929,100,100050,100,98912,100,100057,100,98888,100,100072,100,98719,100
2019-06-28 09:43:44.501489492,99925,331,99911,331,99954,431,99870,331,99999,200,99865,100,100010,100,99744,100,100012,400,99636,100,100017,100,99003,100,100023,100,98929,100,100050,100,98912,100,100057,100,98719,100,100072,100,98665,100
2019-06-28 09:43:50.000000000,99925,331,99911,331,99954,431,99870,331,99999,200,99865,100,100010,100,99744,100,100012,400,99636,100,100017,100,99003,100,100023,100,98929,100,100050,100,98912,100,100057,100,98719,100,100072,100,98665,100
2019-06-28 09:43:59.981166038,99925,331,99911,331,99954,431,99870,331,99999,200,99865,100,100010,100,99744,100,100012,400,99003,100,100017,100,98929,100,100023,100,98912,100,100050,100,98719,100,100057,100,98665,100,100072,100,98428,100
2019-06-28 09:44:00.000000000,99925,216,99911,216,99954,316,99870,216,99999,316,99865,216,100010,216,99744,216,100012,400,99003,100,100017,100,98929,100,100023,100,98912,100,100050,100,98719,100,100057,100,98665,100,100072,100,98428,100
2019-06-28 09:44:03.887576436,99925,216,99911,216,99954,316,99870,216,99999,316,99865,216,100010,216,99744,216,100012,400,99003,100,100017,100,98929,100,100023,100,98912,100,100050,100,98719,100,100057,100,98665,100,100072,100,98428,100
2019-06-28 09:44:04.888923731,99925,316,99911,216,99954,316,99870,216,99999,316,99865,216,100010,216,99744,216,100012,300,99003,100,100017,100,98929,100,100023,100,98912,100,100050,100,98719,100,100057,100,98665,100,100072,100,98428,100
2019-06-28 09:44:10.000000000,99925,662,99911,562,99954,200,99870,100,99999,200,99865,100,100010,100,99744,100,100012,300,99003,100,100017,100,98929,100,100023,100,98912,100,100050,100,98719,100,100057,100,98665,100,100072,100,98428,100
2019-06-28 09:44:20.000000000,99925,431,99911,331,99954,431,99870,331,99999,200,99865,100,100010,100,99744,100,100012,300,99003,100,100017,100,98929,100,100023,100,98912,100,100050,100,98719,100,100057,100,98665,100,100072,100,98428,100
2019-06-28 09:44:22.245660968,99925,431,99911,231,99954,431,99870,331,99999,200,99865,100,100010,100,99744,100,100012,300,99003,100,100017,100,98929,100,100023,100,98912,100,100050,100,98719,100,100057,100,98665,100,100072,100,98393,100
2019-06-28 09:44:30.000000000,99925,662,99870,562,99954,200,99865,100,99999,200,99744,100,100010,100,99003,100,100012,300,98929,100,100017,100,98912,100,100023,100,98719,100,100050,100,98665,100,100057,100,98393,100,100072,100,98299,100
2019-06-28 09:44:40.000000000,99925,292,99870,192,99954,292,99865,192,99999,292,99744,192,100010,192,99003,192,100012,392,98929,192,100017,100,98912,100,100023,100,98719,100,100050,100,98665,100,100057,100,98393,100,100072,100,98299,100
2019-06-28 09:44:50.000000000,99925,292,99870,192,99954,292,99865,192,99999,292,99744,192,100010,192,99003,192,100012,392,98929,192,100017,100,98912,100,100023,100,98719,100,100050,100,98665,100,100057,100,98393,100,100072,100,98299,100
2019-06-28 09:44:50.186506957,99925,292,99870,92,99954,292,99865,192,99999,292,99744,192,100010,192,99003,192,100012,392,98929,192,100017,100,98912,100,100023,100,98719,100,100050,100,98665,100,100057,100,98393,100,100072,100,98299,100
2019-06-28 09:44:52.841990212,99925,292,99870,92,99954,292,99865,192,99999,292,99744,192,100010,192,99003,192,100012,392,98929,192,100017,100,98912,100,100023,100,98719,100,100050,100,98665,100,100057,100,98393,100,100072,100,98299,100
2019-06-28 09:44:58.710677126,99925,292,99870,92,99954,292,99865,192,99999,292,99744,192,100010,192,99003,192,100012,392,98929,192,100017,100,98912,100,100023,100,98719,100,100050,100,98665,100,100057,100,98393,100,100072,100,98299,100
2019-06-28 09:45:00.000000000,99925,357,99865,257,99954,352,99744,252,99999,352,99003,252,100010,100,98929,100,100012,300,98912,100,100017,100,98719,100,100023,100,98665,100,100050,100,98393,100,100057,100,98299,100,100072,100,98236,100
2019-06-28 09:45:10.000000000,99925,662,99865,562,99954,200,99744,100,99999,200,99003,100,100010,100,98929,100,100012,300,98912,100,100017,100,98719,100,100023,100,98665,100,100050,100,98393,100,100057,100,98299,100,100072,100,98236,100
2019-06-28 09:45:17.590536362,99925,662,99865,462,99954,200,99003,100,99999,200,98929,100,100010,100,98912,100,100012,300,98719,100,100017,100,98665,100,100023,100,98393,100,100050,100,98299,100,100057,100,98236,100,100072,100,98175,100
2019-06-28 09:45:20.000000000,99925,431,99003,331,99954,431,98929,331,99999,200,98912,100,100010,100,98719,100,100012,300,98665,100,100017,100,98393,100,100023,100,98299,100,100050,100,98236,100,100057,100,98175,100,100072,100,98130,100
2019-06-28 09:45:21.020843158,99925,431,99003,331,99954,431,98929,331,99999,200,98912,100,100010,100,98719,100,100012,300,98665,100,100017,100,98509,100,100023,100,98393,100,100050,100,98299,100,100057,100,98236,100,100072,100,98175,100
2019-06-28 09:45:26.867095234,99870,100,99003,331,99925,431,98929,331,99954,331,98912,100,99999,200,98719,100,100010,100,98665,100,100012,300,98509,100,100017,100,98393,100,100023,100,98299,100,100050,100,98236,100,100057,100,98175,100
2019-06-28 09:45:30.000000000,99870,257,99003,257,99925,352,98929,252,99954,252,98912,252,99999,200,98719,100,100010,100,98665,100,100012,300,98509,100,100017,100,98393,100,100023,100,98299,100,100050,100,98236,100,100057,100,98175,100
2019-06-28 09:45:31.076618680,99870,257,99003,257,99925,352,98929,252,99954,252,98912,252,99999,200,98719,100,100010,100,98665,100,100012,300,98509,100,100017,100,98405,100,100023,100,98393,100,100050,100,98299,100,100057,100,98236,100
2019-06-28 09:45:32.860442131,99870,257,99003,257,99925,352,98929,252,99954,252,98912,252,99999,200,98719,100,100010,100,98665,100,100012,200,98509,100,100017,100,98405,100,100023,100,98393,100,100050,100,98299,100,100057,100,98236,100
2019-06-28 09:45:33.934651142,99870,257,99003,157,99925,352,98929,252,99954,252,98912,252,99999,200,98719,100,100010,100,98665,100,100012,200,98509,100,100017,100,98405,100,100023,100,98393,100,100050,100,98299,100,100057,100,98236,100
2019-06-28 09:45:35.637117096,99865,100,99003,157,99870,257,98929,252,99925,252,98912,252,99954,252,98719,100,99999,200,98665,100,100010,100,98509,100,100012,200,98405,100,100017,100,98393,100,100023,100,98299,100,100050,100,98236,100
2019-06-28 09:45:35.689993045,99865,100,99003,57,99870,257,98929,252,99925,252,98912,252,99954,252,98719,100,99999,200,98665,100,100010,100,98509,100,100012,200,98405,100,100017,100,98393,100,100023,100,98299,100,100050,100,98236,100
2019-06-28 09:45:40.000000000,99865,331,98929,331,99870,331,98912,331,99925,100,98719,100,99954,100,98665,100,99999,200,98509,100,100010,100,98405,100,100012,200,98393,100,100017,100,98299,100,100023,100,98236,100,100050,100,98175,100
2019-06-28 09:45:50.000000000,99865,257,98929,257,99870,252,98912,252,99925,252,98719,252,99954,100,98665,100,99999,200,98509,100,100010,100,98405,100,100012,200,98393,100,100017,100,98299,100,100023,100,98236,100,100050,100,98175,100
2019-06-28 09:45:54.808891732,99865,257,98929,157,99870,252,98912,252,99925,252,98719,252,99954,100,98665,100,99999,200,98509,100,100010,100,98405,100,100012,200,98393,100,100017,100,98299,100,100023,100,98236,100,100050,100,98175,100
2019-06-28 09:45:56.412217775,99865,257,98929,157,99870,252,98912,252,99925,252,98719,252,99954,100,98665,100,99999,200,98509,100,100010,100,98405,100,100012,200,98393,100,100017,100,98299,100,100023,100,98236,100,100050,100,98175,100
2019-06-28 09:46:00.000000000,99865,562,98912,562,99870,100,98719,100,99925,100,98665,100,99954,100,98509,100,99999,200,98405,100,100010,100,98393,100,100012,200,98299,100,100017,100,98236,100,100023,100,98175,100,100050,100,98130,100
2019-06-28 09:46:10.000000000,99865,257,98912,257,99870,252,98719,252,99925,252,98665,252,99954,100,98509,100,99999,200,98405,100,100010,100,98393,100,100012,200,98299,100,100017,100,98236,100,100023,100,98175,100,100050,100,98130,100
2019-06-28 09:46:20.000000000,99865,562,98912,562,99870,100,98719,100,99925,100,98665,100,99954,100,98509,100,99999,200,98405,100,100010,100,98393,100,100012,200,98299,100,100017,100,98236,100,100023,100,98175,100,100050,100,98130,100
2019-06-28 09:46:30.000000000,99865,331,98912,331,99870,331,98719,331,99925,100,98665,100,99954,100,98509,100,99999,200,98405,100,100010,100,98393,100,100012,200,98299,100,100017,100,98236,100,100023,100,98175,100,100050,100,98130,100
2019-06-28 09:46:40.000000000,99865,216,98912,216,99870,216,98719,216,99925,216,98665,216,99954,216,98509,216,99999,200,98405,100,100010,100,98393,100,100012,200,98299,100,100017,100,98236,100,100023,100,98175,100,100050,100,98130,100
2019-06-28 09:46:47.170569905,99865,216,98912,116,99870,216,98719,216,99925,216,98665,216,99954,216,98509,216,99999,200,98405,100,100010,100,98393,100,100012,200,98299,100,100017,100,98236,100,100023,100,98175,100,100050,100,98130,100
2019-06-28 09:46:47.261447381,99865,216,98912,16,99870,216,98719,216,99925,216,98665,216,99954,216,98509,216,99999,200,98405,100,100010,100,98393,100,100012,200,98299,100,100017,100,98236,100,100023,100,98175,100,100050,100,98130,100
2019-06-28 09:46:50.000000000,99865,192,98719,192,99870,192,98665,192,99925,192,98509,192,99954,192,98405,192,99999,292,98393,192,100010,100,98299,100,100012,200,98236,100,100017,100,98175,100,100023,100,98130,100,100050,100,98041,100
2019-06-28 09:47:00.000000000,99865,192,98719,192,99870,192,98665,192,99925,192,98509,192,99954,192,98405,192,99999,292,98393,192,100010,100,98299,100,100012,200,98236,100,100017,100,98175,100,100023,100,98130,100,100050,100,98041,100
2019-06-28 09:47:10.000000000,99865,257,98719,257,99870,252,98665,252,99925,252,98509,252,99954,100,98405,100,99999,200,98393,100,100010,100,98299,100,100012,200,98236,100,100017,100,98175,100,100023,100,98130,100,100050,100,98041,100
2019-06-28 09:47:14.766421318,99865,257,98719,257,99870,252,98665,252,99925,252,98509,252,99954,100,98405,100,99999,200,98393,100,100010,100,98299,100,100012,200,98236,100,100017,100,98175,100,100023,100,98130,100,100050,100,98041,100
2019-06-28 09:47:17.288937877,99865,257,98719,257,99870,252,98665,252,99925,252,98509,252,99954,100,98405,100,99999,200,98393,100,100010,100,98299,100,100012,200,98236,100,100017,100,98175,100,100023,100,98130,100,100050,100,98041,100
2019-06-28 09:47:20.000000000,99865,331,98719,331,99870,331,98665,331,99925,100,98509,100,99954,100,98405,100,99999,200,98393,100,100010,100,98299,100,100012,200,98236,100,100017,100,98175,100,100023,100,98130,100,100050,100,98041,100
2019-06-28 09:47:27.532337580,99865,331,98719,231,99870,331,98665,331,99925,100,98509,100,99954,100,98405,100,99999,200,98299,100,100010,100,98236,100,100012,200,98175,100,100017,100,98130,100,100023,100,98041,100,100050,100,98027,100
2019-06-28 09:47:30.000000000,99865,216,98665,216,99870,216,98509,216,99925,216,98405,216,99954,216,98299,216,99999,200,98236,100,100010,100,98175,100,100012,200,98130,100,100017,100,98041,100,100023,100,98027,100,100050,100,97481,100
2019-06-28 09:47:40.000000000,99865,331,98665,331,99870,331,98509,331,99925,100,98405,100,99954,100,98299,100,99999,200,98236,100,100010,100,98175,100,100012,200,98130,100,100017,100,98041,100,100023,100,98027,100,100050,100,97481,100
2019-06-28 09:47:40.264488257,99865,331,98665,231,99870,331,98509,331,99925,100,98405,100,99954,100,98299,100,99999,200,98236,100,100010,100,98175,100,100012,200,98130,100,100017,100,98041,100,100050,100,98027,100,100057,100,97481,100
2019-06-28 09:47:41.825667824,99865,331,98665,131,99870,331,98509,331,99925,100,98405,100,99954,100,98299,100,99999,200,98175,100,100010,100,98130,100,100012,200,98041,100,100017,100,98027,100,100050,100,97481,100,100057,100,97346,100
2019-06-28 09:47:50.000000000,99865,562,98509,562,99870,100,98405,100,99925,100,98299,100,99954,100,98175,100,99999,200,98130,100,100010,100,98041,100,100012,200,98027,100,100017,100,97481,100,100050,100,97346,100,100057,100,,
2019-06-28 09:48:00.000000000,99865,331,98509,331,99870,331,98405,331,99925,100,98299,100,99954,100,98175,100,99999,200,98130,100,100010,100,98041,100,100012,200,98027,100,100017,100,97481,100,100050,100,97346,100,100057,100,,
2019-06-28 09:48:10.000000000,99865,216,98509,216,99870,216,98405,216,99925,216,98299,216,99954,216,98175,216,99999,200,98130,100,100010,100,98041,100,100012,200,98027,100,100017,100,97481,100,100050,100,97346,100,100057,100,,
2019-06-28 09:48:20.000000000,99865,192,98509,192,99870,192,98405,192,99925,192,98299,192,99954,192,98175,192,99999,292,98130,192,100010,100,98041,100,100012,200,98027,100,100017,100,97481,100,100050,100,97346,100,100057,100,,
2019-06-28 09:48:30.000000000,99865,192,98509,192,99870,192,98405,192,99925,192,98299,192,99954,192,98175,192,99999,292,98130,192,100010,100,98041,100,100012,200,98027,100,100017,100,97481,100,100050,100,97346,100,100057,100,,
2019-06-28 09:48:40.000000000,99865,192,98509,192,99870,192,98405,192,99925,192,98299,192,99954,192,98175,192,99999,292,98130,192,100010,100,98041,100,100012,200,98027,100,100017,100,97481,100,100050,100,97346,100,100057,100,,
2019-06-28 09:48:40.790904855,99865,192,98509,192,99870,192,98405,192,99925,192,98299,192,99954,192,98175,192,99999,292,98130,192,100010,100,98041,100,100012,200,98027,100,100017,100,97481,100,100050,100,97346,100,100057,100,96918,100
2019-06-28 09:48:42.899560876,98665,100,98509,192,99865,192,98405,192,99870,192,98299,192,99925,192,98175,192,99954,192,98130,192,99999,292,98041,100,100010,100,98027,100,100012,200,97481,100,100017,100,97346,100,100050,100,96918,100
2019-06-28 09:48:46.362912720,98665,100,98509,192,99865,192,98405,192,99870,192,98299,192,99925,192,98175,192,99954,192,98130,192,99999,292,98041,100,100010,100,98027,100,100012,200,97481,100,100017,100,97346,100,100050,100,97061,100
2019-06-28 09:48:50.000000000,98665,192,98509,192,99865,192,98405,192,99870,192,98299,192,99925,192,98175,192,99954,192,98130,192,99999,200,98041,100,100010,100,98027,100,100012,200,97481,100,100017,100,97346,100,100050,100,97061,100
2019-06-28 09:49:00.000000000,98665,562,98509,562,99865,100,98405,100,99870,100,98299,100,99925,100,98175,100,99954,100,98130,100,99999,200,98041,100,100010,100,98027,100,100012,200,97481,100,100017,100,97346,100,100050,100,97061,100
2019-06-28 09:49:07.644314268,98665,562,98509,562,99865,100,98405,100,99870,100,98299,100,99925,100,98175,100,99954,100,98130,100,99999,200,98041,100,100010,100,98027,100,100012,200,97481,100,100017,100,97346,100,100057,100,97213,100
2019-06-28 09:49:10.000000000,98665,331,98509,331,99865,331,98405,331,99870,100,98299,100,99925,100,98175,100,99954,100,98130,100,99999,200,98041,100,100010,100,98027,100,100012,200,97481,100,100017,100,97346,100,100057,100,97213,100
2019-06-28 09:49:20.000000000,98665,192,98509,192,99865,192,98405,192,99870,192,98299,192,99925,192,98175,192,99954,192,98130,192,99999,200,98041,100,100010,100,98027,100,100012,200,97481,100,100017,100,97346,100,100057,100,97213,100
2019-06-28 09:49:30.000000000,98665,257,98509,257,99865,252,98405,252,99870,252,98299,252,99925,100,98175,100,99954,100,98130,100,99999,200,98041,100,100010,100,98027,100,100012,200,97481,100,100017,100,97346,100,100057,100,97213,100
2019-06-28 09:49:30.477467279,98665,257,98509,257,99865,252,98405,252,99870,252,98299,252,99925,100,98175,100,99954,100,98130,100,99999,200,98041,100,100010,100,98027,100,100012,200,97481,100,100017,100,97458,100,100057,100,97346,100
2019-06-28 09:49:40.000000000,98665,216,98509,216,99865,216,98405,216,99870,216,98299,216,99925,216,98175,216,99954,100,98130,100,99999,200,98041,100,100010,100,98027,100,100012,200,97481,100,100017,100,97458,100,100057,100,97346,100
2019-06-28 09:49:42.796710577,98665,216,98509,116,99865,216,98405,216,99870,216,98299,216,99925,216,98175,116,99954,100,98130,100,99999,200,98041,100,100010,100,98027,100,100012,200,97481,100,100017,100,97458,100,100057,100,97346,100
2019-06-28 09:49:50.000000000,98665,331,98405,331,99865,331,98299,331,99870,100,98130,100,99925,100,98041,100,99954,100,98027,100,99999,200,97481,100,100010,100,97458,100,100012,200,97346,100,100017,100,97213,100,100057,100,97061,100
2019-06-28 09:50:00.000000000,98665,562,98405,562,99865,100,98299,100,99870,100,98130,100,99925,100,98041,100,99954,100,98027,100,99999,200,97481,100,100010,100,97458,100,100012,200,97346,100,100017,100,97213,100,100057,100,97061,100
2019-06-28 09:50:10.000000000,98665,192,98405,192,99865,192,98299,192,99870,192,98130,192,99925,192,98041,192,99954,192,98027,192,99999,200,97481,100,100010,100,97458,100,100012,200,97346,100,100017,100,97213,100,100057,100,97061,100
2019-06-28 09:50:16.857859804,98665,192,98405,192,99865,192,98299,192,99870,192,98130,192,99925,192,98041,192,99954,192,98027,192,99999,200,97481,100,100010,100,97458,100,100012,200,97346,100,100017,100,97213,100,100057,100,97091,100
2019-06-28 09:50:19.274162344,98665,192,98405,92,99865,192,98299,192,99870,192,98130,192,99925,192,98041,192,99954,192,98027,192,99999,200,97481,100,100010,100,97458,100,100012,200,97346,100,100017,100,97213,100,100057,100,97091,100
2019-06-28 09:50:20.000000000,98665,562,98299,562,99865,100,98130,100,99870,100,98041,100,99925,100,98027,100,99954,100,97481,100,99999,200,97458,100,100010,100,97346,100,100012,200,97213,100,100017,100,97091,100,100057,100,97061,100
2019-06-28 09:50:30.000000000,98665,216,98299,216,99865,216,98130,216,99870,216,98041,216,99925,216,98027,216,99954,100,97481,100,99999,200,97458,100,100010,100,97346,100,100012,200,97213,100,100017,100,97091,100,100057,100,97061,100
2019-06-28 09:50:35.563105518,98509,100,98299,216,98665,216,98130,216,99865,216,98041,216,99870,216,98027,216,99925,216,97481,100,99954,100,97458,100,99999,200,97346,100,100010,100,97213,100,100012,200,97091,100,100017,100,97061,100
2019-06-28 09:50:37.276131796,98509,100,98299,216,98665,216,98130,216,99865,216,98041,216,99870,216,98027,216,99925,116,97481,100,99954,100,97458,100,99999,200,97346,100,100010,100,97213,100,100012,200,97091,100,100017,100,97061,100
2019-06-28 09:50:39.846430667,98509,100,98299,116,98665,216,98130,216,99865,216,98041,216,99870,216,98027,216,99925,116,97481,100,99954,100,97458,100,99999,200,97346,100,100010,100,97213,100,100012,200,97091,100,100017,100,97061,100
2019-06-28 09:50:40.000000000,98509,216,98130,216,98665,216,98041,216,99865,216,98027,216,99870,216,97481,216,99954,100,97458,100,99999,200,97346,100,100010,100,97213,100,100012,200,97091,100,100017,100,97061,100,100057,100,96918,100
2019-06-28 09:50:45.512684699,98509,216,98130,116,98665,216,98041,216,99865,216,98027,216,99870,216,97481,216,99954,100,97458,100,99999,200,97346,100,100010,100,97213,100,100012,200,97091,100,100017,100,97061,100,100057,100,96918,100
2019-06-28 09:50:48.611504699,98509,216,98130,116,98665,216,98041,216,99865,216,98027,216,99870,216,97611,100,99954,100,97481,216,99999,200,97458,100,100010,100,97346,100,100012,200,97213,100,100017,100,97091,100,100057,100,97061,100
2019-06-28 09:50:48.636404098,98509,216,98130,116,98665,216,98041,216,99865,216,98027,216,99870,216,97662,100,99954,100,97611,100,99999,200,97481,216,100010,100,97458,100,100012,200,97346,100,100017,100,97213,100,100057,100,97091,100
2019-06-28 09:50:50.000000000,98509,216,98041,216,98665,216,98027,216,99865,216,97662,216,99870,216,97611,216,99954,100,97481,100,99999,200,97458,100,100010,100,97346,100,100012,200,97213,100,100017,100,97091,100,100057,100,97061,100
2019-06-28 09:50:51.110252093,98299,100,98041,216,98509,216,98027,216,98665,216,97662,216,99865,116,97611,216,99870,216,97481,100,99954,100,97458,100,99999,200,97346,100,100010,100,97213,100,100012,200,97091,100,100017,100,97061,100
2019-06-28 09:51:00.000000000,98299,192,98041,192,98509,192,98027,192,98665,192,97662,192,99870,192,97611,192,99954,192,97481,192,99999,200,97458,100,100010,100,97346,100,100012,200,97213,100,100017,100,97091,100,100057,100,97061,100
2019-06-28 09:51:10.000000000,98299,257,98041,257,98509,252,98027,252,98665,252,97662,252,99870,100,97611,100,99954,100,97481,100,99999,200,97458,100,100010,100,97346,100,100012,200,97213,100,100017,100,97091,100,100057,100,97061,100
2019-06-28 09:51:20.000000000,98299,331,98041,331,98509,331,98027,331,98665,100,97662,100,99870,100,97611,100,99954,100,97481,100,99999,200,97458,100,100010,100,97346,100,100012,200,97213,100,100017,100,97091,100,100057,100,97061,100
2019-06-28 09:51:30.000000000,98299,192,98041,192,98509,192,98027,192,98665,192,97662,192,99870,192,97611,192,99954,192,97481,192,99999,200,97458,100,100010,100,97346,100,100012,200,97213,100,100017,100,97091,100,100057,100,97061,100
2019-06-28 09:51:40.000000000,98299,192,98041,192,98509,192,98027,192,98665,192,97662,192,99870,192,97611,192,99954,192,97481,192,99999,200,97458,100,100010,100,97346,100,100012,200,97213,100,100017,100,97091,100,100057,100,97061,100
2019-06-28 09:51:46.781940209,98299,192,98041,192,98509,192,98027,192,98665,192,97740,100,99870,192,97662,192,99954,192,97611,192,99999,200,97481,192,100010,100,97458,100,100012,200,97346,100,100017,100,97213,100,100057,100,97091,100
2019-06-28 09:51:48.212557922,98299,192,98041,92,98509,192,98027,192,98665,192,97740,100,99870,192,97662,192,99954,192,97611,192,99999,200,97481,192,100010,100,97458,100,100012,200,97346,100,100017,100,97213,100,100057,100,97091,100
2019-06-28 09:51:49.887175016,98299,192,98041,92,98509,192,98027,192,98665,192,97810,100,99870,192,97740,100,99954,192,97662,192,99999,200,97611,192,100010,100,97481,192,100012,200,97458,100,100017,100,97346,100,100057,100,97213,100
2019-06-28 09:51:50.000000000,98299,192,98027,192,98509,192,97810,192,98665,192,97740,192,99870,192,97662,192,99954,192,97611,192,99999,200,97481,100,100010,100,97458,100,100012,200,97346,100,100017,100,97213,100,100057,100,97091,100
2019-06-28 09:51:52.367338034,98299,192,98027,92,98509,192,97810,192,98665,192,97740,192,99870,192,97662,192,99954,192,97611,192,99999,200,97481,100,100010,100,97458,100,100012,200,97346,100,100017,100,97213,100,100057,100,97091,100
2019-06-28 09:52:00.000000000,98299,257,97810,257,98509,252,97740,252,98665,252,97662,252,99870,100,97611,100,99954,100,97481,100,99999,200,97458,100,100010,100,97346,100,100012,200,97213,100,100017,100,97091,100,100057,100,97061,100
2019-06-28 09:52:10.000000000,98299,216,97810,216,98509,216,97740,216,98665,216,97662,216,99870,216,97611,216,99954,100,97481,100,99999,200,97458,100,100010,100,97346,100,100012,200,97213,100,100017,100,97091,100,100057,100,97061,100
2019-06-28 09:52:20.000000000,98299,216,97810,216,98509,216,97740,216,98665,216,97662,216,99870,216,97611,216,99954,100,97481,100,99999,200,97458,100,100010,100,97346,100,100012,200,97213,100,100017,100,97091,100,100057,100,97061,100
2019-06-28 09:52:30.000000000,98299,192,97810,192,98509,192,97740,192,98665,192,97662,192,99870,192,97611,192,99954,192,97481,192,99999,200,97458,100,100010,100,97346,100,100012,200,97213,100,100017,100,97091,100,100057,100,97061,100
2019-06-28 09:52:40.000000000,98299,562,97810,562,98509,100,97740,100,98665,100,97662,100,99870,100,97611,100,99954,100,97481,100,99999,200,97458,100,100010,100,97346,100,100012,200,97213,100,100017,100,97091,100,100057,100,97061,100
2019-06-28 09:52:50.000000000,98299,257,97810,257,98509,252,97740,252,98665,252,97662,252,99870,100,97611,100,99954,100,97481,100,99999,200,97458,100,100010,100,97346,100,100012,200,97213,100,100017,100,97091,100,100057,100,97061,100
2019-06-28 09:52:58.982299940,98299,257,98042,100,98509,252,97810,257,98665,252,97740,252,99870,100,97662,252,99954,100,97611,100,99999,200,97481,100,100010,100,97458,100,100012,200,97346,100,100057,100,97213,100,100072,100,97091,100
2019-06-28 09:53:00.000000000,98299,331,98042,331,98509,331,97810,331,98665,100,97740,100,99870,100,97662,100,99954,100,97611,100,99999,200,97481,100,100010,100,97458,100,100012,200,97346,100,100057,100,97213,100,100072,100,97091,100
2019-06-28 09:53:10.000000000,98299,257,98042,257,98509,252,97810,252,98665,252,97740,252,99870,100,97662,100,99954,100,97611,100,99999,200,97481,100,100010,100,97458,100,100012,200,97346,100,100057,100,97213,100,100072,100,97091,100
2019-06-28 09:53:20.000000000,98299,216,98042,216,98509,216,97810,216,98665,216,97740,216,99870,216,97662,216,99954,100,97611,100,99999,200,97481,100,100010,100,97458,100,100012,200,97346,100,100057,100,97213,100,100072,100,97091,100
2019-06-28 09:53:30.000000000,98299,562,98042,562,98509,100,97810,100,98665,100,97740,100,99870,100,97662,100,99954,100,97611,100,99999,200,97481,100,100010,100,97458,100,100012,200,97346,100,100057,100,97213,100,100072,100,97091,100
2019-06-28 09:53:40.000000000,98299,257,98042,257,98509,252,97810,252,98665,252,97740,252,99870,100,97662,100,99954,100,97611,100,99999,200,97481,100,100010,100,97458,100,100012,200,97346,100,100057,100,97213,100,100072,100,97091,100
2019-06-28 09:53:48.397968605,98299,157,98042,257,98509,252,97810,252,98665,252,97740,252,99870,100,97662,100,99954,100,97611,100,99999,200,97481,100,100010,100,97458,100,100012,200,97346,100,100057,100,97213,100,100072,100,97091,100
2019-06-28 09:53:50.000000000,98509,192,98042,192,98665,192,97810,192,99870,192,97740,192,99954,192,97662,192,99999,292,97611,192,100010,100,97481,100,100012,200,97458,100,100057,100,97346,100,100072,100,97213,100,100098,100,97091,100
2019-06-28 09:54:00.000000000,98509,216,98042,216,98665,216,97810,216,99870,216,97740,216,99954,216,97662,216,99999,200,97611,100,100010,100,97481,100,100012,200,97458,100,100057,100,97346,100,100072,100,97213,100,100098,100,97091,100
2019-06-28 09:54:00.225257547,98509,216,98418,100,98665,216,98042,216,99870,216,97810,216,99954,216,97740,216,99999,200,97662,216,100010,100,97481,100,100012,200,97458,100,100057,100,97346,100,100072,100,97213,100,100098,100,97091,100
2019-06-28 09:54:10.000000000,98509,562,98418,562,98665,100,98042,100,99870,100,97810,100,99954,100,97740,100,99999,200,97662,100,100010,100,97481,100,100012,200,97458,100,100057,100,97346,100,100072,100,97213,100,100098,100,97091,100
2019-06-28 09:54:20.000000000,98509,331,98418,331,98665,331,98042,331,99870,100,97810,100,99954,100,97740,100,99999,200,97662,100,100010,100,97481,100,100012,200,97458,100,100057,100,97346,100,100072,100,97213,100,100098,100,97091,100
2019-06-28 09:54:30.000000000,98509,562,98418,562,98665,100,98042,100,99870,100,97810,100,99954,100,97740,100,99999,200,97662,100,100010,100,97481,100,100012,200,97458,100,100057,100,97346,100,100072,100,97213,100,100098,100,97091,100
2019-06-28 09:54:40.000000000,98509,562,98418,562,98665,100,98042,100,99870,100,97810,100,99954,100,97740,100,99999,200,97662,100,100010,100,97481,100,100012,200,97458,100,100057,100,97346,100,100072,100,97213,100,100098,100,97091,100
2019-06-28 09:54:50.000000000,98509,216,98418,216,98665,216,98042,216,99870,216,97810,216,99954,216,97740,216,99999,200,97662,100,100010,100,97481,100,100012,200,97458,100,100057,100,97346,100,100072,100,97213,100,100098,100,97091,100
2019-06-28 09:55:00.000000000,98509,562,98418,562,98665,100,98042,100,99870,100,97810,100,99954,100,97740,100,99999,200,97662,100,100010,100,97481,100,100012,200,97458,100,100057,100,97346,100,100072,100,97213,100,100098,100,97091,100
2019-06-28 09:55:10.000000000,98509,216,98418,216,98665,216,98042,216,99870,216,97810,216,99954,216,97740,216,99999,200,97662,100,100010,100,97481,100,100012,200,97458,100,100057,100,97346,100,100072,100,97213,100,100098,100,97091,100
2019-06-28 09:55:20.000000000,98509,216,98418,216,98665,216,98042,216,99870,216,97810,216,99954,216,97740,216,99999,200,97662,100,100010,100,97481,100,100012,200,97458,100,100057,100,97346,100,100072,100,97213,100,100098,100,97091,100
2019-06-28 09:55:28.658678555,98509,116,98418,216,98665,216,98042,216,99870,216,97810,216,99954,216,97740,216,99999,200,97662,100,100010,100,97481,100,100012,200,97458,100,100057,100,97346,100,100072,100,97213,100,100098,100,97061,100
2019-06-28 09:55:30.000000000,98665,192,98418,192,99870,192,98042,192,99954,192,97810,192,99999,292,97740,192,100010,192,97662,192,100012,200,97481,100,100057,100,97458,100,100072,100,97346,100,100098,100,97213,100,100169,100,97061,100
2019-06-28 09:55:32.673826819,98665,192,98418,192,99703,100,98042,192,99870,192,97810,192,99954,192,97740,192,99999,292,97662,192,100010,192,97481,100,100012,200,97458,100,100057,100,97346,100,100072,100,97213,100,100098,100,97061,100
2019-06-28 09:55:40.000000000,98665,331,98418,331,99703,331,98042,331,99870,100,97810,100,99954,100,97740,100,99999,200,97662,100,100010,100,97481,100,100012,200,97458,100,100057,100,97346,100,100072,100,97213,100,100098,100,97061,100
2019-06-28 09:55:47.930934304,98665,331,98418,331,99703,331,98042,331,99870,100,97810,100,99954,100,97740,100,99999,200,97662,100,100010,100,97481,100,100012,100,97458,100,100057,100,97346,100,100072,100,97213,100,100098,100,97061,100
2019-06-28 09:55:50.000000000,98665,562,98418,562,99703,100,98042,100,99870,100,97810,100,99954,100,97740,100,99999,200,97662,100,100010,100,97481,100,100012,100,97458,100,100057,100,97346,100,100072,100,97213,100,100098,100,97061,100
2019-06-28 09:56:00.000000000,98665,331,98418,331,99703,331,98042,331,99870,100,97810,100,99954,100,97740,100,99999,200,97662,100,100010,100,97481,100,100012,100,97458,100,100057,100,97346,100,100072,100,97213,100,100098,100,97061,100
2019-06-28 09:56:10.000000000,98665,192,98418,192,99703,192,98042,192,99870,192,97810,192,99954,192,97740,192,99999,292,97662,192,100010,100,97481,100,100012,100,97458,100,100057,100,97346,100,100072,100,97213,100,100098,100,97061,100
2019-06-28 09:56:11.088787539,98665,92,98418,192,99703,192,98042,192,99870,192,97810,192,99954,192,97740,192,99999,292,97662,192,100010,100,97481,100,100012,100,97458,100,100057,100,97346,100,100072,100,97213,100,100098,100,97061,100
2019-06-28 09:56:20.000000000,99703,331,98418,331,99870,331,98042,331,99954,100,97810,100,99999,200,97740,100,100010,100,97662,100,100012,100,97481,100,100057,100,97458,100,100072,100,97346,100,100098,100,97213,100,100169,100,97061,100
2019-06-28 09:56:30.000000000,99703,257,98418,257,99870,252,98042,252,99954,252,97810,252,99999,200,97740,100,100010,100,97662,100,100012,100,97481,100,100057,100,97458,100,100072,100,97346,100,100098,100,97213,100,100169,100,97061,100
2019-06-28 09:56:39.012811130,99703,257,98418,257,99870,252,98042,252,99954,252,97810,252,99999,200,97740,100,100010,100,97662,100,100012,100,97481,100,100057,100,97458,100,100072,100,97346,100,100098,100,97213,100,100169,100,97061,100
2019-06-28 09:56:40.000000000,99703,192,98418,192,99870,192,98042,192,99954,192,97810,192,99999,292,97740,192,100010,192,97662,192,100012,100,97481,100,100057,100,97458,100,100072,100,97346,100,100098,100,97213,100,100169,100,97061,100
2019-06-28 09:56:42.666049322,99703,192,98509,100,99870,192,98418,192,99954,192,98042,192,99999,292,97810,192,100010,192,97740,192,100012,100,97662,192,100057,100,97481,100,100072,100,97458,100,100098,100,97346,100,100169,100,97213,100
2019-06-28 09:56:50.000000000,99703,192,98509,192,99870,192,98418,192,99954,192,98042,192,99999,292,97810,192,100010,192,97740,192,100012,100,97662,100,100057,100,97481,100,100072,100,97458,100,100098,100,97346,100,100169,100,97213,100
2019-06-28 09:57:00.000000000,99703,192,98509,192,99870,192,98418,192,99954,192,98042,192,99999,292,97810,192,100010,192,97740,192,100012,100,97662,100,100057,100,97481,100,100072,100,97458,100,100098,100,97346,100,100169,100,97213,100
2019-06-28 09:57:04.875932477,99703,192,98509,292,99870,192,98418,192,99954,192,98042,192,99999,292,97810,192,100010,192,97740,192,100012,100,97662,100,100057,100,97481,100,100072,100,97458,100,100098,100,97346,100,100169,100,97213,100
2019-06-28 09:57:10.000000000,99703,562,98509,662,99870,100,98418,100,99954,100,98042,100,99999,200,97810,100,100010,100,97740,100,100012,100,97662,100,100057,100,97481,100,100072,100,97458,100,100098,100,97346,100,100169,100,97213,100
2019-06-28 09:57:20.000000000,99703,257,98509,357,99870,252,98418,252,99954,252,98042,252,99999,200,97810,100,100010,100,97740,100,100012,100,97662,100,100057,100,97481,100,100072,100,97458,100,100098,100,97346,100,100169,100,97213,100
2019-06-28 09:57:30.000000000,99703,192,98509,292,99870,192,98418,192,99954,192,98042,192,99999,292,97810,192,100010,192,97740,192,100012,100,97662,100,100057,100,97481,100,100072,100,97458,100,100098,100,97346,100,100169,100,97213,100
2019-06-28 09:57:30.653746542,99703,92,98509,292,99870,192,98418,192,99954,192,98042,192,99999,292,97810,192,100010,192,97740,192,100012,100,97662,100,100057,100,97481,100,100072,100,97458,100,100098,100,97346,100,100169,100,97213,100
2019-06-28 09:57:40.000000000,99870,216,98509,316,99954,216,98418,216,99999,316,98042,216,100010,216,97810,216,100012,100,97740,100,100057,100,97662,100,100072,100,97481,100,100098,100,97458,100,100169,100,97346,100,100185,100,97213,100
2019-06-28 09:57:49.703258143,99870,216,98665,100,99954,216,98509,316,99999,316,98418,216,100010,216,98042,116,100012,100,97810,216,100057,100,97740,100,100072,100,97662,100,100098,100,97481,100,100169,100,97458,100,100185,100,97346,100
2019-06-28 09:57:50.000000000,99870,192,98665,192,99954,192,98509,292,99999,292,98418,192,100010,192,97810,192,100012,192,97740,192,100057,100,97662,100,100072,100,97481,100,100098,100,97458,100,100169,100,97346,100,100185,100,97213,100
2019-06-28 09:57:50.337454991,99870,92,98665,292,99954,192,98509,292,99999,292,98418,192,100010,192,97810,192,100012,192,97740,192,100057,100,97662,100,100072,100,97481,100,100098,100,97458,100,100169,100,97346,100,100185,100,97213,100
2019-06-28 09:58:00.000000000,99954,192,98665,292,99999,292,98509,292,100010,192,98418,192,100012,192,97810,192,100057,192,97740,192,100072,100,97662,100,100098,100,97481,100,100169,100,97458,100,100185,100,97346,100,100204,100,97213,100
2019-06-28 09:58:10.000000000,99954,216,98665,316,99999,316,98509,316,100010,216,98418,216,100012,216,97810,216,100057,100,97740,100,100072,100,97662,100,100098,100,97481,100,100169,100,97458,100,100185,100,97346,100,100204,100,97213,100
2019-06-28 09:58:20.000000000,99954,257,98665,357,99999,352,98509,352,100010,252,98418,252,100012,100,97810,100,100057,100,97740,100,100072,100,97662,100,100098,100,97481,100,100169,100,97458,100,100185,100,97346,100,100204,100,97213,100
2019-06-28 09:58:21.079499822,99954,257,98665,457,99999,352,98509,352,100010,252,98418,252,100012,100,97810,100,100057,100,97740,100,100072,100,97662,100,100098,100,97481,100,100169,100,97458,100,100185,100,97346,100,100204,100,97213,100
2019-06-28 09:58:23.175378554,99954,257,98665,457,99999,352,98509,352,100008,100,98418,252,100010,252,97810,100,100012,100,97740,100,100072,100,97662,100,100098,100,97481,100,100169,100,97458,100,100185,100,97346,100,100204,100,97213,100
2019-06-28 09:58:24.539132113,99954,257,98665,457,99999,352,98509,352,100010,252,98418,252,100012,100,97810,100,100072,100,97740,100,100098,100,97662,100,100169,100,97481,100,100185,100,97458,100,100200,100,97346,100,100204,100,97213,100
2019-06-28 09:58:27.606555971,99954,257,98665,557,99999,352,98509,352,100010,252,98418,252,100012,100,97810,100,100072,100,97740,100,100098,100,97662,100,100169,100,97481,100,100185,100,97458,100,100200,100,97346,100,100204,100,97213,100
2019-06-28 09:58:30.000000000,99954,331,98665,631,99999,431,98509,431,100010,100,98418,100,100012,100,97810,100,100072,100,97740,100,100098,100,97662,100,100169,100,97481,100,100185,100,97458,100,100200,100,97346,100,100204,100,97213,100
2019-06-28 09:58:31.828856764,99954,331,99862,100,99999,431,98665,631,100010,100,98509,431,100012,100,98418,100,100072,100,97810,100,100098,100,97740,100,100169,100,97662,100,100185,100,97481,100,100200,100,97458,100,100204,100,97346,100
2019-06-28 09:58:40.000000000,99954,257,99862,257,99999,352,98665,552,100010,252,98509,352,100012,100,98418,100,100072,100,97810,100,100098,100,97740,100,100169,100,97662,100,100185,100,97481,100,100200,100,97458,100,100204,100,97346,100
2019-06-28 09:58:50.000000000,99954,192,99862,192,99999,292,98665,492,100010,192,98509,292,100012,192,98418,192,100072,192,97810,192,100098,100,97740,100,100169,100,97662,100,100185,100,97481,100,100200,100,97458,100,100204,100,97346,100
2019-06-28 09:58:51.437811941,99954,92,99862,192,99999,292,98665,492,100010,192,98509,292,100012,192,98418,192,100072,192,97810,192,100098,100,97740,100,100169,100,97662,100,100185,100,97481,100,100200,100,97458,100,100204,100,97346,100
2019-06-28 09:59:00.000000000,99999,431,99862,331,100010,331,98665,631,100012,100,98509,200,100072,100,98418,100,100098,100,97810,100,100169,100,97740,100,100185,100,97662,100,100200,100,97481,100,100204,100,97458,100,100300,100,97346,100
2019-06-28 09:59:01.357179875,99999,431,99908,100,100010,331,99862,331,100012,100,98665,631,100072,100,98509,200,100098,100,98418,100,100169,100,97810,100,100185,100,97740,100,100200,100,97662,100,100204,100,97481,100,100300,100,97458,100
2019-06-28 09:59:06.312652594,99999,431,99908,100,100010,331,99862,331,100072,100,99703,100,100098,100,98665,631,100169,100,98509,200,100185,100,98418,100,100200,100,97810,100,100204,100,97740,100,100300,100,97662,100,,,97481,100
2019-06-28 09:59:07.148406141,99999,331,99908,100,100010,331,99862,331,100072,100,99703,100,100098,100,98665,631,100169,100,98509,200,100185,100,98418,100,100200,100,97810,100,100204,100,97740,100,100300,100,97662,100,,,97481,100
2019-06-28 09:59:10.000000000,99999,257,99908,257,100010,252,99862,252,100072,252,99703,252,100098,100,98665,400,100169,100,98509,200,100185,100,98418,100,100200,100,97810,100,100204,100,97740,100,100300,100,97662,100,,,97481,100
2019-06-28 09:59:20.000000000,99999,257,99908,257,100010,252,99862,252,100072,252,99703,252,100098,100,98665,400,100169,100,98509,200,100185,100,98418,100,100200,100,97810,100,100204,100,97740,100,100300,100,97662,100,,,97481,100
2019-06-28 09:59:20.790608269,99999,257,99908,257,100010,252,99870,100,100072,252,99862,252,100098,100,99703,252,100169,100,98665,400,100185,100,98509,200,100200,100,98418,100,100204,100,97810,100,100300,100,97740,100,,,97662,100
2019-06-28 09:59:30.000000000,99999,216,99908,216,100010,216,99870,216,100072,216,99862,216,100098,216,99703,216,100169,100,98665,400,100185,100,98509,200,100200,100,98418,100,100204,100,97810,100,100300,100,97740,100,,,97662,100
2019-06-28 09:59:40.000000000,99999,192,99908,192,100010,192,99870,192,100072,192,99862,192,100098,192,99703,192,100169,192,98665,492,100185,100,98509,200,100200,100,98418,100,100204,100,97810,100,100300,100,97740,100,,,97662,100
2019-06-28 09:59:42.233884293,99999,192,99908,192,100010,192,99870,192,100072,192,99862,192,100098,192,99703,192,100169,192,98665,492,100185,100,98509,200,100200,100,98418,100,100204,100,97810,100,100300,100,97740,100,100476,100,97662,100
2019-06-28 09:59:44.480698270,99999,92,99908,192,100010,192,99870,192,100072,192,99862,192,100098,192,99703,192,100169,192,98665,492,100185,100,98509,200,100200,100,98418,100,100204,100,97810,100,100300,100,97740,100,100476,100,97662,100
2019-06-28 09:59:50.000000000,100010,257,99908,257,100072,252,99870,252,100098,252,99862,252,100169,100,99703,100,100185,100,98665,400,100200,100,98509,200,100204,100,98418,100,100300,100,97810,100,100476,100,97740,100,,,97662,100
2019-06-28 10:00:00.000000000,100010,257,99908,257,100072,252,99870,252,100098,252,99862,252,100169,100,99703,100,100185,100,98665,400,100200,100,98509,200,100204,100,98418,100,100300,100,97810,100,100476,100,97740,100,,,97662,100
2019-06-28 10:00:10.000000000,100010,216,99908,216,100072,216,99870,216,100098,216,99862,216,100169,216,99703,216,100185,100,98665,400,100200,100,98509,200,100204,100,98418,100,100300,100,97810,100,100476,100,97740,100,,,97662,100
2019-06-28 10:00:17.967927901,100010,216,99999,100,100072,216,99908,216,100098,216,99870,216,100169,216,99862,216,100185,100,99703,216,100200,100,98665,400,100204,100,98509,200,100300,100,98418,100,100476,100,97810,100,,,97740,100
2019-06-28 10:00:20.000000000,100010,192,99999,192,100072,192,99908,192,100098,192,99870,192,100169,192,99862,192,100185,192,99703,192,100200,100,98665,400,100204,100,98509,200,100300,100,98418,100,100476,100,97810,100,,,97740,100
2019-06-28 10:00:30.000000000,100010,216,99999,216,100072,216,99908,216,100098,216,99870,216,100169,216,99862,216,100185,100,99703,100,100200,100,98665,400,100204,100,98509,200,100300,100,98418,100,100476,100,97810,100,,,97740,100
2019-06-28 10:00:40.000000000,100010,257,99999,257,100072,252,99908,252,100098,252,99870,252,100169,100,99862,100,100185,100,99703,100,100200,100,98665,400,100204,100,98509,200,100300,100,98418,100,100476,100,97810,100,,,97740,100
2019-06-28 10:00:50.000000000,100010,257,99999,257,100072,252,99908,252,100098,252,99870,252,100169,100,99862,100,100185,100,99703,100,100200,100,98665,400,100204,100,98509,200,100300,100,98418,100,100476,100,97810,100,,,97740,100
2019-06-28 10:00:51.953104706,100010,157,99999,257,100072,252,99908,252,100098,252,99870,252,100169,100,99862,100,100185,100,99703,100,100200,100,98665,400,100204,100,98509,200,100300,100,98418,100,100476,100,97810,100,,,97740,100
2019-06-28 10:01:00.000000000,100072,216,99999,216,100098,216,99908,216,100169,216,99870,216,100185,216,99862,216,100200,100,99703,100,100204,100,98665,400,100300,100,98509,200,100476,100,98418,100,,,97810,100,,,97740,100
2019-06-28 10:01:10.000000000,100072,192,99999,192,100098,192,99908,192,100169,192,99870,192,100185,192,99862,192,100200,192,99703,192,100204,100,98665,400,100300,100,98509,200,100476,100,98418,100,,,97810,100,,,97740,100
2019-06-28 10:01:18.490982885,100072,192,100000,100,100098,192,99999,192,100169,192,99908,192,100185,192,99870,192,100200,192,99862,192,100204,100,99703,192,100300,100,98665,400,100476,100,98509,200,,,98418,100,,,97810,100
2019-06-28 10:01:20.000000000,100072,216,100000,216,100098,216,99999,216,100169,216,99908,216,100185,216,99870,216,100200,100,99862,100,100204,100,99703,100,100300,100,98665,400,100476,100,98509,200,,,98418,100,,,97810,100
2019-06-28 10:01:30.000000000,100072,331,100000,331,100098,331,99999,331,100169,100,99908,100,100185,100,99870,100,100200,100,99862,100,100204,100,99703,100,100300,100,98665,400,100476,100,98509,200,,,98418,100,,,97810,100
2019-06-28 10:01:40.000000000,100072,562,100000,562,100098,100,99999,100,100169,100,99908,100,100185,100,99870,100,100200,100,99862,100,100204,100,99703,100,100300,100,98665,400,100476,100,98509,200,,,98418,100,,,97810,100
2019-06-28 10:01:46.458153952,100072,462,100000,562,100098,100,99999,100,100169,100,99908,100,100185,100,99870,100,100200,100,99862,100,100204,100,99703,100,100476,100,98665,400,,,98509,200,,,98418,100,,,97810,100
2019-06-28 10:01:50.000000000,100098,331,100000,331,100169,331,99999,331,100185,100,99908,100,100200,100,99870,100,100204,100,99862,100,100476,100,99703,100,,,98665,400,,,98509,200,,,98418,100,,,97810,100
2019-06-28 10:02:00.000000000,100098,192,100000,192,100169,192,99999,192,100185,192,99908,192,100200,192,99870,192,100204,192,99862,192,100476,100,99703,100,,,98665,400,,,98509,200,,,98418,100,,,97810,100
2019-06-28 10:02:10.000000000,100098,192,100000,192,100169,192,99999,192,100185,192,99908,192,100200,192,99870,192,100204,192,99862,192,100476,100,99703,100,,,98665,400,,,98509,200,,,98418,100,,,97810,100
2019-06-28 10:02:13.619112345,100098,192,100000,192,100169,192,99999,192,100185,192,99908,192,100200,192,99870,192,100204,192,99862,192,100476,100,99703,100,,,98665,300,,,98509,200,,,98418,100,,,97810,100
2019-06-28 10:02:20.000000000,100098,257,100000,257,100169,252,99999,252,100185,252,99908,252,100200,100,99870,100,100204,100,99862,100,100476,100,99703,100,,,98665,300,,,98509,200,,,98418,100,,,97810,100
2019-06-28 10:02:30.000000000,100098,257,100000,257,100169,252,99999,252,100185,252,99908,252,100200,100,99870,100,100204,100,99862,100,100476,100,99703,100,,,98665,300,,,98509,200,,,98418,100,,,97810,100
2019-06-28 10:02:36.051450766,100098,157,100000,257,100169,252,99999,252,100185,152,99908,252,100200,100,99870,100,100204,100,99862,100,100476,100,99703,100,,,98665,300,,,98509,200,,,98418,100,,,97810,100
2019-06-28 10:02:40.000000000,100169,192,100000,192,100200,192,99999,192,100204,192,99908,192,100476,192,99870,192,100477,92,99862,192,,,99703,100,,,98665,300,,,98509,200,,,98418,100,,,97810,100
2019-06-28 10:02:50.000000000,100169,216,100000,216,100200,216,99999,216,100204,216,99908,216,100476,216,99870,216,,,99862,100,,,99703,100,,,98665,300,,,98509,200,,,98418,100,,,97810,100
2019-06-28 10:03:00.000000000,100169,216,100000,216,100200,216,99999,216,100204,216,99908,216,100476,216,99870,216,,,99862,100,,,99703,100,,,98665,300,,,98509,200,,,98418,100,,,97810,100
2019-06-28 10:03:10.000000000,100169,331,100000,331,100200,331,99999,331,100204,100,99908,100,100476,100,99870,100,,,99862,100,,,99703,100,,,98665,300,,,98509,200,,,98418,100,,,97810,100
2019-06-28 10:03:10.584065468,100169,331,100072,100,100200,331,100000,331,100204,100,99999,331,100476,100,99908,100,,,99870,100,,,99862,100,,,99703,100,,,98665,300,,,98509,200,,,98418,100
2019-06-28 10:03:14.952527924,100169,331,100072,100,100200,331,100000,331,100204,100,99999,331,100476,100,99908,100,101759,100,99870,100,,,99862,100,,,99703,100,,,98665,300,,,98509,200,,,98418,100
2019-06-28 10:03:20.000000000,100169,192,100072,192,100200,192,100000,192,100204,192,99999,192,100476,192,99908,192,101759,192,99870,192,,,99862,100,,,99703,100,,,98665,300,,,98509,200,,,98418,100
2019-06-28 10:03:30.000000000,100169,192,100072,192,100200,192,100000,192,100204,192,99999,192,100476,192,99908,192,101759,192,99870,192,,,99862,100,,,99703,100,,,98665,300,,,98509,200,,,98418,100
2019-06-28 10:03:34.021552518,100169,92,100072,192,100200,192,100000,192,100204,192,99999,192,100476,192,99908,192,101759,192,99870,192,,,99862,100,,,99703,100,,,98665,300,,,98509,200,,,98418,100
2019-06-28 10:03:40.000000000,100200,257,100072,257,100204,252,100000,252,100476,252,99999,252,101759,100,99908,100,,,99870,100,,,99862,100,,,99703,100,,,98665,300,,,98509,200,,,98418,100
2019-06-28 10:03:50.000000000,100200,216,100072,216,100204,216,100000,216,100476,216,99999,216,101759,216,99908,216,,,99870,100,,,99862,100,,,99703,100,,,98665,300,,,98509,200,,,98418,100
2019-06-28 10:03:53.269615481,100200,216,100072,216,100204,216,100000,216,100476,216,99999,216,101759,216,99908,216,102205,100,99870,100,,,99862,100,,,99703,100,,,98665,300,,,98509,200,,,98418,100
2019-06-28 10:04:00.000000000,100200,192,100072,192,100204,192,100000,192,100476,192,99999,192,101759,192,99908,192,102205,192,99870,192,,,99862,100,,,99703,100,,,98665,300,,,98509,200,,,98418,100
2019-06-28 10:04:02.226768173,100200,192,100072,192,100204,192,100000,92,100476,192,99999,192,101759,192,99908,192,102205,192,99870,192,,,99862,100,,,99703,100,,,98665,300,,,98509,200,,,98418,100
2019-06-28 10:04:10.000000000,100200,562,100072,562,100204,100,99999,100,100476,100,99908,100,101759,100,99870,100,102205,100,99862,100,,,99703,100,,,98665,300,,,98509,200,,,98418,100,,,97740,100
2019-06-28 10:04:13.051433165,100200,462,100072,562,100204,100,99999,100,100476,100,99908,100,101759,100,99870,100,102205,100,99862,100,,,99703,100,,,98665,300,,,98509,200,,,98418,100,,,97740,100
2019-06-28 10:04:20.000000000,100204,216,100072,216,100476,216,99999,216,101759,216,99908,216,102205,216,99870,216,,,99862,100,,,99703,100,,,98665,300,,,98509,200,,,98418,100,,,97740,100
2019-06-28 10:04:30.000000000,100204,216,100072,216,100476,216,99999,216,101759,216,99908,216,102205,216,99870,216,,,99862,100,,,99703,100,,,98665,300,,,98509,200,,,98418,100,,,97740,100
2019-06-28 10:04:40.000000000,100204,562,100072,562,100476,100,99999,100,101759,100,99908,100,102205,100,99870,100,,,99862,100,,,99703,100,,,98665,300,,,98509,200,,,98418,100,,,97740,100
2019-06-28 10:04:42.643300217,100204,462,100072,562,100476,100,99999,100,101759,100,99908,100,102205,100,99870,100,,,99862,100,,,99703,100,,,98665,300,,,98509,200,,,98418,100,,,97740,100
2019-06-28 10:04:46.359527780,100204,462,100072,562,100476,100,99999,100,101759,100,99908,100,102205,100,99870,100,,,99862,100,,,99703,100,,,98665,300,,,98509,100,,,98418,100,,,97740,100
2019-06-28 10:04:50.000000000,100476,216,100072,216,101759,216,99999,216,102205,216,99908,216,102206,116,99870,216,,,99862,100,,,99703,100,,,98665,300,,,98509,100,,,98418,100,,,97740,100
2019-06-28 10:05:00.000000000,100476,192,100072,192,101759,192,99999,192,102205,192,99908,192,102206,92,99870,192,,,99862,192,,,99703,100,,,98665,300,,,98509,100,,,98418,100,,,97740,100
2019-06-28 10:05:00.217208080,100476,192,100072,192,101759,192,99999,192,102116,100,99908,192,102205,192,99870,192,102206,92,99862,192,,,99703,100,,,98665,300,,,98509,100,,,98418,100,,,97740,100
2019-06-28 10:05:02.358247613,100476,192,100200,100,101759,192,100072,192,102116,100,99999,192,102205,192,99908,192,102206,92,99870,192,,,99862,192,,,99703,100,,,98665,300,,,98509,100,,,98418,100
2019-06-28 10:05:10.000000000,100476,331,100200,331,101759,331,100072,331,102116,100,99999,100,102205,100,99908,100,,,99870,100,,,99862,100,,,99703,100,,,98665,300,,,98509,100,,,98418,100
2019-06-28 10:05:20.000000000,100476,216,100200,216,101759,216,100072,216,102116,216,99999,216,102205,216,99908,216,,,99870,100,,,99862,100,,,99703,100,,,98665,300,,,98509,100,,,98418,100
2019-06-28 10:05:27.547388675,100476,216,100200,216,101759,216,100072,216,102101,100,99999,216,102116,216,99908,216,102205,216,99870,100,,,99862,100,,,99703,100,,,98665,300,,,98509,100,,,98418,100
2019-06-28 10:05:30.000000000,100476,331,100200,331,101759,331,100072,331,102101,100,99999,100,102116,100,99908,100,102205,100,99870,100,,,99862,100,,,99703,100,,,98665,300,,,98509,100,,,98418,100
2019-06-28 10:05:40.000000000,100476,257,100200,257,101759,252,100072,252,102101,252,99999,252,102116,100,99908,100,102205,100,99870,100,,,99862,100,,,99703,100,,,98665,300,,,98509,100,,,98418,100
2019-06-28 10:05:50.000000000,100476,192,100200,192,101759,192,100072,192,102101,192,99999,192,102116,192,99908,192,102205,192,99870,192,,,99862,100,,,99703,100,,,98665,300,,,98509,100,,,98418,100
2019-06-28 10:05:52.567442004,100476,192,100200,192,101759,192,100072,192,102101,192,99999,192,102116,192,99908,192,102153,100,99870,192,102205,192,99862,100,,,99703,100,,,98665,300,,,98509,100,,,98418,100
2019-06-28 10:05:58.459146223,100476,192,100200,192,101759,192,100072,192,102101,192,99999,192,102116,192,99908,192,102153,100,99870,192,102205,192,99862,100,102262,100,99703,100,,,98665,300,,,98509,100,,,98418,100
2019-06-28 10:06:00.000000000,100476,192,100200,192,101759,192,100072,192,102101,192,99999,192,102116,192,99908,192,102153,192,99870,192,102205,100,99862,100,102262,100,99703,100,,,98665,300,,,98509,100,,,98418,100
2019-06-28 10:06:01.600443585,100476,92,100200,192,101759,192,100072,192,102101,192,99999,192,102116,192,99908,192,102153,192,99870,192,102205,100,99862,100,102262,100,99703,100,,,98665,300,,,98509,100,,,98418,100
2019-06-28 10:06:10.000000000,101759,192,100200,192,102101,192,100072,192,102116,192,99999,192,102153,192,99908,192,102205,192,99870,192,102262,100,99862,100,,,99703,100,,,98665,300,,,98509,100,,,98418,100
2019-06-28 10:06:20.000000000,101759,331,100200,331,102101,331,100072,331,102116,100,99999,100,102153,100,99908,100,102205,100,99870,100,102262,100,99862,100,,,99703,100,,,98665,300,,,98509,100,,,98418,100
2019-06-28 10:06:25.785976421,101759,231,100200,331,102101,331,100072,331,102116,100,99999,100,102153,100,99908,100,102205,100,99870,100,102262,100,99862,100,,,99703,100,,,98665,300,,,98509,100,,,98418,100
2019-06-28 10:06:30.000000000,102101,216,100200,216,102116,216,100072,216,102153,216,99999,216,102205,216,99908,216,102262,100,99870,100,,,99862,100,,,99703,100,,,98665,300,,,98509,100,,,98418,100
2019-06-28 10:06:36.869010635,102101,216,100476,100,102116,216,100200,216,102153,216,100072,216,102205,216,99999,216,102262,100,99908,216,,,99870,100,,,99862,100,,,99703,100,,,98665,200,,,98509,100
2019-06-28 10:06:38.513074702,102101,216,101946,100,102116,216,100476,100,102153,216,100200,216,102205,216,100072,216,,,99999,216,,,99908,216,,,99870,100,,,99862,100,,,99703,100,,,98665,200
2019-06-28 10:06:40.000000000,102101,216,101946,216,102116,216,100476,216,102153,216,100200,216,102205,216,100072,216,,,99999,100,,,99908,100,,,99870,100,,,99862,100,,,99703,100,,,98665,200
2019-06-28 10:06:50.000000000,102101,257,101946,257,102116,252,100476,252,102153,252,100200,252,102205,100,100072,100,,,99999,100,,,99908,100,,,99870,100,,,99862,100,,,99703,100,,,98665,200
2019-06-28 10:06:55.323076702,102101,257,101946,157,102116,252,100476,252,102153,252,100200,252,102205,100,100072,100,,,99999,100,,,99908,100,,,99870,100,,,99862,100,,,99703,100,,,98665,200
2019-06-28 10:06:55.348124069,102101,257,101946,157,102116,252,101544,100,102153,252,100476,252,102205,100,100200,252,,,100072,100,,,99999,100,,,99908,100,,,99870,100,,,99862,100,,,99703,100
2019-06-28 10:07:00.000000000,102101,216,101544,216,102116,216,100476,216,102153,216,100200,216,102205,216,100072,216,,,99999,100,,,99908,100,,,99870,100,,,99862,100,,,99703,100,,,98665,200
2019-06-28 10:07:10.000000000,102101,192,101544,192,102116,192,100476,192,102153,192,100200,192,102205,192,100072,192,102206,92,99999,192,,,99908,100,,,99870,100,,,99862,100,,,99703,100,,,98665,200
2019-06-28 10:07:20.000000000,102101,562,101544,562,102116,100,100476,100,102153,100,100200,100,102205,100,100072,100,,,99999,100,,,99908,100,,,99870,100,,,99862,100,,,99703,100,,,98665,200
2019-06-28 10:07:30.000000000,102101,331,101544,331,102116,331,100476,331,102153,100,100200,100,102205,100,100072,100,,,99999,100,,,99908,100,,,99870,100,,,99862,100,,,99703,100,,,98665,200
2019-06-28 10:07:31.216106339,102101,331,101803,100,102116,331,101544,331,102153,100,100476,331,102205,100,100200,100,,,100072,100,,,99999,100,,,99908,100,,,99870,100,,,99862,100,,,99703,100
2019-06-28 10:07:40.000000000,102101,562,101803,562,102116,100,101544,100,102153,100,100476,100,102205,100,100200,100,,,100072,100,,,99999,100,,,99908,100,,,99870,100,,,99862,100,,,99703,100
2019-06-28 10:07:50.000000000,102101,562,101803,562,102116,100,101544,100,102153,100,100476,100,102205,100,100200,100,,,100072,100,,,99999,100,,,99908,100,,,99870,100,,,99862,100,,,99703,100
2019-06-28 10:07:59.788059269,102101,562,101803,562,102116,100,101666,100,102153,100,101544,100,102205,100,100476,100,,,100200,100,,,100072,100,,,99999,100,,,99908,100,,,99870,100,,,99862,100
2019-06-28 10:08:00.000000000,102101,216,101803,216,102116,216,101666,216,102153,216,101544,216,102205,216,100476,216,,,100200,100,,,100072,100,,,99999,100,,,99908,100,,,99870,100,,,99862,100
2019-06-28 10:08:00.091234865,102101,216,101803,216,102116,216,101759,100,102153,216,101666,216,102205,216,101544,216,,,100476,216,,,100200,100,,,100072,100,,,99999,100,,,99908,100,,,99870,100
2019-06-28 10:08:06.611915202,102101,216,101803,216,102116,216,101759,100,102153,216,101666,216,102205,216,101647,100,,,101544,216,,,100476,216,,,100200,100,,,100072,100,,,99999,100,,,99908,100
2019-06-28 10:08:10.000000000,102101,216,101803,216,102116,216,101759,216,102153,216,101666,216,102205,216,101647,216,,,101544,100,,,100476,100,,,100200,100,,,100072,100,,,99999,100,,,99908,100
2019-06-28 10:08:13.516963058,101925,100,101803,216,102101,216,101759,216,102116,216,101666,216,102153,216,101647,216,102205,216,101544,100,,,100476,100,,,100200,100,,,100072,100,,,99999,100,,,99908,100
2019-06-28 10:08:20.000000000,101925,192,101803,192,102101,192,101759,192,102116,192,101666,192,102153,192,101647,192,102205,192,101544,192,,,100476,100,,,100200,100,,,100072,100,,,99999,100,,,99908,100
2019-06-28 10:08:30.000000000,101925,192,101803,192,102101,192,101759,192,102116,192,101666,192,102153,192,101647,192,102205,192,101544,192,,,100476,100,,,100200,100,,,100072,100,,,99999,100,,,99908,100
2019-06-28 10:08:34.378951152,101925,192,101803,92,102101,192,101759,192,102116,192,101666,192,102153,192,101647,192,102205,192,101544,192,,,100476,100,,,100200,100,,,100072,100,,,99999,100,,,99908,100
2019-06-28 10:08:39.228572493,101924,100,101803,92,101925,192,101759,192,102101,192,101666,192,102116,192,101647,192,102153,192,101544,192,102205,192,100476,100,,,100200,100,,,100072,100,,,99999,100,,,99908,100
2019-06-28 10:08:40.000000000,101924,562,101759,562,101925,100,101666,100,102101,100,101647,100,102116,100,101544,100,102153,100,100476,100,102205,100,100200,100,,,100072,100,,,99999,100,,,99908,100,,,99870,100
2019-06-28 10:08:50.000000000,101924,192,101759,192,101925,192,101666,192,102101,192,101647,192,102116,192,101544,192,102153,192,100476,192,102205,100,100200,100,,,100072,100,,,99999,100,,,99908,100,,,99870,100
