,ask_price_1,ask_size_1,bid_price_1,bid_size_1,ask_price_2,ask_size_2,bid_price_2,bid_size_2,ask_price_3,ask_size_3,bid_price_3,bid_size_3,ask_price_4,ask_size_4,bid_price_4,bid_size_4,ask_price_5,ask_size_5,bid_price_5,bid_size_5,ask_price_6,ask_size_6,bid_price_6,bid_size_6,ask_price_7,ask_size_7,bid_price_7,bid_size_7,ask_price_8,ask_size_8,bid_price_8,bid_size_8,ask_price_9,ask_size_9,bid_price_9,bid_size_9,ask_price_10,ask_size_10,bid_price_10,bid_size_10
2019-06-28 09:30:00.000000001,,,99908,100,,,99864,100,,,,,,,,,,,,,,,,,,,,,,,,,,,,,,,,
2019-06-28 09:30:00.000000002,100000,100,99908,100,100011,100,99864,100,100135,100,,,,,,,,,,,,,,,,,,,,,,,,,,,,,,
2019-06-28 09:30:00.000000004,100000,100,99908,100,100011,100,99864,100,100084,100,,,100135,100,,,,,,,,,,,,,,,,,,,,,,,,,,
2019-06-28 09:30:00.000000011,100011,100,99916,100,100084,100,99908,100,100135,100,99864,100,,,,,,,,,,,,,,,,,,,,,,,,,,,,
2019-06-28 09:30:00.000000013,100011,100,99996,100,100084,100,99916,100,100102,100,99908,100,100135,100,99864,100,,,,,,,,,,,,,,,,,,,,,,,,
2019-06-28 09:30:00.000000014,100011,100,99996,100,100084,100,99916,100,100102,100,99908,100,100115,100,99864,100,100135,100,,,,,,,,,,,,,,,,,,,,,,
2019-06-28 09:30:00.000000015,100084,100,99996,100,100102,100,99916,100,100115,100,99908,100,100135,100,99864,100,,,,,,,,,,,,,,,,,,,,,,,,
2019-06-28 09:30:00.000000017,100084,100,100009,100,100102,100,99996,100,100115,100,99916,100,100135,100,99908,100,,,99864,100,,,,,,,,,,,,,,,,,,,,
2019-06-28 09:30:00.000000021,100084,100,100009,100,100102,100,99996,100,100115,100,99916,100,100135,100,99908,100,100176,100,99864,100,,,,,,,,,,,,,,,,,,,,
2019-06-28 09:30:00.000000022,100084,100,100009,100,100102,100,99996,100,100115,100,99990,100,100135,100,99916,100,100176,100,99908,100,,,99864,100,,,,,,,,,,,,,,,,
2019-06-28 09:30:00.000000024,100084,100,99996,100,100102,100,99990,100,100115,100,99916,100,100135,100,99908,100,100176,100,99864,100,,,,,,,,,,,,,,,,,,,,
2019-06-28 09:30:00.000000026,100084,100,99996,100,100102,100,99990,100,100115,100,99916,100,100135,100,99908,100,100176,100,99864,100,100193,100,,,,,,,,,,,,,,,,,,
2019-06-28 09:30:00.000000029,100084,100,99996,100,100102,100,99990,100,100115,100,99966,100,100135,100,99916,100,100176,100,99908,100,100193,100,99864,100,,,,,,,,,,,,,,,,
2019-06-28 09:30:00.000000030,100084,100,99996,100,100102,100,99990,100,100115,100,99966,100,100135,100,99916,100,100176,100,99908,100,100193,100,99864,100,,,99841,100,,,,,,,,,,,,
2019-06-28 09:30:00.000000031,100084,100,99996,100,100102,100,99990,100,100115,100,99966,100,100135,100,99916,100,100176,100,99908,100,100193,100,99873,100,,,99864,100,,,99841,100,,,,,,,,
2019-06-28 09:30:00.000000032,100011,100,99996,100,100084,100,99990,100,100102,100,99966,100,100115,100,99916,100,100135,100,99908,100,100176,100,99873,100,100193,100,99864,100,,,99841,100,,,,,,,,
2019-06-28 09:30:00.000000036,100011,100,99996,100,100084,100,99990,100,100102,100,99966,100,100115,100,99916,100,100135,100,99908,100,100176,100,99873,100,100193,100,99864,100,,,99841,100,,,99827,100,,,,
2019-06-28 09:30:00.000000037,100011,200,99996,100,100084,100,99990,100,100102,100,99966,100,100115,100,99916,100,100135,100,99908,100,100176,100,99873,100,100193,100,99864,100,,,99841,100,,,99827,100,,,,
2019-06-28 09:30:00.000000039,100011,200,100009,100,100084,100,99996,100,100102,100,99990,100,100115,100,99966,100,100135,100,99916,100,100176,100,99908,100,100193,100,99873,100,,,99864,100,,,99841,100,,,99827,100
2019-06-28 09:30:00.000000040,100011,200,100009,100,100013,100,99996,100,100084,100,99990,100,100102,100,99966,100,100115,100,99916,100,100135,100,99908,100,100176,100,99873,100,100193,100,99864,100,,,99841,100,,,99827,100
2019-06-28 09:30:00.000000042,100011,200,100009,100,100013,100,99996,100,100082,100,99990,100,100084,100,99966,100,100102,100,99964,100,100115,100,99916,100,100135,100,99908,100,100176,100,99873,100,100193,100,99864,100,,,99841,100
2019-06-28 09:30:00.000000043,100009,100,99996,100,100011,200,99990,100,100013,100,99966,100,100082,100,99964,100,100084,100,99916,100,100102,100,99908,100,100115,100,99873,100,100135,100,99864,100,100176,100,99841,100,100193,100,99827,100
2019-06-28 09:30:00.000000046,100009,100,99996,100,100011,200,99990,100,100013,100,99966,100,100057,100,99964,100,100082,100,99916,100,100084,100,99908,100,100102,100,99873,100,100115,100,99864,100,100135,100,99841,100,100176,100,99827,100
2019-06-28 09:30:00.000000048,100011,200,99996,100,100013,100,99990,100,100057,100,99966,100,100082,100,99964,100,100084,100,99916,100,100102,100,99908,100,100115,100,99873,100,100135,100,99864,100,100176,100,99841,100,100193,100,99827,100
2019-06-28 09:30:00.000000049,100009,100,99996,100,100011,200,99990,100,100013,100,99966,100,100057,100,99964,100,100082,100,99916,100,100084,100,99908,100,100102,100,99873,100,100115,100,99864,100,100135,100,99841,100,100176,100,99827,100
2019-06-28 09:30:00.000000050,100009,200,99996,100,100011,200,99990,100,100013,100,99966,100,100057,100,99964,100,100082,100,99916,100,100084,100,99908,100,100102,100,99873,100,100115,100,99864,100,100135,100,99841,100,100176,100,99827,100
2019-06-28 09:30:00.000000056,100009,200,99996,100,100011,200,99990,100,100013,100,99966,100,100057,100,99964,100,100082,100,99916,100,100084,100,99915,100,100102,100,99913,100,100115,100,99908,100,100135,100,99873,100,100176,100,99864,100
2019-06-28 09:30:00.000000059,100009,200,99996,100,100011,200,99990,100,100013,100,99966,100,100057,100,99964,100,100082,100,99916,100,100084,100,99915,100,100102,100,99913,100,100113,100,99908,100,100115,100,99873,100,100135,100,99864,100
2019-06-28 09:30:00.000000060,100009,200,99990,100,100011,200,99966,100,100013,100,99964,100,100057,100,99916,100,100082,100,99915,100,100084,100,99913,100,100102,100,99908,100,100113,100,99873,100,100115,100,99864,100,100135,100,99841,100
2019-06-28 09:30:00.000000065,100009,200,99996,100,100011,200,99990,100,100013,100,99966,100,100057,100,99964,100,100082,100,99916,100,100084,100,99915,100,100102,100,99913,100,100113,100,99908,100,100115,100,99873,100,100135,100,99864,100
2019-06-28 09:30:00.000000066,100009,200,99996,200,100011,200,99990,100,100013,100,99966,100,100057,100,99964,100,100082,100,99916,100,100084,100,99915,100,100102,100,99913,200,100113,100,99908,100,100115,100,99886,100,100135,100,99873,100
2019-06-28 09:30:00.000000067,100009,200,99996,200,100011,200,99990,100,100013,100,99966,100,100057,100,99964,100,100082,100,99916,100,100084,100,99915,100,100102,100,99913,200,100111,100,99908,100,100113,100,99886,100,100115,100,99873,100
2019-06-28 09:30:00.000000068,100009,200,99996,200,100011,200,99990,100,100013,100,99966,100,100057,100,99964,100,100082,100,99916,100,100084,100,99915,100,100102,100,99913,200,100111,100,99908,100,100113,100,99886,100,100115,100,99873,100
2019-06-28 09:30:00.000000069,100009,200,99996,200,100011,200,99990,100,100013,100,99970,100,100057,100,99966,100,100082,100,99964,100,100084,100,99916,100,100102,100,99915,100,100111,100,99913,200,100113,100,99908,100,100115,100,99886,100
2019-06-28 09:30:00.000000070,100009,100,99996,200,100011,200,99990,100,100013,100,99970,100,100057,100,99966,100,100082,100,99964,100,100084,100,99916,100,100102,100,99915,100,100111,100,99913,200,100113,100,99908,100,100115,100,99886,100
2019-06-28 09:30:00.000000072,100009,100,99996,200,100011,200,99990,100,100013,100,99970,100,100057,100,99966,100,100082,100,99964,100,100084,100,99959,100,100102,100,99916,100,100111,100,99915,100,100113,100,99913,200,100115,100,99908,100
2019-06-28 09:30:00.000000074,100004,100,99996,200,100009,100,99990,100,100011,200,99970,100,100013,100,99966,100,100057,100,99964,100,100082,100,99959,100,100084,100,99916,100,100102,100,99915,100,100111,100,99913,200,100113,100,99908,100
2019-06-28 09:30:00.000000075,100004,100,99997,100,100009,100,99996,200,100011,200,99990,100,100013,100,99970,100,100057,100,99966,100,100082,100,99964,100,100084,100,99959,100,100102,100,99916,100,100111,100,99915,100,100113,100,99913,200
2019-06-28 09:30:00.000000077,100004,100,99997,100,100008,100,99996,200,100009,100,99990,100,100011,200,99970,100,100013,100,99966,100,100057,100,99964,100,100082,100,99959,100,100084,100,99916,100,100102,100,99915,100,100111,100,99913,200
2019-06-28 09:30:00.000000078,100008,100,99997,100,100009,100,99996,200,100011,200,99990,100,100013,100,99970,100,100057,100,99966,100,100082,100,99964,100,100084,100,99959,100,100102,100,99916,100,100111,100,99915,100,100113,100,99913,200
2019-06-28 09:30:00.000000079,100008,100,99997,100,100009,100,99996,200,100011,200,99990,100,100013,100,99970,100,100057,100,99966,100,100064,100,99964,100,100082,100,99959,100,100084,100,99916,100,100102,100,99915,100,100111,100,99913,200
2019-06-28 09:30:00.000000082,100008,100,99997,100,100009,100,99996,200,100011,200,99990,100,100013,100,99984,100,100057,100,99970,100,100064,100,99966,100,100082,100,99964,100,100084,100,99959,100,100102,100,99916,100,100111,100,99915,100
2019-06-28 09:30:00.000000084,100008,100,99996,200,100009,100,99990,100,100011,200,99984,100,100013,100,99970,100,100057,100,99966,100,100064,100,99964,100,100082,100,99959,100,100084,100,99916,100,100102,100,99915,100,100111,100,99913,200
2019-06-28 09:30:00.000000086,100009,100,99996,200,100011,200,99990,100,100013,100,99984,100,100057,100,99970,100,100064,100,99966,100,100082,100,99964,100,100084,100,99959,100,100102,100,99916,100,100111,100,99915,100,100113,100,99913,200
2019-06-28 09:30:00.000000091,100009,100,99996,200,100011,200,99990,100,100013,100,99984,100,100057,100,99970,100,100064,100,99966,100,100082,100,99964,100,100084,100,99959,100,100102,100,99916,100,100107,100,99915,100,100111,100,99913,200
2019-06-28 09:30:00.000000094,100009,100,99996,200,100011,200,99990,100,100013,100,99984,100,100033,100,99970,100,100057,100,99966,100,100064,100,99964,100,100082,100,99959,100,100084,100,99916,100,100102,100,99915,100,100107,100,99913,200
2019-06-28 09:30:00.000000097,100009,100,100008,100,100011,200,99996,200,100013,100,99990,100,100033,100,99984,100,100040,100,99970,100,100057,100,99966,100,100064,100,99964,100,100082,100,99959,100,100084,100,99941,100,100102,100,99916,100
2019-06-28 09:30:00.000000098,100011,200,100008,100,100013,100,99996,200,100033,100,99990,100,100040,100,99984,100,100057,100,99970,100,100064,100,99966,100,100082,200,99964,100,100084,100,99959,100,100102,100,99941,100,100107,100,99916,100
2019-06-28 09:30:07.668306812,100011,200,100008,100,100013,100,99996,200,100033,100,99990,100,100040,100,99984,100,100057,100,99970,100,100064,100,99966,100,100082,200,99964,100,100084,100,99959,100,100102,100,99948,100,100107,100,99941,100
2019-06-28 09:30:08.481388498,100011,200,100009,100,100013,100,100008,100,100033,100,99996,200,100040,100,99990,100,100057,100,99984,100,100064,100,99970,100,100082,200,99966,100,100084,100,99964,100,100102,100,99959,100,100107,100,99948,100
2019-06-28 09:30:10.000000000,100011,446,100009,346,100013,346,100008,346,100033,100,99996,200,100040,100,99990,100,100057,100,99984,100,100064,100,99970,100,100082,200,99966,100,100084,100,99964,100,100102,100,99959,100,100107,100,99948,100
2019-06-28 09:30:20.000000000,100011,298,100009,198,100013,198,100008,198,100033,198,99996,298,100040,198,99990,198,100057,198,99984,198,100064,100,99970,100,100082,200,99966,100,100084,100,99964,100,100102,100,99959,100,100107,100,99948,100
2019-06-28 09:30:30.000000000,100011,692,100009,592,100013,100,100008,100,100033,100,99996,200,100040,100,99990,100,100057,100,99984,100,100064,100,99970,100,100082,200,99966,100,100084,100,99964,100,100102,100,99959,100,100107,100,99948,100
2019-06-28 09:30:39.180820465,100011,692,100009,492,100013,100,100008,100,100033,100,99996,200,100040,100,99990,100,100057,100,99984,100,100064,100,99970,100,100082,200,99966,100,100084,100,99964,100,100102,100,99959,100,100107,100,99948,100
2019-06-28 09:30:40.000000000,100011,298,100008,198,100013,198,99996,298,100033,198,99990,198,100040,198,99984,198,100057,198,99970,198,100064,100,99966,100,100082,200,99964,100,100084,100,99959,100,100102,100,99948,100,100107,100,99941,100
2019-06-28 09:30:46.132618148,100009,100,100008,198,100011,298,99996,298,100013,198,99990,198,100033,198,99984,198,100040,198,99970,198,100057,198,99966,100,100064,100,99964,100,100082,200,99959,100,100084,100,99948,100,100102,100,99941,100
2019-06-28 09:30:50.000000000,100009,346,100008,346,100011,446,99996,446,100013,100,99990,100,100033,100,99984,100,100040,100,99970,100,100057,100,99966,100,100064,100,99964,100,100082,200,99959,100,100084,100,99948,100,100102,100,99941,100
2019-06-28 09:30:58.636546327,100009,346,100008,246,100011,446,99996,446,100013,100,99990,100,100033,100,99984,100,100040,100,99970,100,100057,100,99964,100,100064,100,99959,100,100082,200,99948,100,100084,100,99941,100,100102,100,99916,100
2019-06-28 09:31:00.000000000,100009,198,99996,298,100011,298,99990,198,100013,198,99984,198,100033,198,99970,198,100040,198,99964,198,100057,100,99959,100,100064,100,99948,100,100082,200,99941,100,100084,100,99916,100,100102,100,99915,100
2019-06-28 09:31:10.000000000,100009,198,99996,298,100011,298,99990,198,100013,198,99984,198,100033,198,99970,198,100040,198,99964,198,100057,100,99959,100,100064,100,99948,100,100082,200,99941,100,100084,100,99916,100,100102,100,99915,100
2019-06-28 09:31:12.377447668,100009,198,99996,298,100011,298,99990,198,100013,198,99984,198,100033,198,99970,198,100040,198,99964,198,100057,100,99959,100,100064,100,99948,100,100082,200,99941,100,100084,100,99916,100,100102,100,99915,100
2019-06-28 09:31:15.297677784,100009,198,99996,298,100011,298,99990,198,100013,198,99984,198,100033,198,99970,198,100040,198,99964,198,100057,100,99959,100,100064,100,99948,100,100082,200,99941,100,100084,100,99916,100,100102,100,99915,100
2019-06-28 09:31:20.000000000,100009,267,99996,367,100011,362,99990,262,100013,262,99984,262,100033,100,99970,100,100040,100,99964,100,100057,100,99959,100,100064,100,99948,100,100082,200,99941,100,100084,100,99916,100,100102,100,99915,100
2019-06-28 09:31:30.000000000,100009,592,99996,692,100011,200,99990,100,100013,100,99984,100,100033,100,99970,100,100040,100,99964,100,100057,100,99959,100,100064,100,99948,100,100082,200,99941,100,100084,100,99916,100,100102,100,99915,100
2019-06-28 09:31:40.000000000,100009,267,99996,367,100011,362,99990,262,100013,262,99984,262,100033,100,99970,100,100040,100,99964,100,100057,100,99959,100,100064,100,99948,100,100082,200,99941,100,100084,100,99916,100,100102,100,99915,100
2019-06-28 09:31:50.000000000,100009,346,99996,446,100011,446,99990,346,100013,100,99984,100,100033,100,99970,100,100040,100,99964,100,100057,100,99959,100,100064,100,99948,100,100082,200,99941,100,100084,100,99916,100,100102,100,99915,100
2019-06-28 09:31:59.520161905,100009,246,99996,446,100011,446,99990,346,100013,100,99984,100,100033,100,99970,100,100040,100,99964,100,100057,100,99959,100,100064,100,99948,100,100082,200,99941,100,100084,100,99916,100,100102,100,99915,100
2019-06-28 09:32:00.000000000,100011,323,99996,323,100013,223,99990,223,100033,223,99984,223,100040,223,99970,223,100057,100,99964,100,100064,100,99959,100,100082,200,99948,100,100084,100,99941,100,100102,100,99916,100,100107,100,99915,100
2019-06-28 09:32:03.388064827,100011,323,100009,100,100013,223,99996,323,100033,223,99990,223,100040,223,99984,223,100057,100,99970,223,100064,100,99964,100,100082,200,99959,100,100084,100,99948,100,100102,100,99941,100,100107,100,99916,100
2019-06-28 09:32:10.000000000,100011,446,100009,346,100013,346,99996,446,100033,100,99990,100,100040,100,99984,100,100057,100,99970,100,100064,100,99964,100,100082,200,99959,100,100084,100,99948,100,100102,100,99941,100,100107,100,99916,100
2019-06-28 09:32:11.531498692,100011,346,100009,346,100013,346,99996,446,100033,100,99990,100,100040,100,99984,100,100057,100,99970,100,100064,100,99964,100,100082,200,99959,100,100084,100,99948,100,100102,100,99941,100,100107,100,99916,100
2019-06-28 09:32:20.000000000,100011,198,100009,198,100013,198,99996,298,100033,198,99990,198,100040,198,99984,198,100057,198,99970,198,100064,100,99964,100,100082,200,99959,100,100084,100,99948,100,100102,100,99941,100,100107,100,99916,100
2019-06-28 09:32:30.000000000,100011,267,100009,267,100013,262,99996,362,100033,262,99990,262,100040,100,99984,100,100057,100,99970,100,100064,100,99964,100,100082,200,99959,100,100084,100,99948,100,100102,100,99941,100,100107,100,99916,100
2019-06-28 09:32:40.000000000,100011,592,100009,592,100013,100,99996,200,100033,100,99990,100,100040,100,99984,100,100057,100,99970,100,100064,100,99964,100,100082,200,99959,100,100084,100,99948,100,100102,100,99941,100,100107,100,99916,100
2019-06-28 09:32:44.685879388,100011,592,100009,592,100013,100,99996,200,100033,100,99990,100,100040,100,99984,100,100057,100,99970,100,100064,100,99964,100,100082,200,99959,100,100084,100,99948,100,100102,100,99941,100,100107,100,99916,100
2019-06-28 09:32:50.000000000,100011,267,100009,267,100013,262,99996,362,100033,262,99990,262,100040,100,99984,100,100057,100,99970,100,100064,100,99964,100,100082,200,99959,100,100084,100,99948,100,100102,100,99941,100,100107,100,99916,100
2019-06-28 09:32:51.603272020,100011,167,100009,267,100013,262,99996,362,100033,262,99990,262,100040,100,99984,100,100057,100,99970,100,100064,100,99964,100,100082,200,99959,100,100084,100,99948,100,100102,100,99941,100,100107,100,99916,100
2019-06-28 09:32:53.825298675,100011,67,100009,267,100013,262,99996,362,100033,262,99990,262,100040,100,99984,100,100057,100,99970,100,100064,100,99959,100,100082,200,99948,100,100084,100,99941,100,100102,100,99916,100,100107,100,99913,200
2019-06-28 09:33:00.000000000,100013,346,100009,346,100033,346,99996,446,100040,100,99990,100,100057,100,99984,100,100064,100,99970,100,100082,200,99959,100,100084,100,99948,100,100102,100,99941,100,100107,100,99916,100,100111,100,99913,200
2019-06-28 09:33:02.959868830,100013,346,100009,346,100033,346,99996,446,100040,100,99990,100,100057,100,99984,100,100064,100,99970,100,100082,200,99959,100,100084,100,99948,100,100102,100,99941,100,100107,100,99913,200,100111,100,99908,100
2019-06-28 09:33:10.000000000,100013,592,100009,592,100033,100,99996,200,100040,100,99990,100,100057,100,99984,100,100064,100,99970,100,100082,200,99959,100,100084,100,99948,100,100102,100,99941,100,100107,100,99913,200,100111,100,99908,100
2019-06-28 09:33:20.000000000,100013,346,100009,346,100033,346,99996,446,100040,100,99990,100,100057,100,99984,100,100064,100,99970,100,100082,200,99959,100,100084,100,99948,100,100102,100,99941,100,100107,100,99913,200,100111,100,99908,100
2019-06-28 09:33:28.809680160,100013,246,100009,346,100033,346,99996,446,100040,100,99990,100,100057,100,99984,100,100064,100,99970,100,100082,200,99959,100,100084,100,99941,100,100102,100,99913,200,100107,100,99908,100,100111,100,99886,100
2019-06-28 09:33:30.000000000,100033,223,100009,223,100040,223,99996,323,100057,223,99990,223,100064,223,99984,223,100082,200,99970,100,100084,100,99959,100,100102,100,99941,100,100107,100,99913,200,100111,100,99908,100,100113,100,99886,100
2019-06-28 09:33:30.873895038,100033,223,100009,223,100040,223,99996,323,100057,223,99990,223,100064,223,99984,223,100082,100,99970,100,100084,100,99959,100,100102,100,99941,100,100107,100,99913,200,100111,100,99908,100,100113,100,99886,100
2019-06-28 09:33:40.000000000,100033,223,100009,223,100040,223,99996,323,100057,223,99990,223,100064,223,99984,223,100082,100,99970,100,100084,100,99959,100,100102,100,99941,100,100107,100,99913,200,100111,100,99908,100,100113,100,99886,100
2019-06-28 09:33:50.000000000,100033,223,100009,223,100040,223,99996,323,100057,223,99990,223,100064,223,99984,223,100082,100,99970,100,100084,100,99959,100,100102,100,99941,100,100107,100,99913,200,100111,100,99908,100,100113,100,99886,100
2019-06-28 09:33:55.638854502,100033,123,100009,223,100040,223,99996,323,100057,223,99990,223,100064,223,99984,223,100082,100,99970,100,100084,100,99959,100,100102,100,99941,100,100107,100,99913,200,100111,100,99908,100,100113,100,99886,100
2019-06-28 09:34:00.000000000,100040,267,100009,267,100057,262,99996,362,100064,262,99990,262,100082,100,99984,100,100084,100,99970,100,100102,100,99959,100,100107,100,99941,100,100111,100,99913,200,100113,100,99908,100,100135,100,99886,100
2019-06-28 09:34:00.154725109,100040,267,100009,267,100057,262,99996,362,100064,262,99990,262,100082,100,99984,100,100084,100,99970,100,100102,100,99959,100,100107,100,99941,100,100111,100,99913,200,100113,100,99908,100,100135,100,99886,100
2019-06-28 09:34:10.000000000,100040,346,100009,346,100057,346,99996,446,100064,100,99990,100,100082,100,99984,100,100084,100,99970,100,100102,100,99959,100,100107,100,99941,100,100111,100,99913,200,100113,100,99908,100,100135,100,99886,100
2019-06-28 09:34:18.674495208,100040,246,100009,346,100057,346,99996,446,100064,100,99990,100,100082,100,99984,100,100084,100,99970,100,100102,100,99959,100,100107,100,99941,100,100111,100,99913,200,100113,100,99908,100,100135,100,99886,100
2019-06-28 09:34:20.000000000,100057,346,100009,346,100064,346,99996,446,100082,100,99990,100,100084,100,99984,100,100102,100,99970,100,100107,100,99959,100,100111,100,99941,100,100113,100,99913,200,100135,100,99908,100,100404,100,99886,100
2019-06-28 09:34:30.000000000,100057,198,100009,198,100064,198,99996,298,100082,198,99990,198,100084,198,99984,198,100102,198,99970,198,100107,100,99959,100,100111,100,99941,100,100113,100,99913,200,100135,100,99908,100,100404,100,99886,100
2019-06-28 09:34:39.468851629,100057,98,100009,198,100064,198,99996,298,100082,198,99990,198,100084,198,99984,198,100102,198,99970,198,100107,100,99959,100,100111,100,99941,100,100113,100,99913,100,100135,100,99908,100,100404,100,99886,100
2019-06-28 09:34:40.000000000,100064,592,100009,592,100082,100,99996,200,100084,100,99990,100,100102,100,99984,100,100107,100,99970,100,100111,100,99959,100,100113,100,99941,100,100135,100,99913,100,100404,100,99908,100,100412,100,99886,100
2019-06-28 09:34:40.039905089,100064,492,100009,592,100082,100,99996,200,100084,100,99990,100,100102,100,99984,100,100107,100,99970,100,100111,100,99959,100,100113,100,99941,100,100135,100,99908,100,100404,100,99886,100,100412,100,99873,100
2019-06-28 09:34:45.798791686,100064,492,100009,592,100082,100,99996,200,100084,100,99990,100,100102,100,99984,100,100107,100,99970,100,100111,100,99959,100,100113,100,99941,100,100135,100,99908,100,100404,100,99873,100,100412,100,99856,100
2019-06-28 09:34:50.000000000,100082,346,100009,346,100084,346,99996,446,100102,100,99990,100,100107,100,99984,100,100111,100,99970,100,100113,100,99959,100,100135,100,99941,100,100404,100,99908,100,100412,100,99873,100,100579,100,99856,100
2019-06-28 09:35:00.000000000,100082,198,100009,198,100084,198,99996,298,100102,198,99990,198,100107,198,99984,198,100111,198,99970,198,100113,100,99959,100,100135,100,99941,100,100404,100,99908,100,100412,100,99873,100,100579,100,99856,100
2019-06-28 09:35:10.000000000,100082,223,100009,223,100084,223,99996,323,100102,223,99990,223,100107,223,99984,223,100111,100,99970,100,100113,100,99959,100,100135,100,99941,100,100404,100,99908,100,100412,100,99873,100,100579,100,99856,100
2019-06-28 09:35:14.384118655,100082,223,100057,100,100084,223,100009,223,100102,223,99996,323,100107,223,99990,223,100111,100,99984,223,100113,100,99970,100,100135,100,99959,100,100404,100,99941,100,100412,100,99908,100,100579,100,99873,100
2019-06-28 09:35:20.000000000,100082,223,100057,223,100084,223,100009,223,100102,223,99996,323,100107,223,99990,223,100111,100,99984,100,100113,100,99970,100,100135,100,99959,100,100404,100,99941,100,100412,100,99908,100,100579,100,99873,100
2019-06-28 09:35:21.368723765,100082,223,100057,223,100084,223,100009,223,100102,223,99996,323,100107,223,99990,223,100111,100,99984,100,100113,100,99970,100,100135,100,99959,100,100404,100,99941,100,100412,100,99908,100,100579,100,99873,100
2019-06-28 09:35:30.000000000,100082,198,100057,198,100084,198,100009,198,100102,198,99996,298,100107,198,99990,198,100111,198,99984,198,100113,100,99970,100,100135,100,99959,100,100404,100,99941,100,100412,100,99908,100,100579,100,99873,100
2019-06-28 09:35:40.000000000,100082,198,100057,198,100084,198,100009,198,100102,198,99996,298,100107,198,99990,198,100111,198,99984,198,100113,100,99970,100,100135,100,99959,100,100404,100,99941,100,100412,100,99908,100,100579,100,99873,100
2019-06-28 09:35:45.628122907,100082,198,100057,198,100084,198,100009,198,100102,198,99996,298,100107,198,99990,198,100111,198,99984,198,100113,100,99970,100,100135,100,99959,100,100404,100,99941,100,100412,100,99908,100,100579,100,99873,100
2019-06-28 09:35:50.000000000,100082,223,100057,223,100084,223,100009,223,100102,223,99996,323,100107,223,99990,223,100111,100,99984,100,100113,100,99970,100,100135,100,99959,100,100404,100,99941,100,100412,100,99908,100,100579,100,99873,100
2019-06-28 09:36:00.000000000,100082,267,100057,267,100084,262,100009,262,100102,262,99996,362,100107,100,99990,100,100111,100,99984,100,100113,100,99970,100,100135,100,99959,100,100404,100,99941,100,100412,100,99908,100,100579,100,99873,100
2019-06-28 09:36:10.000000000,100082,267,100057,267,100084,262,100009,262,100102,262,99996,362,100107,100,99990,100,100111,100,99984,100,100113,100,99970,100,100135,100,99959,100,100404,100,99941,100,100412,100,99908,100,100579,100,99873,100
2019-06-28 09:36:10.191147083,100082,167,100057,267,100084,262,100009,262,100102,262,99996,362,100107,100,99990,100,100111,100,99984,100,100113,100,99970,100,100135,100,99959,100,100404,100,99941,100,100412,100,99908,100,100579,100,99873,100
2019-06-28 09:36:11.471062418,100082,167,100064,100,100084,262,100057,267,100102,262,100009,262,100107,100,99996,362,100111,100,99990,100,100113,100,99984,100,100135,100,99970,100,100404,100,99959,100,100412,100,99941,100,100579,100,99908,100
2019-06-28 09:36:20.000000000,100084,592,100064,592,100102,100,100057,100,100107,100,100009,100,100111,100,99996,200,100113,100,99990,100,100135,100,99984,100,100404,100,99970,100,100412,100,99959,100,100579,100,99941,100,100841,100,99908,100
2019-06-28 09:36:21.773645161,100084,592,100064,592,100102,100,100057,100,100107,100,100009,100,100111,100,99996,200,100113,100,99990,100,100135,100,99984,100,100404,100,99970,100,100412,100,99959,100,100579,100,99941,100,100841,100,99908,100
2019-06-28 09:36:30.000000000,100084,223,100064,223,100102,223,100057,223,100107,223,100009,223,100111,223,99996,323,100113,100,99990,100,100135,100,99984,100,100404,100,99970,100,100412,100,99959,100,100579,100,99941,100,100841,100,99908,100
2019-06-28 09:36:40.000000000,100084,223,100064,223,100102,223,100057,223,100107,223,100009,223,100111,223,99996,323,100113,100,99990,100,100135,100,99984,100,100404,100,99970,100,100412,100,99959,100,100579,100,99941,100,100841,100,99908,100
2019-06-28 09:36:50.000000000,100084,267,100064,267,100102,262,100057,262,100107,262,100009,262,100111,100,99996,200,100113,100,99990,100,100135,100,99984,100,100404,100,99970,100,100412,100,99959,100,100579,100,99941,100,100841,100,99908,100
2019-06-28 09:37:00.000000000,100084,223,100064,223,100102,223,100057,223,100107,223,100009,223,100111,223,99996,323,100113,100,99990,100,100135,100,99984,100,100404,100,99970,100,100412,100,99959,100,100579,100,99941,100,100841,100,99908,100
2019-06-28 09:37:10.000000000,100084,592,100064,592,100102,100,100057,100,100107,100,100009,100,100111,100,99996,200,100113,100,99990,100,100135,100,99984,100,100404,100,99970,100,100412,100,99959,100,100579,100,99941,100,100841,100,99908,100
2019-06-28 09:37:20.000000000,100084,592,100064,592,100102,100,100057,100,100107,100,100009,100,100111,100,99996,200,100113,100,99990,100,100135,100,99984,100,100404,100,99970,100,100412,100,99959,100,100579,100,99941,100,100841,100,99908,100
2019-06-28 09:37:23.903905140,100084,592,100064,592,100102,100,100057,100,100107,100,100009,100,100111,100,99996,200,100113,100,99990,100,100135,100,99984,100,100404,100,99970,100,100412,100,99959,100,100579,100,99941,100,100791,100,99908,100
2019-06-28 09:37:30.000000000,100084,198,100064,198,100102,198,100057,198,100107,198,100009,198,100111,198,99996,298,100113,198,99990,198,100135,100,99984,100,100404,100,99970,100,100412,100,99959,100,100579,100,99941,100,100791,100,99908,100
2019-06-28 09:37:38.512528297,100084,98,100064,198,100102,198,100057,198,100107,198,100009,198,100111,198,99996,298,100113,198,99990,198,100135,100,99984,100,100404,100,99970,100,100412,100,99959,100,100579,100,99941,100,100791,100,99908,100
2019-06-28 09:37:40.000000000,100102,198,100064,198,100107,198,100057,198,100111,198,100009,198,100113,198,99996,298,100135,198,99990,198,100404,100,99984,100,100412,100,99970,100,100579,100,99959,100,100791,100,99941,100,100841,100,99908,100
2019-06-28 09:37:50.000000000,100102,592,100064,592,100107,100,100057,100,100111,100,100009,100,100113,100,99996,200,100135,100,99990,100,100404,100,99984,100,100412,100,99970,100,100579,100,99959,100,100791,100,99941,100,100841,100,99908,100
2019-06-28 09:38:00.000000000,100102,267,100064,267,100107,262,100057,262,100111,262,100009,262,100113,100,99996,200,100135,100,99990,100,100404,100,99984,100,100412,100,99970,100,100579,100,99959,100,100791,100,99941,100,100841,100,99908,100
2019-06-28 09:38:10.000000000,100102,267,100064,267,100107,262,100057,262,100111,262,100009,262,100113,100,99996,200,100135,100,99990,100,100404,100,99984,100,100412,100,99970,100,100579,100,99959,100,100791,100,99941,100,100841,100,99908,100
2019-06-28 09:38:20.000000000,100102,346,100064,346,100107,346,100057,346,100111,100,100009,100,100113,100,99996,200,100135,100,99990,100,100404,100,99984,100,100412,100,99970,100,100579,100,99959,100,100791,100,99941,100,100841,100,99908,100
2019-06-28 09:38:30.000000000,100102,223,100064,223,100107,223,100057,223,100111,223,100009,223,100113,223,99996,323,100135,100,99990,100,100404,100,99984,100,100412,100,99970,100,100579,100,99959,100,100791,100,99941,100,100841,100,99908,100
2019-06-28 09:38:39.106161042,100102,223,100082,100,100107,223,100064,223,100111,223,100057,223,100113,223,100009,223,100135,100,99996,323,100404,100,99990,100,100412,100,99984,100,100579,100,99970,100,100791,100,99959,100,100841,100,99941,100
2019-06-28 09:38:40.000000000,100102,592,100082,592,100107,100,100064,100,100111,100,100057,100,100113,100,100009,100,100135,100,99996,200,100404,100,99990,100,100412,100,99984,100,100579,100,99970,100,100791,100,99959,100,100841,100,99941,100
2019-06-28 09:38:50.000000000,100102,198,100082,198,100107,198,100064,198,100111,198,100057,198,100113,198,100009,198,100135,198,99996,298,100404,100,99990,100,100412,100,99984,100,100579,100,99970,100,100791,100,99959,100,100841,100,99941,100
2019-06-28 09:38:52.822261587,100102,198,100082,298,100107,198,100064,198,100111,198,100057,198,100113,198,100009,198,100135,198,99996,298,100404,100,99990,100,100412,100,99984,100,100579,100,99970,100,100791,100,99959,100,100841,100,99941,100
2019-06-28 09:39:00.000000000,100102,223,100082,323,100107,223,100064,223,100111,223,100057,223,100113,223,100009,223,100135,100,99996,200,100404,100,99990,100,100412,100,99984,100,100579,100,99970,100,100791,100,99959,100,100841,100,99941,100
2019-06-28 09:39:02.586512420,100102,123,100082,323,100107,223,100064,223,100111,223,100057,223,100113,223,100009,223,100135,100,99996,200,100404,100,99990,100,100412,100,99984,100,100579,100,99970,100,100791,100,99941,100,100841,100,99908,100
2019-06-28 09:39:10.000000000,100107,198,100082,298,100111,198,100064,198,100113,198,100057,198,100135,198,100009,198,100404,198,99996,298,100412,100,99990,100,100579,100,99984,100,100791,100,99970,100,100841,100,99941,100,100930,100,99908,100
2019-06-28 09:39:11.726747860,100107,198,100084,100,100111,198,100082,298,100113,198,100064,198,100135,198,100057,198,100404,198,100009,198,100412,100,99996,298,100579,100,99990,100,100791,100,99984,100,100841,100,99970,100,100930,100,99941,100
2019-06-28 09:39:20.000000000,100107,592,100084,592,100111,100,100082,200,100113,100,100064,100,100135,100,100057,100,100404,100,100009,100,100412,100,99996,200,100579,100,99990,100,100791,100,99984,100,100841,100,99970,100,100930,100,99941,100
2019-06-28 09:39:30.000000000,100107,592,100084,592,100111,100,100082,200,100113,100,100064,100,100135,100,100057,100,100404,100,100009,100,100412,100,99996,200,100579,100,99990,100,100791,100,99984,100,100841,100,99970,100,100930,100,99941,100
2019-06-28 09:39:34.784516183,100107,592,100084,592,100111,100,100082,200,100113,100,100064,100,100135,100,100057,100,100404,100,100009,100,100412,100,99996,100,100579,100,99990,100,100791,100,99984,100,100841,100,99970,100,100930,100,99941,100
2019-06-28 09:39:40.000000000,100107,198,100084,198,100111,198,100082,298,100113,198,100064,198,100135,198,100057,198,100404,198,100009,198,100412,100,99996,100,100579,100,99990,100,100791,100,99984,100,100841,100,99970,100,100930,100,99941,100
2019-06-28 09:39:44.135005649,100107,198,100084,198,100111,198,100082,298,100113,198,100064,198,100135,198,100057,198,100404,198,100009,198,100412,100,99996,100,100506,100,99990,100,100579,100,99984,100,100791,100,99970,100,100841,100,99941,100
2019-06-28 09:39:46.892689865,100107,98,100084,198,100111,198,100082,298,100113,198,100064,198,100135,198,100057,198,100404,198,100009,198,100412,100,99996,100,100506,100,99990,100,100579,100,99984,100,100791,100,99970,100,100841,100,99941,100
2019-06-28 09:39:50.000000000,100111,267,100084,267,100113,262,100082,362,100135,262,100064,262,100404,100,100057,100,100412,100,100009,100,100506,100,99996,100,100579,100,99990,100,100791,100,99984,100,100841,100,99970,100,100930,100,99941,100
2019-06-28 09:40:00.000000000,100111,267,100084,267,100113,262,100082,362,100135,262,100064,262,100404,100,100057,100,100412,100,100009,100,100506,100,99996,100,100579,100,99990,100,100791,100,99984,100,100841,100,99970,100,100930,100,99941,100
2019-06-28 09:40:05.949083357,100111,267,100084,267,100113,262,100082,362,100135,262,100064,262,100404,100,100057,100,100412,100,100009,100,100506,100,99996,100,100513,100,99984,100,100579,100,99970,100,100791,100,99941,100,100841,100,99908,100
2019-06-28 09:40:09.690175693,100111,267,100084,267,100113,262,100082,262,100135,262,100064,262,100404,100,100057,100,100412,100,100009,100,100506,100,99996,100,100513,100,99984,100,100579,100,99970,100,100791,100,99941,100,100841,100,99908,100
2019-06-28 09:40:10.000000000,100111,223,100084,223,100113,223,100082,223,100135,223,100064,223,100404,223,100057,223,100412,100,100009,100,100506,100,99996,100,100513,100,99984,100,100579,100,99970,100,100791,100,99941,100,100841,100,99908,100
2019-06-28 09:40:20.000000000,100111,267,100084,267,100113,262,100082,262,100135,262,100064,262,100404,100,100057,100,100412,100,100009,100,100506,100,99996,100,100513,100,99984,100,100579,100,99970,100,100791,100,99941,100,100841,100,99908,100
2019-06-28 09:40:30.000000000,100111,267,100084,267,100113,262,100082,262,100135,262,100064,262,100404,100,100057,100,100412,100,100009,100,100506,100,99996,100,100513,100,99984,100,100579,100,99970,100,100791,100,99941,100,100841,100,99908,100
2019-06-28 09:40:31.708354674,100111,167,100084,267,100113,262,100082,262,100135,262,100064,262,100404,100,100057,100,100412,100,100009,100,100506,100,99996,100,100513,100,99984,100,100579,100,99970,100,100791,100,99941,100,100841,100,99908,100
2019-06-28 09:40:37.854770471,100111,167,100084,267,100113,262,100082,262,100135,262,100064,262,100393,100,100057,100,100404,100,100009,100,100412,100,99996,100,100506,100,99984,100,100513,100,99970,100,100579,100,99941,100,100791,100,99908,100
2019-06-28 09:40:40.000000000,100113,198,100084,198,100135,198,100082,198,100393,198,100064,198,100404,198,100057,198,100412,198,100009,198,100506,100,99996,100,100513,100,99984,100,100579,100,99970,100,100791,100,99941,100,100841,100,99908,100
2019-06-28 09:40:50.000000000,100113,198,100084,198,100135,198,100082,198,100393,198,100064,198,100404,198,100057,198,100412,198,100009,198,100506,100,99996,100,100513,100,99984,100,100579,100,99970,100,100791,100,99941,100,100841,100,99908,100
2019-06-28 09:40:51.005016261,100113,198,100084,198,100135,198,100082,198,100155,100,100064,198,100393,198,100057,198,100404,198,100009,198,100412,198,99996,100,100506,100,99984,100,100513,100,99970,100,100579,100,99941,100,100791,100,99908,100
2019-06-28 09:40:52.084164433,100113,198,100107,100,100135,198,100084,198,100155,100,100082,198,100393,198,100064,198,100404,198,100057,198,100412,198,100009,198,100506,100,99996,100,100513,100,99984,100,100579,100,99970,100,100791,100,99941,100
2019-06-28 09:41:00.000000000,100113,592,100107,592,100135,100,100084,100,100155,100,100082,100,100393,100,100064,100,100404,100,100057,100,100412,100,100009,100,100506,100,99996,100,100513,100,99984,100,100579,100,99970,100,100791,100,99941,100
2019-06-28 09:41:07.993195726,100113,592,100107,692,100135,100,100084,100,100155,100,100082,100,100393,100,100064,100,100404,100,100057,100,100412,100,100009,100,100506,100,99996,100,100513,100,99984,100,100579,100,99970,100,100791,100,99941,100
2019-06-28 09:41:10.000000000,100113,198,100107,298,100135,198,100084,198,100155,198,100082,198,100393,198,100064,198,100404,198,100057,198,100412,100,100009,100,100506,100,99996,100,100513,100,99984,100,100579,100,99970,100,100791,100,99941,100
2019-06-28 09:41:20.000000000,100113,267,100107,367,100135,262,100084,262,100155,262,100082,262,100393,100,100064,100,100404,100,100057,100,100412,100,100009,100,100506,100,99996,100,100513,100,99984,100,100579,100,99970,100,100791,100,99941,100
2019-06-28 09:41:25.240687327,100113,267,100107,367,100135,262,100084,262,100155,262,100082,262,100253,100,100064,100,100393,100,100057,100,100404,100,100009,100,100412,100,99996,100,100506,100,99984,100,100513,100,99970,100,100579,100,99941,100
2019-06-28 09:41:30.000000000,100113,198,100107,298,100135,198,100084,198,100155,198,100082,198,100253,198,100064,198,100393,198,100057,198,100404,100,100009,100,100412,100,99996,100,100506,100,99984,100,100513,100,99970,100,100579,100,99941,100
2019-06-28 09:41:40.000000000,100113,198,100107,298,100135,198,100084,198,100155,198,100082,198,100253,198,100064,198,100393,198,100057,198,100404,100,100009,100,100412,100,99996,100,100506,100,99984,100,100513,100,99970,100,100579,100,99941,100
2019-06-28 09:41:42.298361866,100113,198,100107,298,100135,198,100084,198,100155,198,100082,198,100246,100,100064,198,100253,198,100057,198,100393,198,100009,100,100404,100,99996,100,100412,100,99984,100,100506,100,99970,100,100579,100,99941,100
2019-06-28 09:41:46.521062798,100113,198,100107,298,100135,198,100084,198,100155,198,100082,298,100246,100,100064,198,100253,198,100057,198,100393,198,100009,100,100404,100,99996,100,100412,100,99984,100,100506,100,99970,100,100579,100,99941,100
2019-06-28 09:41:48.852890402,100113,98,100107,298,100135,198,100084,198,100155,198,100082,298,100246,100,100064,198,100253,198,100057,198,100393,198,100009,100,100404,100,99996,100,100506,100,99984,100,100579,100,99970,100,100791,100,99941,100
2019-06-28 09:41:50.000000000,100135,198,100107,298,100155,198,100084,198,100246,198,100082,298,100253,198,100064,198,100393,198,100057,198,100404,100,100009,100,100506,100,99996,100,100579,100,99984,100,100791,100,99970,100,100841,100,99941,100
2019-06-28 09:42:00.000000000,100135,346,100107,446,100155,346,100084,346,100246,100,100082,200,100253,100,100064,100,100393,100,100057,100,100404,100,100009,100,100506,100,99996,100,100579,100,99984,100,100791,100,99970,100,100841,100,99941,100
2019-06-28 09:42:07.458856573,100135,346,100107,346,100155,346,100084,346,100246,100,100082,200,100253,100,100064,100,100393,100,100057,100,100404,100,100009,100,100506,100,99996,100,100579,100,99984,100,100791,100,99970,100,100841,100,99941,100
2019-06-28 09:42:10.000000000,100135,267,100107,267,100155,262,100084,262,100246,262,100082,362,100253,100,100064,100,100393,100,100057,100,100404,100,100009,100,100506,100,99996,100,100579,100,99984,100,100791,100,99970,100,100841,100,99941,100
2019-06-28 09:42:12.777844786,100110,100,100107,267,100135,267,100084,262,100155,262,100082,362,100246,262,100064,100,100253,100,100057,100,100393,100,100009,100,100404,100,99996,100,100506,100,99984,100,100579,100,99970,100,100791,100,99941,100
2019-06-28 09:42:20.000000000,100110,346,100107,346,100135,346,100084,346,100155,100,100082,200,100246,100,100064,100,100253,100,100057,100,100393,100,100009,100,100404,100,99996,100,100506,100,99984,100,100579,100,99970,100,100791,100,99941,100
2019-06-28 09:42:23.347745548,100110,346,100107,346,100135,346,100084,346,100155,100,100082,200,100246,100,100064,100,100253,100,100057,100,100393,100,100009,100,100404,100,99996,100,100506,100,99984,100,100579,100,99970,100,100791,100,99941,100
2019-06-28 09:42:25.268464831,100110,346,100107,346,100135,346,100084,346,100155,100,100082,200,100246,100,100064,100,100253,100,100057,100,100393,100,100009,100,100404,100,99996,100,100506,100,99984,100,100579,100,99970,100,100791,100,99941,100
2019-06-28 09:42:28.629081948,100110,346,100107,246,100135,346,100084,346,100155,100,100082,200,100253,100,100064,100,100393,100,100057,100,100404,100,100009,100,100506,100,99996,100,100579,100,99984,100,100791,100,99970,100,100841,100,99941,100
2019-06-28 09:42:30.000000000,100110,267,100084,267,100135,262,100082,362,100155,262,100064,262,100253,100,100057,100,100393,100,100009,100,100404,100,99996,100,100506,100,99984,100,100579,100,99970,100,100791,100,99941,100,100841,100,99914,100
2019-06-28 09:42:34.676073605,100110,267,100108,100,100135,262,100084,267,100155,262,100082,362,100253,100,100064,262,100393,100,100057,100,100404,100,100009,100,100506,100,99984,100,100579,100,99970,100,100791,100,99941,100,100841,100,99914,100
2019-06-28 09:42:39.683703949,100110,267,100108,100,100135,262,100089,100,100155,262,100084,267,100253,100,100082,362,100393,100,100064,262,100404,100,100057,100,100506,100,100009,100,100579,100,99984,100,100791,100,99970,100,100841,100,99941,100
2019-06-28 09:42:40.000000000,100110,198,100108,198,100135,198,100089,198,100155,198,100084,198,100253,198,100082,298,100393,198,100064,198,100404,100,100057,100,100506,100,100009,100,100579,100,99984,100,100791,100,99970,100,100841,100,99941,100
2019-06-28 09:42:40.486836800,100110,198,100108,198,100135,198,100089,198,100155,198,100084,198,100253,298,100082,298,100393,198,100064,198,100404,100,100057,100,100506,100,100009,100,100579,100,99984,100,100791,100,99970,100,100841,100,99941,100
2019-06-28 09:42:48.901106564,100110,98,100108,198,100135,198,100089,198,100155,198,100084,198,100253,298,100082,298,100393,198,100064,198,100404,100,100057,100,100506,100,100009,100,100579,100,99984,100,100791,100,99970,100,100841,100,99941,100
2019-06-28 09:42:50.000000000,100135,223,100108,223,100155,223,100089,223,100253,323,100084,223,100393,223,100082,323,100404,100,100064,100,100506,100,100057,100,100579,100,100009,100,100791,100,99984,100,100841,100,99970,100,100930,100,99941,100
2019-06-28 09:43:00.000000000,100135,592,100108,592,100155,100,100089,100,100253,200,100084,100,100393,100,100082,200,100404,100,100064,100,100506,100,100057,100,100579,100,100009,100,100791,100,99984,100,100841,100,99970,100,100930,100,99941,100
2019-06-28 09:43:00.260379812,100135,592,100108,592,100155,100,100089,100,100253,200,100084,100,100393,100,100082,200,100404,100,100081,100,100506,100,100064,100,100579,100,100057,100,100791,100,100009,100,100841,100,99984,100,100930,100,99970,100
2019-06-28 09:43:08.234842723,100135,492,100108,592,100253,200,100089,100,100393,100,100084,100,100404,100,100082,200,100506,100,100081,100,100579,100,100064,100,100791,100,100057,100,100841,100,100009,100,100930,100,99984,100,101027,100,99970,100
2019-06-28 09:43:10.000000000,100253,692,100108,592,100393,100,100089,100,100404,100,100084,100,100506,100,100082,200,100579,100,100081,100,100791,100,100064,100,100841,100,100057,100,100930,100,100009,100,101027,100,99984,100,101079,100,99970,100
2019-06-28 09:43:14.879441103,100186,100,100108,592,100253,692,100089,100,100393,100,100084,100,100404,100,100082,200,100506,100,100081,100,100579,100,100064,100,100791,100,100057,100,100841,100,100009,100,100930,100,99984,100,101027,100,99970,100
2019-06-28 09:43:17.758713751,100186,100,100110,100,100253,692,100108,592,100393,100,100089,100,100404,100,100084,100,100506,100,100082,200,100579,100,100081,100,100791,100,100064,100,100841,100,100057,100,100930,100,100009,100,101027,100,99984,100
2019-06-28 09:43:19.800615310,100186,100,100178,100,100253,692,100110,100,100393,100,100108,592,100404,100,100089,100,100506,100,100084,100,100579,100,100082,200,100791,100,100064,100,100841,100,100057,100,100930,100,100009,100,101027,100,99984,100
2019-06-28 09:43:20.000000000,100186,592,100178,592,100253,200,100110,100,100393,100,100108,100,100404,100,100089,100,100506,100,100084,100,100579,100,100082,200,100791,100,100064,100,100841,100,100057,100,100930,100,100009,100,101027,100,99984,100
2019-06-28 09:43:30.000000000,100186,198,100178,198,100253,298,100110,198,100393,198,100108,198,100404,198,100089,198,100506,198,100084,198,100579,100,100082,200,100791,100,100064,100,100841,100,100057,100,100930,100,100009,100,101027,100,99984,100
2019-06-28 09:43:34.323244483,100186,198,100178,98,100253,298,100110,198,100393,198,100108,198,100404,198,100089,198,100506,198,100084,198,100579,100,100082,200,100791,100,100064,100,100841,100,100057,100,100930,100,100009,100,101027,100,99984,100
2019-06-28 09:43:34.801458155,100186,198,100178,98,100233,100,100110,198,100253,298,100108,198,100393,198,100089,198,100404,198,100084,198,100506,198,100082,200,100579,100,100064,100,100791,100,100057,100,100841,100,100009,100,100930,100,99984,100
2019-06-28 09:43:38.348972007,100186,198,100178,98,100233,100,100110,298,100253,298,100108,198,100393,198,100089,198,100404,198,100084,198,100506,198,100082,200,100579,100,100064,100,100791,100,100057,100,100841,100,100009,100,100930,100,99984,100
2019-06-28 09:43:40.000000000,100186,198,100110,298,100233,198,100108,198,100253,298,100089,198,100393,198,100084,198,100404,198,100082,298,100506,100,100064,100,100579,100,100057,100,100791,100,100009,100,100841,100,99984,100,100930,100,99970,100
2019-06-28 09:43:41.909946725,100186,198,100111,100,100233,198,100110,298,100253,298,100108,198,100393,198,100089,198,100404,198,100084,198,100506,100,100082,298,100579,100,100064,100,100791,100,100057,100,100841,100,100009,100,100930,100,99984,100
2019-06-28 09:43:47.279126546,100140,100,100111,100,100186,198,100110,298,100233,198,100108,198,100253,298,100089,198,100393,198,100084,198,100404,198,100082,298,100506,100,100064,100,100579,100,100057,100,100791,100,100009,100,100841,100,99984,100
2019-06-28 09:43:50.000000000,100140,346,100111,346,100186,346,100110,446,100233,100,100108,100,100253,200,100089,100,100393,100,100084,100,100404,100,100082,200,100506,100,100064,100,100579,100,100057,100,100791,100,100009,100,100841,100,99984,100
2019-06-28 09:44:00.000000000,100140,592,100111,592,100186,100,100110,200,100233,100,100108,100,100253,200,100089,100,100393,100,100084,100,100404,100,100082,200,100506,100,100064,100,100579,100,100057,100,100791,100,100009,100,100841,100,99984,100
2019-06-28 09:44:02.126190700,100140,492,100111,592,100186,100,100110,200,100233,100,100108,100,100253,200,100089,100,100393,100,100084,100,100404,100,100082,200,100506,100,100064,100,100579,100,100057,100,100791,100,100009,100,100841,100,99984,100
2019-06-28 09:44:10.000000000,100186,592,100111,592,100233,100,100110,200,100253,200,100108,100,100393,100,100089,100,100404,100,100084,100,100506,100,100082,200,100579,100,100064,100,100791,100,100057,100,100841,100,100009,100,100930,100,99984,100
2019-06-28 09:44:20.000000000,100186,198,100111,198,100233,198,100110,298,100253,298,100108,198,100393,198,100089,198,100404,198,100084,198,100506,100,100082,200,100579,100,100064,100,100791,100,100057,100,100841,100,100009,100,100930,100,99984,100
2019-06-28 09:44:30.000000000,100186,346,100111,346,100233,346,100110,446,100253,200,100108,100,100393,100,100089,100,100404,100,100084,100,100506,100,100082,200,100579,100,100064,100,100791,100,100057,100,100841,100,100009,100,100930,100,99984,100
2019-06-28 09:44:40.000000000,100186,223,100111,223,100233,223,100110,323,100253,323,100108,223,100393,223,100089,223,100404,100,100084,100,100506,100,100082,200,100579,100,100064,100,100791,100,100057,100,100841,100,100009,100,100930,100,99984,100
2019-06-28 09:44:40.533361515,100186,223,100111,223,100233,223,100110,223,100253,323,100108,223,100393,223,100089,223,100404,100,100084,100,100506,100,100082,200,100579,100,100064,100,100791,100,100057,100,100841,100,100009,100,100930,100,99984,100
2019-06-28 09:44:45.070078338,100186,223,100111,223,100233,223,100110,223,100253,323,100108,223,100393,223,100089,223,100404,100,100084,100,100506,100,100082,200,100579,100,100064,100,100791,100,100057,100,100841,100,100009,100,100901,100,99984,100
2019-06-28 09:44:50.000000000,100186,198,100111,198,100233,198,100110,198,100253,298,100108,198,100393,198,100089,198,100404,198,100084,198,100506,100,100082,200,100579,100,100064,100,100791,100,100057,100,100841,100,100009,100,100901,100,99984,100
2019-06-28 09:45:00.000000000,100186,198,100111,198,100233,198,100110,198,100253,298,100108,198,100393,198,100089,198,100404,198,100084,198,100506,100,100082,200,100579,100,100064,100,100791,100,100057,100,100841,100,100009,100,100901,100,99984,100
2019-06-28 09:45:10.000000000,100186,592,100111,592,100233,100,100110,100,100253,200,100108,100,100393,100,100089,100,100404,100,100084,100,100506,100,100082,200,100579,100,100064,100,100791,100,100057,100,100841,100,100009,100,100901,100,99984,100
2019-06-28 09:45:20.000000000,100186,592,100111,592,100233,100,100110,100,100253,200,100108,100,100393,100,100089,100,100404,100,100084,100,100506,100,100082,200,100579,100,100064,100,100791,100,100057,100,100841,100,100009,100,100901,100,99984,100
2019-06-28 09:45:24.929654970,100186,592,100111,592,100233,100,100110,100,100253,200,100108,100,100393,100,100089,100,100404,100,100084,100,100506,100,100082,200,100579,100,100064,100,100658,100,100057,100,100791,100,100009,100,100841,100,99984,100
2019-06-28 09:45:30.000000000,100186,592,100111,592,100233,100,100110,100,100253,200,100108,100,100393,100,100089,100,100404,100,100084,100,100506,100,100082,200,100579,100,100064,100,100658,100,100057,100,100791,100,100009,100,100841,100,99984,100
2019-06-28 09:45:40.000000000,100186,267,100111,267,100233,262,100110,262,100253,362,100108,262,100393,100,100089,100,100404,100,100084,100,100506,100,100082,200,100579,100,100064,100,100658,100,100057,100,100791,100,100009,100,100841,100,99984,100
2019-06-28 09:45:50.000000000,100186,346,100111,346,100233,346,100110,346,100253,200,100108,100,100393,100,100089,100,100404,100,100084,100,100506,100,100082,200,100579,100,100064,100,100658,100,100057,100,100791,100,100009,100,100841,100,99984,100
2019-06-28 09:46:00.000000000,100186,592,100111,592,100233,100,100110,100,100253,200,100108,100,100393,100,100089,100,100404,100,100084,100,100506,100,100082,200,100579,100,100064,100,100658,100,100057,100,100791,100,100009,100,100841,100,99984,100
2019-06-28 09:46:10.000000000,100186,592,100111,592,100233,100,100110,100,100253,200,100108,100,100393,100,100089,100,100404,100,100084,100,100506,100,100082,200,100579,100,100064,100,100658,100,100057,100,100791,100,100009,100,100841,100,99984,100
2019-06-28 09:46:18.527383459,100186,592,100111,492,100233,100,100110,100,100253,200,100108,100,100393,100,100089,100,100404,100,100084,100,100506,100,100082,200,100579,100,100064,100,100658,100,100057,100,100841,100,100009,100,100901,100,99984,100
2019-06-28 09:46:20.000000000,100186,592,100110,592,100233,100,100108,100,100253,200,100089,100,100393,100,100084,100,100404,100,100082,200,100506,100,100064,100,100579,100,100057,100,100658,100,100009,100,100841,100,99984,100,100901,100,99970,100
2019-06-28 09:46:30.000000000,100186,198,100110,198,100233,198,100108,198,100253,298,100089,198,100393,198,100084,198,100404,198,100082,298,100506,100,100064,100,100579,100,100057,100,100658,100,100009,100,100841,100,99984,100,100901,100,99970,100
2019-06-28 09:46:40.000000000,100186,198,100110,198,100233,198,100108,198,100253,298,100089,198,100393,198,100084,198,100404,198,100082,298,100506,100,100064,100,100579,100,100057,100,100658,100,100009,100,100841,100,99984,100,100901,100,99970,100
2019-06-28 09:46:46.747865463,100186,198,100180,100,100233,198,100110,98,100253,298,100108,198,100393,198,100089,198,100404,198,100084,198,100506,100,100082,298,100579,100,100064,100,100658,100,100057,100,100841,100,100009,100,100901,100,99984,100
2019-06-28 09:46:50.000000000,100186,346,100180,346,100233,346,100108,346,100253,200,100089,100,100393,100,100084,100,100404,100,100082,200,100506,100,100064,100,100579,100,100057,100,100658,100,100009,100,100841,100,99984,100,100901,100,99970,100
2019-06-28 09:46:51.355288684,100186,246,100180,346,100233,346,100108,346,100253,200,100089,100,100393,100,100084,100,100404,200,100082,200,100506,100,100064,100,100579,100,100057,100,100658,100,100009,100,100841,100,99984,100,100901,100,99970,100
2019-06-28 09:46:56.117137305,100186,246,100180,346,100233,346,100108,346,100253,200,100089,100,100381,100,100084,100,100393,100,100082,200,100404,200,100064,100,100506,100,100057,100,100579,100,100009,100,100658,100,99984,100,100841,100,99970,100
2019-06-28 09:47:00.000000000,100233,223,100180,223,100253,323,100108,223,100381,223,100089,223,100393,223,100084,223,100404,200,100082,200,100506,100,100064,100,100579,100,100057,100,100658,100,100009,100,100841,100,99984,100,100901,100,99970,100
2019-06-28 09:47:09.512966565,100233,223,100180,223,100253,323,100108,223,100381,223,100089,223,100393,223,100084,223,100404,100,100082,200,100506,100,100064,100,100579,100,100057,100,100658,100,100009,100,100841,100,100004,100,100901,100,99984,100
2019-06-28 09:47:10.000000000,100233,346,100180,346,100253,446,100108,346,100381,100,100089,100,100393,100,100084,100,100404,100,100082,200,100506,100,100064,100,100579,100,100057,100,100658,100,100009,100,100841,100,100004,100,100901,100,99984,100
2019-06-28 09:47:20.000000000,100233,267,100180,267,100253,362,100108,262,100381,262,100089,262,100393,100,100084,100,100404,100,100082,200,100506,100,100064,100,100579,100,100057,100,100658,100,100009,100,100841,100,100004,100,100901,100,99984,100
2019-06-28 09:47:22.160955463,100233,267,100213,100,100253,362,100180,267,100381,262,100108,262,100393,100,100089,262,100404,100,100084,100,100506,100,100082,200,100579,100,100064,100,100658,100,100057,100,100841,100,100009,100,100901,100,100004,100
2019-06-28 09:47:29.305272373,100233,267,100213,100,100253,362,100180,267,100289,100,100108,262,100381,262,100089,262,100393,100,100084,100,100404,100,100082,100,100506,100,100064,100,100579,100,100057,100,100658,100,100009,100,100841,100,100004,100
2019-06-28 09:47:30.000000000,100233,223,100213,223,100253,323,100180,223,100289,223,100108,223,100381,223,100089,223,100393,100,100084,100,100404,100,100082,100,100506,100,100064,100,100579,100,100057,100,100658,100,100009,100,100841,100,100004,100
2019-06-28 09:47:40.000000000,100233,223,100213,223,100253,323,100180,223,100289,223,100108,223,100381,223,100089,223,100393,100,100084,100,100404,100,100082,100,100506,100,100064,100,100579,100,100057,100,100658,100,100009,100,100841,100,100004,100
2019-06-28 09:47:50.000000000,100233,223,100213,223,100253,323,100180,223,100289,223,100108,223,100381,223,100089,223,100393,100,100084,100,100404,100,100082,100,100506,100,100064,100,100579,100,100057,100,100658,100,100009,100,100841,100,100004,100
2019-06-28 09:47:54.297509521,100233,223,100213,123,100253,323,100180,223,100289,223,100108,223,100381,223,100089,223,100393,100,100084,100,100404,100,100082,100,100506,100,100064,100,100579,100,100057,100,100658,100,100009,100,100841,100,100004,100
2019-06-28 09:47:54.501683412,100233,223,100213,23,100253,323,100180,223,100289,223,100108,223,100381,223,100089,223,100393,100,100084,100,100404,100,100082,100,100506,100,100064,100,100579,100,100057,100,100658,100,100009,100,100841,100,100004,100
2019-06-28 09:48:00.000000000,100233,198,100180,198,100253,298,100108,198,100289,198,100089,198,100381,198,100084,198,100393,198,100082,198,100404,100,100064,100,100506,100,100057,100,100579,100,100009,100,100658,100,100004,100,100841,100,99941,100
2019-06-28 09:48:10.000000000,100233,592,100180,592,100253,200,100108,100,100289,100,100089,100,100381,100,100084,100,100393,100,100082,100,100404,100,100064,100,100506,100,100057,100,100579,100,100009,100,100658,100,100004,100,100841,100,99941,100
2019-06-28 09:48:20.000000000,100233,223,100180,223,100253,323,100108,223,100289,223,100089,223,100381,223,100084,223,100393,100,100082,100,100404,100,100064,100,100506,100,100057,100,100579,100,100009,100,100658,100,100004,100,100841,100,99941,100
2019-06-28 09:48:30.000000000,100233,223,100180,223,100253,323,100108,223,100289,223,100089,223,100381,223,100084,223,100393,100,100082,100,100404,100,100064,100,100506,100,100057,100,100579,100,100009,100,100658,100,100004,100,100841,100,99941,100
2019-06-28 09:48:36.610913485,100233,123,100180,123,100253,323,100108,223,100289,223,100089,223,100381,223,100084,223,100393,100,100082,100,100404,100,100064,100,100506,100,100057,100,100579,100,100009,100,100658,100,100004,100,100841,100,99941,100
2019-06-28 09:48:37.741714250,100233,123,100180,23,100253,323,100108,223,100289,223,100089,223,100381,223,100084,223,100393,100,100082,100,100404,100,100064,100,100506,100,100057,100,100579,100,100009,100,100658,100,100004,100,100841,100,99941,100
2019-06-28 09:48:40.000000000,100253,446,100108,346,100289,346,100089,346,100381,100,100084,100,100393,100,100082,100,100404,100,100064,100,100506,100,100057,100,100579,100,100009,100,100658,100,100004,100,100841,100,99941,100,100901,100,99914,100
2019-06-28 09:48:50.000000000,100253,692,100108,592,100289,100,100089,100,100381,100,100084,100,100393,100,100082,100,100404,100,100064,100,100506,100,100057,100,100579,100,100009,100,100658,100,100004,100,100841,100,99941,100,100901,100,99914,100
2019-06-28 09:49:00.000000000,100253,367,100108,267,100289,262,100089,262,100381,262,100084,262,100393,100,100082,100,100404,100,100064,100,100506,100,100057,100,100579,100,100009,100,100658,100,100004,100,100841,100,99941,100,100901,100,99914,100
2019-06-28 09:49:03.890788222,100209,100,100108,267,100253,367,100089,262,100289,262,100084,262,100381,262,100082,100,100393,100,100064,100,100404,100,100057,100,100506,100,100009,100,100579,100,100004,100,100658,100,99941,100,100841,100,99914,100
2019-06-28 09:49:10.000000000,100209,223,100108,223,100253,323,100089,223,100289,223,100084,223,100381,223,100082,223,100393,100,100064,100,100404,100,100057,100,100506,100,100009,100,100579,100,100004,100,100658,100,99941,100,100841,100,99914,100
2019-06-28 09:49:11.396693166,100209,223,100108,223,100253,323,100089,223,100289,223,100084,223,100381,223,100082,223,100393,100,100064,100,100404,100,100057,100,100506,100,100056,100,100579,100,100009,100,100658,100,100004,100,100841,100,99941,100
2019-06-28 09:49:20.000000000,100209,267,100108,267,100253,362,100089,262,100289,262,100084,262,100381,100,100082,100,100393,100,100064,100,100404,100,100057,100,100506,100,100056,100,100579,100,100009,100,100658,100,100004,100,100841,100,99941,100
2019-06-28 09:49:24.081107686,100209,267,100108,167,100253,362,100089,262,100289,262,100084,262,100381,100,100082,100,100393,100,100064,100,100404,100,100057,100,100506,100,100056,100,100579,100,100009,100,100658,100,100004,100,100841,100,99941,100
2019-06-28 09:49:30.000000000,100209,198,100089,198,100253,298,100084,198,100289,198,100082,198,100381,198,100064,198,100393,198,100057,198,100404,100,100056,100,100506,100,100009,100,100579,100,100004,100,100658,100,99941,100,100841,100,99914,100
2019-06-28 09:49:40.000000000,100209,223,100089,223,100253,323,100084,223,100289,223,100082,223,100381,223,100064,223,100393,100,100057,100,100404,100,100056,100,100506,100,100009,100,100579,100,100004,100,100658,100,99941,100,100841,100,99914,100
2019-06-28 09:49:44.195349170,100209,223,100089,223,100253,323,100084,223,100289,223,100082,223,100381,223,100064,223,100393,100,100057,100,100404,100,100056,100,100506,100,100009,100,100579,100,100004,100,100658,100,99974,100,100841,100,99941,100
2019-06-28 09:49:50.000000000,100209,198,100089,198,100253,298,100084,198,100289,198,100082,198,100381,198,100064,198,100393,198,100057,198,100404,100,100056,100,100506,100,100009,100,100579,100,100004,100,100658,100,99974,100,100841,100,99941,100
2019-06-28 09:50:00.000000000,100209,592,100089,592,100253,200,100084,100,100289,100,100082,100,100381,100,100064,100,100393,100,100057,100,100404,100,100056,100,100506,100,100009,100,100579,100,100004,100,100658,100,99974,100,100841,100,99941,100
2019-06-28 09:50:08.164810517,100209,592,100089,492,100253,200,100084,100,100289,100,100082,100,100381,100,100064,100,100393,100,100057,100,100404,100,100056,100,100506,100,100009,100,100579,100,100004,100,100658,100,99974,100,100841,100,99941,100
2019-06-28 09:50:09.531956684,100171,100,100089,492,100209,592,100084,100,100253,200,100082,100,100289,100,100064,100,100381,100,100057,100,100393,100,100056,100,100404,100,100009,100,100506,100,100004,100,100579,100,99974,100,100658,100,99941,100
2019-06-28 09:50:10.000000000,100171,592,100084,592,100209,100,100082,100,100253,200,100064,100,100289,100,100057,100,100381,100,100056,100,100393,100,100009,100,100404,100,100004,100,100506,100,99974,100,100579,100,99941,100,100658,100,99914,100
2019-06-28 09:50:20.000000000,100171,223,100084,223,100209,223,100082,223,100253,323,100064,223,100289,223,100057,223,100381,100,100056,100,100393,100,100009,100,100404,100,100004,100,100506,100,99974,100,100579,100,99941,100,100658,100,99914,100
2019-06-28 09:50:30.000000000,100171,592,100084,592,100209,100,100082,100,100253,200,100064,100,100289,100,100057,100,100381,100,100056,100,100393,100,100009,100,100404,100,100004,100,100506,100,99974,100,100579,100,99941,100,100658,100,99914,100
2019-06-28 09:50:30.156603958,100171,592,100109,100,100209,100,100084,592,100253,200,100082,100,100289,100,100064,100,100381,100,100057,100,100393,100,100056,100,100404,100,100009,100,100506,100,100004,100,100579,100,99974,100,100658,100,99941,100
2019-06-28 09:50:32.619567525,100171,592,100109,200,100209,100,100084,592,100253,200,100082,100,100289,100,100064,100,100381,100,100057,100,100393,100,100056,100,100404,100,100004,100,100506,100,99974,100,100579,100,99941,100,100658,100,99914,100
2019-06-28 09:50:40.000000000,100171,223,100109,323,100209,223,100084,223,100253,323,100082,223,100289,223,100064,223,100381,100,100057,100,100393,100,100056,100,100404,100,100004,100,100506,100,99974,100,100579,100,99941,100,100658,100,99914,100
2019-06-28 09:50:50.000000000,100171,267,100109,367,100209,262,100084,262,100253,362,100082,262,100289,100,100064,100,100381,100,100057,100,100393,100,100056,100,100404,100,100004,100,100506,100,99974,100,100579,100,99941,100,100658,100,99914,100
2019-06-28 09:50:51.421929784,100171,167,100109,367,100209,262,100084,262,100253,362,100082,262,100289,100,100064,100,100381,100,100057,100,100393,100,100056,100,100404,100,100004,100,100579,100,99974,100,100658,100,99941,100,100841,100,99914,100
2019-06-28 09:51:00.000000000,100209,592,100109,692,100253,200,100084,100,100289,100,100082,100,100381,100,100064,100,100393,100,100057,100,100404,100,100056,100,100579,100,100004,100,100658,100,99974,100,100841,100,99941,100,100901,100,99914,100
2019-06-28 09:51:10.000000000,100209,346,100109,446,100253,446,100084,346,100289,100,100082,100,100381,100,100064,100,100393,100,100057,100,100404,100,100056,100,100579,100,100004,100,100658,100,99974,100,100841,100,99941,100,100901,100,99914,100
2019-06-28 09:51:20.000000000,100209,223,100109,323,100253,323,100084,223,100289,223,100082,223,100381,223,100064,223,100393,100,100057,100,100404,100,100056,100,100579,100,100004,100,100658,100,99974,100,100841,100,99941,100,100901,100,99914,100
2019-06-28 09:51:30.000000000,100209,346,100109,446,100253,446,100084,346,100289,100,100082,100,100381,100,100064,100,100393,100,100057,100,100404,100,100056,100,100579,100,100004,100,100658,100,99974,100,100841,100,99941,100,100901,100,99914,100
2019-06-28 09:51:40.000000000,100209,198,100109,298,100253,298,100084,198,100289,198,100082,198,100381,198,100064,198,100393,198,100057,198,100404,100,100056,100,100579,100,100004,100,100658,100,99974,100,100841,100,99941,100,100901,100,99914,100
2019-06-28 09:51:50.000000000,100209,592,100109,692,100253,200,100084,100,100289,100,100082,100,100381,100,100064,100,100393,100,100057,100,100404,100,100056,100,100579,100,100004,100,100658,100,99974,100,100841,100,99941,100,100901,100,99914,100
2019-06-28 09:51:57.059643807,100209,492,100109,692,100253,200,100084,100,100289,100,100082,100,100381,100,100064,100,100393,100,100057,100,100404,100,100056,100,100658,100,100004,100,100841,100,99974,100,100901,100,99941,100,100930,100,99914,100
2019-06-28 09:52:00.000000000,100253,446,100109,446,100289,346,100084,346,100381,100,100082,100,100393,100,100064,100,100404,100,100057,100,100658,100,100056,100,100841,100,100004,100,100901,100,99974,100,100930,100,99941,100,101027,100,99914,100
2019-06-28 09:52:01.183430599,100253,446,100109,446,100289,346,100084,346,100381,100,100082,100,100393,100,100064,100,100404,100,100057,100,100658,100,100004,100,100841,100,99974,100,100901,100,99941,100,100930,100,99914,100,100961,100,99908,100
2019-06-28 09:52:10.000000000,100253,298,100109,298,100289,198,100084,198,100381,198,100082,198,100393,198,100064,198,100404,198,100057,198,100658,100,100004,100,100841,100,99974,100,100901,100,99941,100,100930,100,99914,100,100961,100,99908,100
2019-06-28 09:52:12.964645178,100253,298,100109,298,100289,198,100084,198,100381,198,100082,198,100393,198,100064,198,100404,198,100057,198,100658,100,100004,100,100841,100,99974,100,100877,100,99941,100,100901,100,99914,100,100930,100,99908,100
2019-06-28 09:52:20.000000000,100253,367,100109,367,100289,262,100084,262,100381,262,100082,262,100393,100,100064,100,100404,100,100057,100,100658,100,100004,100,100841,100,99974,100,100877,100,99941,100,100901,100,99914,100,100930,100,99908,100
2019-06-28 09:52:29.113764884,100253,367,100109,367,100289,262,100084,262,100381,262,100082,262,100393,100,100064,100,100404,100,100057,100,100658,100,100004,100,100841,100,99974,100,100877,100,99914,100,100901,100,99908,100,100930,100,99906,100
2019-06-28 09:52:30.000000000,100253,367,100109,367,100289,262,100084,262,100381,262,100082,262,100393,100,100064,100,100404,100,100057,100,100658,100,100004,100,100841,100,99974,100,100877,100,99914,100,100901,100,99908,100,100930,100,99906,100
2019-06-28 09:52:37.885778428,100253,267,100109,367,100289,262,100084,262,100381,262,100082,262,100393,100,100064,100,100404,100,100057,100,100658,100,100004,100,100841,100,99974,100,100877,100,99914,100,100901,100,99908,100,100930,100,99906,100
2019-06-28 09:52:40.000000000,100253,346,100109,446,100289,346,100084,346,100381,100,100082,100,100393,100,100064,100,100404,100,100057,100,100658,100,100004,100,100841,100,99974,100,100877,100,99914,100,100901,100,99908,100,100930,100,99906,100
2019-06-28 09:52:50.000000000,100253,346,100109,446,100289,346,100084,346,100381,100,100082,100,100393,100,100064,100,100404,100,100057,100,100658,100,100004,100,100841,100,99974,100,100877,100,99914,100,100901,100,99908,100,100930,100,99906,100
2019-06-28 09:53:00.000000000,100253,198,100109,298,100289,198,100084,198,100381,198,100082,198,100393,198,100064,198,100404,198,100057,198,100658,100,100004,100,100841,100,99974,100,100877,100,99914,100,100901,100,99908,100,100930,100,99906,100
2019-06-28 09:53:10.000000000,100253,267,100109,367,100289,262,100084,262,100381,262,100082,262,100393,100,100064,100,100404,100,100057,100,100658,100,100004,100,100841,100,99974,100,100877,100,99914,100,100901,100,99908,100,100930,100,99906,100
2019-06-28 09:53:20.000000000,100253,198,100109,298,100289,198,100084,198,100381,198,100082,198,100393,198,100064,198,100404,198,100057,198,100658,100,100004,100,100841,100,99974,100,100877,100,99914,100,100901,100,99908,100,100930,100,99906,100
2019-06-28 09:53:20.403080865,100253,198,100109,298,100289,198,100084,198,100381,198,100082,198,100393,198,100064,198,100404,198,100057,198,100658,100,100004,100,100841,100,99974,100,100877,100,99914,100,100901,100,99908,100,100930,100,99906,100
2019-06-28 09:53:30.000000000,100253,592,100109,692,100289,100,100084,100,100381,100,100082,100,100393,100,100064,100,100404,100,100057,100,100658,100,100004,100,100841,100,99974,100,100877,100,99914,100,100901,100,99908,100,100930,100,99906,100
2019-06-28 09:53:38.362504894,100253,592,100109,692,100289,100,100084,100,100381,100,100082,100,100393,100,100064,100,100404,100,100057,100,100658,100,100004,100,100841,100,99974,100,100877,100,99914,100,100901,100,99908,100,100930,100,99906,100
2019-06-28 09:53:40.000000000,100253,346,100109,446,100289,346,100084,346,100381,100,100082,100,100393,100,100064,100,100404,100,100057,100,100658,100,100004,100,100841,100,99974,100,100877,100,99914,100,100901,100,99908,100,100930,100,99906,100
2019-06-28 09:53:50.000000000,100253,198,100109,298,100289,198,100084,198,100381,198,100082,198,100393,198,100064,198,100404,198,100057,198,100658,100,100004,100,100841,100,99974,100,100877,100,99914,100,100901,100,99908,100,100930,100,99906,100
2019-06-28 09:53:51.705308218,100253,98,100109,298,100289,198,100084,198,100381,198,100082,198,100393,198,100064,198,100404,198,100057,198,100658,100,100004,100,100841,100,99974,100,100877,100,99914,100,100901,100,99908,100,100930,100,99906,100
2019-06-28 09:53:54.084964429,100289,198,100253,2,100381,198,100109,298,100393,198,100084,198,100404,198,100082,198,100658,100,100064,198,100841,100,100057,198,100877,100,100004,100,100901,100,99974,100,100930,100,99914,100,100961,100,99908,100
2019-06-28 09:54:00.000000000,100289,346,100253,248,100381,346,100109,446,100393,100,100084,100,100404,100,100082,100,100658,100,100064,100,100841,100,100057,100,100877,100,100004,100,100901,100,99974,100,100930,100,99914,100,100961,100,99908,100
2019-06-28 09:54:10.000000000,100289,346,100253,248,100381,346,100109,446,100393,100,100084,100,100404,100,100082,100,100658,100,100064,100,100841,100,100057,100,100877,100,100004,100,100901,100,99974,100,100930,100,99914,100,100961,100,99908,100
2019-06-28 09:54:10.471027135,100289,346,100253,248,100381,346,100109,446,100393,100,100084,100,100404,100,100082,100,100658,100,100064,100,100841,100,100057,100,100877,100,100004,100,100901,100,99974,100,100930,100,99914,100,100961,100,99908,100
2019-06-28 09:54:16.369456062,100289,346,100253,248,100381,346,100109,446,100393,100,100084,100,100404,100,100082,100,100658,100,100064,100,100841,100,100057,100,100877,100,100004,100,100901,100,99974,100,100930,100,99914,100,100947,100,99908,100
2019-06-28 09:54:20.000000000,100289,592,100253,494,100381,100,100109,200,100393,100,100084,100,100404,100,100082,100,100658,100,100064,100,100841,100,100057,100,100877,100,100004,100,100901,100,99974,100,100930,100,99914,100,100947,100,99908,100
2019-06-28 09:54:25.109546661,100289,592,100253,494,100381,100,100109,200,100393,100,100084,100,100404,100,100082,100,100658,100,100064,100,100841,100,100057,100,100877,100,100004,100,100901,100,99974,100,100930,100,99914,100,100947,100,99908,100
2019-06-28 09:54:30.000000000,100289,223,100253,125,100381,223,100109,323,100393,223,100084,223,100404,223,100082,223,100658,100,100064,100,100841,100,100057,100,100877,100,100004,100,100901,100,99974,100,100930,100,99914,100,100947,100,99908,100
2019-06-28 09:54:40.000000000,100289,592,100253,494,100381,100,100109,200,100393,100,100084,100,100404,100,100082,100,100658,100,100064,100,100841,100,100057,100,100877,100,100004,100,100901,100,99974,100,100930,100,99914,100,100947,100,99908,100
2019-06-28 09:54:50.000000000,100289,346,100253,248,100381,346,100109,446,100393,100,100084,100,100404,100,100082,100,100658,100,100064,100,100841,100,100057,100,100877,100,100004,100,100901,100,99974,100,100930,100,99914,100,100947,100,99908,100
2019-06-28 09:54:54.502615597,100289,246,100253,248,100381,346,100109,446,100393,100,100084,100,100404,100,100082,100,100658,100,100064,100,100841,100,100057,100,100877,100,100004,100,100901,100,99974,100,100930,100,99914,100,100947,100,99908,100
2019-06-28 09:54:55.894711666,100289,146,100253,248,100381,346,100109,446,100393,100,100084,100,100404,100,100082,100,100658,100,100064,100,100841,100,100057,100,100877,100,100004,100,100901,100,99974,100,100930,100,99914,100,100947,100,99908,100
2019-06-28 09:55:00.000000000,100381,198,100253,100,100393,198,100109,298,100404,198,100084,198,100658,198,100082,198,100841,198,100064,198,100877,100,100057,100,100901,100,100004,100,100930,100,99974,100,100947,100,99914,100,101027,100,99908,100
2019-06-28 09:55:10.000000000,100381,267,100253,169,100393,262,100109,362,100404,262,100084,262,100658,100,100082,100,100841,100,100064,100,100877,100,100057,100,100901,100,100004,100,100930,100,99974,100,100947,100,99914,100,101027,100,99908,100
2019-06-28 09:55:16.417053573,100381,267,100253,169,100393,262,100109,362,100404,262,100084,262,100658,100,100082,100,100841,100,100064,100,100877,100,100057,100,100901,100,100004,100,100930,100,99974,100,100947,100,99914,100,101027,100,99908,100
2019-06-28 09:55:20.000000000,100381,592,100253,494,100393,100,100109,200,100404,100,100084,100,100658,100,100082,100,100841,100,100064,100,100877,100,100057,100,100901,100,100004,100,100930,100,99974,100,100947,100,99914,100,101027,100,99908,100
2019-06-28 09:55:30.000000000,100381,592,100253,494,100393,100,100109,200,100404,100,100084,100,100658,100,100082,100,100841,100,100064,100,100877,100,100057,100,100901,100,100004,100,100930,100,99974,100,100947,100,99914,100,101027,100,99908,100
2019-06-28 09:55:40.000000000,100381,223,100253,125,100393,223,100109,323,100404,223,100084,223,100658,223,100082,223,100841,100,100064,100,100877,100,100057,100,100901,100,100004,100,100930,100,99974,100,100947,100,99914,100,101027,100,99908,100
2019-06-28 09:55:47.258789585,100381,223,100253,125,100393,223,100109,323,100404,223,100084,223,100658,223,100082,223,100666,100,100064,100,100841,100,100057,100,100877,100,100004,100,100901,100,99974,100,100930,100,99914,100,100947,100,99908,100
2019-06-28 09:55:50.000000000,100381,198,100253,100,100393,198,100109,298,100404,198,100084,198,100658,198,100082,198,100666,198,100064,198,100841,100,100057,100,100877,100,100004,100,100901,100,99974,100,100930,100,99914,100,100947,100,99908,100
2019-06-28 09:55:56.660645830,100381,198,100253,100,100393,198,100109,298,100404,198,100084,198,100550,100,100082,198,100658,198,100064,198,100666,98,100057,100,100841,100,100004,100,100877,100,99974,100,100901,100,99914,100,100930,100,99908,100
2019-06-28 09:56:00.000000000,100381,223,100253,125,100393,223,100109,323,100404,223,100084,223,100550,223,100082,223,100658,100,100064,100,100841,100,100057,100,100877,100,100004,100,100901,100,99974,100,100930,100,99914,100,100947,100,99908,100
2019-06-28 09:56:03.478434757,100381,123,100253,125,100393,223,100109,323,100404,223,100084,223,100550,223,100082,223,100658,100,100064,100,100841,100,100057,100,100877,100,100004,100,100901,100,99974,100,100930,100,99914,100,100947,100,99908,100
2019-06-28 09:56:10.000000000,100393,267,100253,169,100404,262,100109,362,100550,262,100084,262,100658,100,100082,100,100841,100,100064,100,100877,100,100057,100,100901,100,100004,100,100930,100,99974,100,100947,100,99914,100,101027,100,99908,100
2019-06-28 09:56:20.000000000,100393,592,100253,494,100404,100,100109,200,100550,100,100084,100,100658,100,100082,100,100841,100,100064,100,100877,100,100057,100,100901,100,100004,100,100930,100,99974,100,100947,100,99914,100,101027,100,99908,100
2019-06-28 09:56:30.000000000,100393,223,100253,125,100404,223,100109,323,100550,223,100084,223,100658,223,100082,223,100841,100,100064,100,100877,100,100057,100,100901,100,100004,100,100930,100,99974,100,100947,100,99914,100,101027,100,99908,100
2019-06-28 09:56:40.000000000,100393,592,100253,494,100404,100,100109,200,100550,100,100084,100,100658,100,100082,100,100841,100,100064,100,100877,100,100057,100,100901,100,100004,100,100930,100,99974,100,100947,100,99914,100,101027,100,99908,100
2019-06-28 09:56:41.938113725,100393,592,100253,494,100404,100,100109,200,100550,100,100084,100,100658,100,100082,100,100797,100,100064,100,100841,100,100057,100,100877,100,100004,100,100901,100,99974,100,100930,100,99914,100,100947,100,99908,100
2019-06-28 09:56:50.000000000,100393,223,100253,125,100404,223,100109,323,100550,223,100084,223,100658,223,100082,223,100797,100,100064,100,100841,100,100057,100,100877,100,100004,100,100901,100,99974,100,100930,100,99914,100,100947,100,99908,100
2019-06-28 09:56:58.652793691,100393,223,100253,125,100404,223,100109,323,100550,223,100084,223,100658,223,100082,223,100757,100,100064,100,100841,100,100057,100,100877,100,100004,100,100901,100,99974,100,100930,100,99914,100,100947,100,99908,100
2019-06-28 09:57:00.000000000,100393,267,100253,169,100404,262,100109,362,100550,262,100084,262,100658,100,100082,100,100757,100,100064,100,100841,100,100057,100,100877,100,100004,100,100901,100,99974,100,100930,100,99914,100,100947,100,99908,100
2019-06-28 09:57:10.000000000,100393,592,100253,494,100404,100,100109,200,100550,100,100084,100,100658,100,100082,100,100757,100,100064,100,100841,100,100057,100,100877,100,100004,100,100901,100,99974,100,100930,100,99914,100,100947,100,99908,100
2019-06-28 09:57:20.000000000,100393,267,100253,169,100404,262,100109,362,100550,262,100084,262,100658,100,100082,100,100757,100,100064,100,100841,100,100057,100,100877,100,100004,100,100901,100,99974,100,100930,100,99914,100,100947,100,99908,100
2019-06-28 09:57:30.000000000,100393,346,100253,248,100404,346,100109,446,100550,100,100084,100,100658,100,100082,100,100757,100,100064,100,100841,100,100057,100,100877,100,100004,100,100901,100,99974,100,100930,100,99914,100,100947,100,99908,100
2019-06-28 09:57:40.000000000,100393,223,100253,125,100404,223,100109,323,100550,223,100084,223,100658,223,100082,223,100757,100,100064,100,100841,100,100057,100,100877,100,100004,100,100901,100,99974,100,100930,100,99914,100,100947,100,99908,100
2019-06-28 09:57:50.000000000,100393,592,100253,494,100404,100,100109,200,100550,100,100084,100,100658,100,100082,100,100757,100,100064,100,100841,100,100057,100,100877,100,100004,100,100901,100,99974,100,100930,100,99914,100,100947,100,99908,100
2019-06-28 09:57:54.660639792,100393,592,100253,494,100404,100,100109,200,100550,100,100084,100,100658,100,100082,100,100757,100,100064,100,100841,100,100057,100,100877,100,100004,100,100901,100,99974,100,100924,100,99914,100,100930,100,99908,100
2019-06-28 09:57:56.953299053,100393,492,100253,494,100404,100,100109,200,100550,100,100084,100,100658,100,100082,100,100757,100,100064,100,100841,100,100057,100,100877,100,100004,100,100901,100,99974,100,100924,100,99914,100,100930,100,99908,100
2019-06-28 09:57:59.735685601,100393,392,100253,494,100404,100,100109,200,100550,100,100084,100,100658,100,100082,100,100757,100,100064,100,100841,100,100057,100,100877,100,100004,100,100924,100,99974,100,100930,100,99914,100,100947,100,99908,100
2019-06-28 09:58:00.000000000,100404,592,100253,494,100550,100,100109,200,100658,100,100084,100,100757,100,100082,100,100841,100,100064,100,100877,100,100057,100,100924,100,100004,100,100930,100,99974,100,100947,100,99914,100,101027,100,99908,100
2019-06-28 09:58:10.000000000,100404,223,100253,125,100550,223,100109,323,100658,223,100084,223,100757,223,100082,223,100841,100,100064,100,100877,100,100057,100,100924,100,100004,100,100930,100,99974,100,100947,100,99914,100,101027,100,99908,100
2019-06-28 09:58:16.921117746,100404,223,100393,100,100550,223,100253,125,100658,223,100109,323,100757,223,100084,223,100841,100,100082,223,100877,100,100064,100,100924,100,100057,100,100930,100,100004,100,100947,100,99974,100,101027,100,99914,100
2019-06-28 09:58:20.000000000,100404,267,100393,267,100550,262,100253,164,100658,262,100109,362,100757,100,100084,100,100841,100,100082,100,100877,100,100064,100,100924,100,100057,100,100930,100,100004,100,100947,100,99974,100,101027,100,99914,100
2019-06-28 09:58:30.000000000,100404,346,100393,346,100550,346,100253,248,100658,100,100109,200,100757,100,100084,100,100841,100,100082,100,100877,100,100064,100,100924,100,100057,100,100930,100,100004,100,100947,100,99974,100,101027,100,99914,100
2019-06-28 09:58:40.000000000,100404,223,100393,223,100550,223,100253,125,100658,223,100109,323,100757,223,100084,223,100841,100,100082,100,100877,100,100064,100,100924,100,100057,100,100930,100,100004,100,100947,100,99974,100,101027,100,99914,100
2019-06-28 09:58:50.000000000,100404,592,100393,592,100550,100,100253,2,100658,100,100109,200,100757,100,100084,100,100841,100,100082,100,100877,100,100064,100,100924,100,100057,100,100930,100,100004,100,100947,100,99974,100,101027,100,99914,100
2019-06-28 09:58:50.265594271,100404,492,100393,592,100550,100,100253,2,100658,100,100109,200,100757,100,100084,100,100841,100,100082,100,100877,100,100064,100,100924,100,100057,100,100930,100,100004,100,100947,100,99974,100,101027,100,99908,100
2019-06-28 09:59:00.000000000,100550,592,100393,592,100658,100,100253,2,100757,100,100109,200,100841,100,100084,100,100877,100,100082,100,100924,100,100064,100,100930,100,100057,100,100947,100,100004,100,101027,100,99974,100,101051,100,99908,100
2019-06-28 09:59:10.000000000,100550,346,100393,346,100658,346,100253,248,100757,100,100109,200,100841,100,100084,100,100877,100,100082,100,100924,100,100064,100,100930,100,100057,100,100947,100,100004,100,101027,100,99974,100,101051,100,99908,100
2019-06-28 09:59:20.000000000,100550,223,100393,223,100658,223,100253,125,100757,223,100109,323,100841,223,100084,223,100877,100,100082,100,100924,100,100064,100,100930,100,100057,100,100947,100,100004,100,101027,100,99974,100,101051,100,99908,100
2019-06-28 09:59:21.294299696,100550,123,100393,223,100658,223,100253,125,100757,223,100109,323,100841,223,100084,223,100877,100,100082,100,100924,100,100064,100,100930,100,100057,100,100947,100,100004,100,101027,100,99974,100,101051,100,99908,100
2019-06-28 09:59:30.000000000,100658,346,100393,346,100757,346,100253,248,100841,100,100109,200,100877,100,100084,100,100924,100,100082,100,100930,100,100064,100,100947,100,100057,100,101027,100,100004,100,101051,100,99974,100,101079,100,99908,100
2019-06-28 09:59:40.000000000,100658,267,100393,267,100757,262,100253,164,100841,262,100109,362,100877,100,100084,100,100924,100,100082,100,100930,100,100064,100,100947,100,100057,100,101027,100,100004,100,101051,100,99974,100,101079,100,99908,100
2019-06-28 09:59:41.479951052,100658,267,100393,267,100757,262,100253,164,100841,262,100109,362,100877,100,100084,100,100924,100,100082,100,100930,100,100064,100,100947,100,100057,100,101027,100,100004,100,101051,100,99974,100,101079,100,99908,100
2019-06-28 09:59:50.000000000,100658,346,100393,346,100757,346,100253,248,100841,100,100109,200,100877,100,100084,100,100924,100,100082,100,100930,100,100064,100,100947,100,100057,100,101027,100,100004,100,101051,100,99974,100,101079,100,99908,100
2019-06-28 09:59:51.713494152,100658,346,100404,100,100757,346,100393,346,100841,100,100253,248,100877,100,100109,200,100924,100,100084,100,100930,100,100082,100,100947,100,100064,100,101027,100,100057,100,101051,100,100004,100,101079,100,99974,100
2019-06-28 09:59:52.079302166,100658,346,100404,100,100757,346,100393,346,100841,100,100253,248,100877,100,100109,200,100924,100,100082,100,100930,100,100064,100,100947,100,100057,100,101027,100,100004,100,101051,100,99974,100,101079,100,99908,100
2019-06-28 09:59:52.476481977,100658,246,100404,100,100757,346,100393,346,100841,100,100253,248,100877,100,100109,200,100924,100,100082,100,100930,100,100064,100,100947,100,100057,100,101027,100,100004,100,101051,100,99974,100,101079,100,99908,100
2019-06-28 09:59:52.700312446,100658,246,100404,100,100757,346,100393,346,100841,100,100253,248,100877,100,100109,200,100924,100,100082,100,100930,100,100064,100,100947,100,100057,100,101027,100,100004,100,101051,100,99974,100,101121,100,99908,100
2019-06-28 10:00:00.000000000,100757,346,100404,346,100841,346,100393,346,100877,100,100253,2,100924,100,100109,200,100930,100,100082,100,100947,100,100064,100,101027,100,100057,100,101051,100,100004,100,101121,100,99974,100,101133,100,99908,100
2019-06-28 10:00:01.155506496,100757,246,100404,346,100841,346,100393,346,100877,100,100253,2,100924,100,100109,200,100930,100,100082,100,100947,100,100064,100,101027,100,100057,100,101051,100,100004,100,101121,100,99974,100,101133,100,99908,100
2019-06-28 10:00:05.505632363,100757,246,100404,346,100841,346,100393,246,100877,100,100253,2,100924,100,100109,200,100930,100,100082,100,100947,100,100064,100,101027,100,100057,100,101051,100,100004,100,101121,100,99974,100,101133,100,99908,100
2019-06-28 10:00:08.221446065,100757,146,100404,346,100841,346,100393,246,100877,100,100253,2,100924,100,100109,200,100930,100,100082,100,100947,100,100064,100,101027,100,100057,100,101051,100,100004,100,101121,100,99974,100,101133,100,99908,100
2019-06-28 10:00:10.000000000,100841,267,100404,267,100877,262,100253,164,100924,262,100109,362,100930,100,100082,100,100947,100,100064,100,101027,100,100057,100,101051,100,100004,100,101121,100,99974,100,101133,100,99908,100,101218,100,99906,100
2019-06-28 10:00:20.000000000,100841,346,100404,346,100877,346,100253,248,100924,100,100109,200,100930,100,100082,100,100947,100,100064,100,101027,100,100057,100,101051,100,100004,100,101121,100,99974,100,101133,100,99908,100,101218,100,99906,100
2019-06-28 10:00:22.280154018,100841,346,100404,346,100877,246,100253,248,100924,100,100109,200,100930,100,100082,100,100947,100,100064,100,101027,100,100057,100,101051,100,100004,100,101110,100,99974,100,101121,100,99908,100,101133,100,99906,100
2019-06-28 10:00:22.913115951,100841,346,100404,346,100877,246,100253,248,100924,100,100109,100,100930,100,100082,100,100947,100,100064,100,101027,100,100057,100,101051,100,100004,100,101110,100,99974,100,101121,100,99908,100,101133,100,99906,100
2019-06-28 10:00:30.000000000,100841,198,100404,198,100924,198,100253,100,100930,198,100109,198,100947,198,100082,198,101027,198,100064,198,101051,100,100057,100,101110,100,100004,100,101121,100,99974,100,101133,100,99908,100,101218,100,99906,100
2019-06-28 10:00:40.000000000,100841,592,100404,592,100924,100,100253,2,100930,100,100109,100,100947,100,100082,100,101027,100,100064,100,101051,100,100057,100,101110,100,100004,100,101121,100,99974,100,101133,100,99908,100,101218,100,99906,100
2019-06-28 10:00:45.290113995,100841,592,100404,592,100924,100,100109,100,100930,100,100082,100,100947,100,100064,100,101002,100,100057,100,101027,100,100004,100,101051,100,99974,100,101110,100,99908,100,101121,100,99906,100,101133,100,99873,100
2019-06-28 10:00:49.097208088,100841,592,100700,100,100924,100,100404,592,100930,100,100109,100,100947,100,100082,100,101002,100,100064,100,101027,100,100057,100,101051,100,100004,100,101110,100,99974,100,101121,100,99908,100,101133,100,99906,100
2019-06-28 10:00:50.000000000,100841,267,100700,267,100924,262,100404,262,100930,262,100109,262,100947,100,100082,100,101002,100,100064,100,101027,100,100057,100,101051,100,100004,100,101110,100,99974,100,101121,100,99908,100,101133,100,99906,100
2019-06-28 10:01:00.000000000,100841,223,100700,223,100924,223,100404,223,100930,223,100109,223,100947,223,100082,223,101002,100,100064,100,101027,100,100057,100,101051,100,100004,100,101110,100,99974,100,101121,100,99908,100,101133,100,99906,100
2019-06-28 10:01:10.000000000,100841,346,100700,346,100924,346,100404,346,100930,100,100109,100,100947,100,100082,100,101002,100,100064,100,101027,100,100057,100,101051,100,100004,100,101110,100,99974,100,101121,100,99908,100,101133,100,99906,100
2019-06-28 10:01:17.444678407,100841,246,100700,346,100924,346,100404,346,100930,100,100109,100,100947,100,100082,100,101002,100,100064,100,101027,100,100057,100,101051,100,100004,100,101110,100,99974,100,101121,100,99908,100,101133,100,99906,100
2019-06-28 10:01:20.000000000,100924,592,100700,592,100930,100,100404,100,100947,100,100109,100,101002,100,100082,100,101027,100,100064,100,101051,100,100057,100,101110,100,100004,100,101121,100,99974,100,101133,100,99908,100,101218,100,99906,100
2019-06-28 10:01:30.000000000,100924,267,100700,267,100930,262,100404,262,100947,262,100109,262,101002,100,100082,100,101027,100,100064,100,101051,100,100057,100,101110,100,100004,100,101121,100,99974,100,101133,100,99908,100,101218,100,99906,100
2019-06-28 10:01:36.712885804,100924,267,100700,267,100930,262,100404,262,100947,262,100109,262,101002,100,100082,100,101027,100,100064,100,101051,100,100057,100,101110,100,100004,100,101121,100,99974,100,101133,100,99908,100,101213,100,99906,100
2019-06-28 10:01:40.000000000,100924,223,100700,223,100930,223,100404,223,100947,223,100109,223,101002,223,100082,223,101027,100,100064,100,101051,100,100057,100,101110,100,100004,100,101121,100,99974,100,101133,100,99908,100,101213,100,99906,100
2019-06-28 10:01:40.444674791,100924,223,100700,223,100930,223,100404,223,100937,100,100109,223,100947,223,100082,223,101002,223,100064,100,101027,100,100057,100,101051,100,100004,100,101110,100,99974,100,101121,100,99908,100,101133,100,99906,100
2019-06-28 10:01:41.594830986,100924,223,100723,100,100930,223,100700,223,100937,100,100404,223,100947,223,100109,223,101002,223,100082,223,101027,100,100064,100,101051,100,100057,100,101110,100,100004,100,101121,100,99974,100,101133,100,99908,100
2019-06-28 10:01:50.000000000,100924,592,100723,592,100930,100,100700,100,100937,100,100404,100,100947,100,100109,100,101002,100,100082,100,101027,100,100064,100,101051,100,100057,100,101110,100,100004,100,101121,100,99974,100,101133,100,99908,100
2019-06-28 10:01:54.355454130,100833,100,100723,592,100924,592,100700,100,100930,100,100404,100,100937,100,100109,100,100947,100,100082,100,101002,100,100064,100,101027,100,100057,100,101051,100,100004,100,101110,100,99974,100,101121,100,99908,100
2019-06-28 10:02:00.000000000,100833,198,100723,198,100924,198,100700,198,100930,198,100404,198,100937,198,100109,198,100947,198,100082,198,101002,100,100064,100,101027,100,100057,100,101051,100,100004,100,101110,100,99974,100,101121,100,99908,100
2019-06-28 10:02:01.645892603,100833,198,100729,100,100924,198,100723,198,100930,198,100700,198,100937,198,100404,198,100947,98,100109,198,101002,100,100082,198,101027,100,100064,100,101051,100,100057,100,101110,100,100004,100,101121,100,99974,100
2019-06-28 10:02:02.210904363,100833,198,100729,100,100840,100,100723,198,100924,198,100700,198,100930,198,100404,198,100937,198,100109,98,100947,98,100082,198,101002,100,100064,100,101027,100,100057,100,101051,100,100004,100,101110,100,99974,100
2019-06-28 10:02:02.305429942,100833,198,100790,100,100840,100,100729,100,100924,198,100723,198,100930,198,100700,198,100937,198,100404,198,100947,98,100109,98,101002,100,100082,198,101027,100,100064,100,101051,100,100057,100,101110,100,100004,100
2019-06-28 10:02:10.000000000,100833,198,100790,198,100840,198,100729,198,100924,198,100723,198,100930,198,100700,198,100937,198,100404,198,101002,100,100082,100,101027,100,100064,100,101051,100,100057,100,101110,100,100004,100,101121,100,99974,100
2019-06-28 10:02:16.839468255,100833,198,100790,198,100840,198,100729,198,100924,198,100723,198,100930,98,100700,198,100937,198,100404,198,101002,100,100082,100,101027,100,100064,100,101044,100,100057,100,101051,100,100004,100,101110,100,99974,100
2019-06-28 10:02:20.000000000,100833,592,100790,592,100840,100,100729,100,100924,100,100723,100,100937,100,100700,100,101002,100,100404,100,101027,100,100082,100,101044,100,100064,100,101051,100,100057,100,101110,100,100004,100,101121,100,99974,100
2019-06-28 10:02:21.674218184,100833,592,100790,592,100840,100,100729,100,100924,100,100723,100,100937,100,100700,100,101002,100,100404,100,101027,100,100082,100,101044,100,100064,100,101051,200,100057,100,101110,100,100004,100,101121,100,99974,100
2019-06-28 10:02:24.193096081,100833,592,100790,592,100840,100,100729,100,100924,100,100723,100,100937,100,100700,100,101002,100,100404,100,101027,100,100064,100,101044,100,100057,100,101051,200,100004,100,101110,100,99974,100,101121,100,99908,100
2019-06-28 10:02:30.000000000,100833,267,100790,267,100840,262,100729,262,100924,262,100723,262,100937,100,100700,100,101002,100,100404,100,101027,100,100064,100,101044,100,100057,100,101051,200,100004,100,101110,100,99974,100,101121,100,99908,100
2019-06-28 10:02:35.648195093,100833,267,100831,100,100840,262,100790,267,100924,262,100729,262,100937,100,100723,262,101002,100,100700,100,101027,100,100404,100,101044,100,100064,100,101051,200,100057,100,101110,100,100004,100,101121,100,99974,100
2019-06-28 10:02:40.000000000,100833,198,100831,198,100840,198,100790,198,100924,198,100729,198,100937,198,100723,198,101002,198,100700,198,101027,100,100404,100,101044,100,100064,100,101051,200,100057,100,101110,100,100004,100,101121,100,99974,100
2019-06-28 10:02:45.075538267,100833,198,100831,198,100840,198,100790,198,100924,298,100729,198,100937,198,100723,198,101002,198,100700,198,101027,100,100404,100,101044,100,100064,100,101051,200,100057,100,101110,100,100004,100,101121,100,99974,100
2019-06-28 10:02:50.000000000,100833,198,100831,198,100840,198,100790,198,100924,298,100729,198,100937,198,100723,198,101002,198,100700,198,101027,100,100404,100,101044,100,100064,100,101051,200,100057,100,101110,100,100004,100,101121,100,99974,100
2019-06-28 10:03:00.000000000,100833,267,100831,267,100840,262,100790,262,100924,362,100729,262,100937,100,100723,100,101002,100,100700,100,101027,100,100404,100,101044,100,100064,100,101051,200,100057,100,101110,100,100004,100,101121,100,99974,100
2019-06-28 10:03:10.000000000,100833,592,100831,592,100840,100,100790,100,100924,200,100729,100,100937,100,100723,100,101002,100,100700,100,101027,100,100404,100,101044,100,100064,100,101051,200,100057,100,101110,100,100004,100,101121,100,99974,100
2019-06-28 10:03:17.857752983,100833,592,100831,492,100840,100,100790,100,100924,200,100729,100,100937,100,100723,100,101002,100,100700,100,101027,100,100404,100,101044,100,100064,100,101051,200,100057,100,101110,100,100004,100,101121,100,99974,100
2019-06-28 10:03:20.000000000,100833,198,100790,198,100840,198,100729,198,100924,298,100723,198,100937,198,100700,198,101002,198,100404,198,101027,100,100064,100,101044,100,100057,100,101051,200,100004,100,101110,100,99974,100,101121,100,99908,100
2019-06-28 10:03:23.562718380,100833,198,100790,198,100840,198,100729,198,100924,298,100723,198,100937,198,100701,100,101002,198,100700,198,101027,100,100404,198,101044,100,100064,100,101051,200,100057,100,101110,100,100004,100,101121,100,99908,100
2019-06-28 10:03:30.000000000,100833,346,100790,346,100840,346,100729,346,100924,200,100723,100,100937,100,100701,100,101002,100,100700,100,101027,100,100404,100,101044,100,100064,100,101051,200,100057,100,101110,100,100004,100,101121,100,99908,100
2019-06-28 10:03:36.018498128,100833,346,100790,346,100840,346,100729,346,100924,200,100723,100,100937,100,100701,100,101002,100,100700,100,101027,100,100404,100,101044,100,100064,100,101051,200,100004,100,101110,100,99908,100,101121,100,99873,100
2019-06-28 10:03:40.000000000,100833,267,100790,267,100840,262,100729,262,100924,362,100723,262,100937,100,100701,100,101002,100,100700,100,101027,100,100404,100,101044,100,100064,100,101051,200,100004,100,101110,100,99908,100,101121,100,99873,100
2019-06-28 10:03:45.363480751,100832,100,100790,267,100833,267,100729,262,100840,262,100723,262,100924,362,100701,100,100937,100,100700,100,101002,100,100404,100,101027,100,100064,100,101044,100,100004,100,101051,200,99908,100,101110,100,99873,100
2019-06-28 10:03:47.691747434,100832,100,100806,100,100833,267,100790,267,100840,262,100729,262,100924,362,100723,262,100937,100,100701,100,101002,100,100404,100,101027,100,100064,100,101044,100,100004,100,101051,200,99908,100,101110,100,99873,100
2019-06-28 10:03:50.000000000,100832,198,100806,198,100833,198,100790,198,100840,198,100729,198,100924,298,100723,198,100937,198,100701,198,101002,100,100404,100,101027,100,100064,100,101044,100,100004,100,101051,200,99908,100,101110,100,99873,100
2019-06-28 10:03:55.341854924,100832,198,100806,198,100833,198,100790,198,100840,198,100729,198,100924,298,100723,198,100937,198,100701,198,101002,100,100064,100,101027,100,100004,100,101044,100,99908,100,101051,200,99873,100,101110,100,,
2019-06-28 10:03:58.716039505,100832,198,100806,98,100833,198,100790,198,100840,198,100729,198,100924,298,100723,198,100937,198,100701,198,101002,100,100064,100,101027,100,100004,100,101044,100,99908,100,101051,200,99873,100,101110,100,,
2019-06-28 10:04:00.000000000,100832,592,100790,592,100833,100,100729,100,100840,100,100723,100,100924,200,100701,100,100937,100,100064,100,101002,100,100004,100,101027,100,99908,100,101044,100,99873,100,101051,200,,,101110,100,,
2019-06-28 10:04:07.445865581,100831,100,100790,592,100832,592,100729,100,100833,100,100723,100,100840,100,100701,100,100924,200,100064,100,100937,100,100004,100,101002,100,99908,100,101027,100,99873,100,101044,100,,,101051,200,,
2019-06-28 10:04:10.000000000,100831,346,100790,346,100832,346,100729,346,100833,100,100723,100,100840,100,100701,100,100924,200,100064,100,100937,100,100004,100,101002,100,99908,100,101027,100,99873,100,101044,100,,,101051,200,,
2019-06-28 10:04:20.000000000,100831,223,100790,223,100832,223,100729,223,100833,223,100723,223,100840,223,100701,223,100924,200,100064,100,100937,100,100004,100,101002,100,99908,100,101027,100,99873,100,101044,100,,,101051,200,,
2019-06-28 10:04:30.000000000,100831,198,100790,198,100832,198,100729,198,100833,198,100723,198,100840,198,100701,198,100924,298,100064,198,100937,100,100004,100,101002,100,99908,100,101027,100,99873,100,101044,100,,,101051,200,,
2019-06-28 10:04:40.000000000,100831,198,100790,198,100832,198,100729,198,100833,198,100723,198,100840,198,100701,198,100924,298,100064,198,100937,100,100004,100,101002,100,99908,100,101027,100,99873,100,101044,100,,,101051,200,,
2019-06-28 10:04:50.000000000,100831,592,100790,592,100832,100,100729,100,100833,100,100723,100,100840,100,100701,100,100924,200,100064,100,100937,100,100004,100,101002,100,99908,100,101027,100,99873,100,101044,100,,,101051,200,,
2019-06-28 10:05:00.000000000,100831,198,100790,198,100832,198,100729,198,100833,198,100723,198,100840,198,100701,198,100924,298,100064,198,100937,100,100004,100,101002,100,99908,100,101027,100,99873,100,101044,100,,,101051,200,,
2019-06-28 10:05:10.000000000,100831,267,100790,267,100832,262,100729,262,100833,262,100723,262,100840,100,100701,100,100924,200,100064,100,100937,100,100004,100,101002,100,99908,100,101027,100,99873,100,101044,100,,,101051,200,,
2019-06-28 10:05:20.000000000,100831,223,100790,223,100832,223,100729,223,100833,223,100723,223,100840,223,100701,223,100924,200,100064,100,100937,100,100004,100,101002,100,99908,100,101027,100,99873,100,101044,100,,,101051,200,,
2019-06-28 10:05:25.617090495,100831,223,100807,100,100832,223,100790,223,100833,223,100729,223,100840,223,100723,223,100924,200,100701,223,100937,100,100064,100,101002,100,100004,100,101027,100,99908,100,101044,100,99873,100,101051,200,,
2019-06-28 10:05:30.000000000,100831,223,100807,223,100832,223,100790,223,100833,223,100729,223,100840,223,100723,223,100924,200,100701,100,100937,100,100064,100,101002,100,100004,100,101027,100,99908,100,101044,100,99873,100,101051,200,,
2019-06-28 10:05:38.153170811,100831,123,100807,223,100832,223,100790,223,100833,223,100729,223,100840,223,100723,223,100924,200,100701,100,100937,100,100064,100,101002,100,100004,100,101027,100,99908,100,101044,100,99873,100,101051,200,,
