,ask_price_1,ask_size_1,bid_price_1,bid_size_1,ask_price_2,ask_size_2,bid_price_2,bid_size_2,ask_price_3,ask_size_3,bid_price_3,bid_size_3,ask_price_4,ask_size_4,bid_price_4,bid_size_4,ask_price_5,ask_size_5,bid_price_5,bid_size_5,ask_price_6,ask_size_6,bid_price_6,bid_size_6,ask_price_7,ask_size_7,bid_price_7,bid_size_7,ask_price_8,ask_size_8,bid_price_8,bid_size_8,ask_price_9,ask_size_9,bid_price_9,bid_size_9,ask_price_10,ask_size_10,bid_price_10,bid_size_10
2019-06-28 09:30:00.000000000,,,99971,100,,,,,,,,,,,,,,,,,,,,,,,,,,,,,,,,,,,,
2019-06-28 09:30:00.000000003,100073,100,99971,100,,,,,,,,,,,,,,,,,,,,,,,,,,,,,,,,,,,,
2019-06-28 09:30:00.000000005,100073,100,99971,100,,,99926,100,,,,,,,,,,,,,,,,,,,,,,,,,,,,,,,,
2019-06-28 09:30:00.000000006,100073,100,99971,100,100112,100,99926,100,,,,,,,,,,,,,,,,,,,,,,,,,,,,,,,,
2019-06-28 09:30:00.000000007,100056,100,99971,100,100073,100,99926,100,100112,100,,,,,,,,,,,,,,,,,,,,,,,,,,,,,,
2019-06-28 09:30:00.000000008,100056,100,99978,100,100073,100,99926,100,100112,100,,,,,,,,,,,,,,,,,,,,,,,,,,,,,,
2019-06-28 09:30:00.000000009,100056,100,100024,100,100073,100,99978,100,100112,100,99926,100,,,,,,,,,,,,,,,,,,,,,,,,,,,,
2019-06-28 09:30:00.000000010,100056,100,100024,100,100073,100,99978,100,100112,100,99926,100,,,99915,100,,,99908,100,,,,,,,,,,,,,,,,,,,,
2019-06-28 09:30:00.000000013,100056,100,100024,100,100073,100,99978,100,100112,100,99950,100,,,99926,100,,,99915,100,,,99908,100,,,,,,,,,,,,,,,,
2019-06-28 09:30:00.000000016,100056,100,100024,100,100067,100,99978,100,100073,100,99950,100,100112,100,99929,100,,,99926,100,,,99915,100,,,99908,100,,,,,,,,,,,,
2019-06-28 09:30:00.000000017,100056,100,100024,100,100067,100,99978,100,100073,100,99950,100,100112,100,99929,100,100121,100,99926,100,100132,100,99915,100,,,99908,100,,,99888,100,,,,,,,,
2019-06-28 09:30:00.000000018,100051,100,100024,100,100056,100,99978,100,100059,100,99950,100,100067,100,99929,100,100073,100,99926,100,100112,100,99915,100,100121,100,99908,100,100132,100,99888,100,,,,,,,,
2019-06-28 09:30:00.000000024,100051,100,100024,100,100056,100,99978,100,100059,100,99950,100,100067,100,99929,100,100073,100,99926,100,100112,100,99918,100,100121,100,99915,100,100132,100,99908,100,,,99888,100,,,,
2019-06-28 09:30:00.000000025,100051,100,100024,100,100056,100,99978,100,100059,100,99964,100,100067,100,99950,100,100073,100,99929,100,100112,100,99926,100,100121,100,99918,100,100132,100,99915,100,,,99908,100,,,99888,100
2019-06-28 09:30:00.000000027,100056,100,100024,100,100059,100,99978,100,100067,100,99964,100,100073,100,99950,100,100112,100,99929,100,100121,100,99926,100,100132,100,99918,100,,,99915,100,,,99908,100,,,99888,100
2019-06-28 09:30:00.000000028,100056,100,100024,100,100059,100,99979,100,100067,100,99978,100,100073,100,99964,100,100112,100,99950,100,100121,100,99929,100,100132,100,99926,100,,,99918,100,,,99915,100,,,99908,100
2019-06-28 09:30:00.000000030,100051,100,100024,100,100056,100,99979,100,100059,100,99978,100,100067,100,99964,100,100073,100,99950,100,100112,100,99929,100,100121,100,99926,100,100132,100,99918,100,,,99915,100,,,99908,100
2019-06-28 09:30:00.000000032,100051,100,99979,100,100056,100,99978,100,100059,100,99964,100,100067,100,99950,100,100073,100,99929,100,100112,100,99926,100,100121,100,99918,100,100132,100,99915,100,,,99908,100,,,99888,100
2019-06-28 09:30:00.000000034,100051,100,99979,100,100056,100,99978,100,100059,100,99964,100,100067,100,99950,100,100073,100,99929,100,100112,100,99926,100,100121,100,99918,200,100132,100,99915,100,,,99908,100,,,99888,100
2019-06-28 09:30:00.000000037,99982,100,99979,100,100051,100,99978,100,100056,100,99964,100,100059,100,99950,100,100067,100,99929,100,100073,100,99926,100,100112,100,99918,200,100121,100,99915,100,100132,100,99908,100,,,99888,100
2019-06-28 09:30:00.000000038,99982,100,99979,100,100050,100,99978,100,100051,100,99964,100,100056,100,99950,100,100059,100,99929,100,100067,100,99926,100,100073,100,99918,200,100112,100,99915,100,100121,100,99908,100,100132,100,99888,100
2019-06-28 09:30:00.000000041,99982,100,99979,100,100050,100,99978,100,100051,100,99964,100,100056,100,99950,100,100059,100,99929,100,100067,100,99926,100,100073,100,99918,200,100112,100,99915,100,100121,100,99908,100,100132,100,99888,100
2019-06-28 09:30:00.000000043,99982,100,99979,100,100050,200,99978,100,100051,100,99964,100,100056,100,99950,100,100059,100,99929,100,100067,100,99926,100,100073,100,99918,200,100112,100,99915,100,100121,100,99908,100,100132,100,99888,100
2019-06-28 09:30:00.000000047,99982,100,99978,100,100050,200,99964,100,100051,100,99950,100,100056,100,99929,100,100059,100,99926,100,100067,100,99918,200,100073,100,99915,100,100112,100,99908,100,100121,100,99888,100,100132,100,99845,100
2019-06-28 09:30:00.000000048,99982,100,99978,100,100024,100,99964,100,100050,200,99950,100,100051,100,99929,100,100056,100,99926,100,100059,100,99918,200,100067,100,99915,100,100073,100,99908,100,100112,100,99888,100,100121,100,99866,100
2019-06-28 09:30:00.000000049,99982,100,99980,100,100024,100,99978,100,100050,200,99964,100,100051,100,99950,100,100056,100,99929,100,100059,100,99926,100,100067,100,99918,200,100073,100,99915,100,100112,100,99908,100,100121,100,99888,100
2019-06-28 09:30:00.000000051,99982,100,99980,100,100024,100,99978,100,100050,200,99967,100,100051,100,99964,100,100056,100,99961,100,100059,100,99950,100,100067,100,99929,100,100073,100,99926,100,100112,100,99918,200,100121,100,99915,100
2019-06-28 09:30:00.000000052,100024,100,99980,100,100050,200,99978,100,100051,100,99967,100,100056,100,99964,100,100059,100,99961,100,100067,100,99950,100,100073,100,99929,100,100112,100,99926,100,100121,100,99918,200,100132,100,99915,100
2019-06-28 09:30:00.000000054,100024,100,99980,100,100050,200,99978,100,100051,100,99967,100,100056,100,99964,100,100059,100,99961,100,100067,100,99950,100,100073,100,99929,100,100112,100,99926,100,100121,100,99918,200,100132,100,99915,100
2019-06-28 09:30:00.000000059,100024,100,99978,100,100050,200,99967,100,100051,100,99964,100,100056,100,99961,100,100059,100,99950,100,100067,100,99929,100,100073,100,99926,100,100112,100,99918,200,100121,100,99915,100,100132,100,99908,100
2019-06-28 09:30:00.000000060,100024,100,99978,100,100050,200,99967,100,100051,100,99964,100,100056,100,99961,100,100059,100,99950,100,100067,100,99929,100,100070,100,99926,100,100073,100,99918,200,100112,100,99915,100,100121,100,99908,100
2019-06-28 09:30:00.000000062,100024,100,99978,100,100050,200,99967,100,100051,100,99964,100,100056,100,99961,100,100059,100,99950,100,100067,100,99929,100,100070,100,99926,100,100073,100,99918,200,100112,100,99915,100,100121,100,99908,100
2019-06-28 09:30:00.000000064,99982,100,99980,100,100024,100,99978,100,100050,200,99967,100,100051,100,99964,100,100056,100,99961,100,100059,100,99950,100,100067,100,99929,100,100070,100,99926,100,100073,100,99918,200,100112,100,99915,100
2019-06-28 09:30:00.000000066,100024,100,99980,100,100050,200,99978,100,100051,100,99967,100,100056,100,99964,100,100059,100,99961,100,100067,100,99950,100,100070,100,99929,100,100073,100,99926,100,100112,100,99918,200,100121,100,99915,100
2019-06-28 09:30:00.000000067,100024,100,99980,100,100050,200,99978,100,100051,200,99967,100,100056,100,99964,100,100059,100,99961,100,100067,100,99950,100,100070,100,99929,100,100073,100,99926,100,100112,100,99918,200,100121,100,99915,100
2019-06-28 09:30:00.000000069,100050,200,99980,100,100051,200,99978,100,100056,100,99967,100,100059,100,99964,100,100067,100,99961,100,100070,100,99950,100,100073,100,99929,100,100112,100,99926,100,100121,100,99918,200,100132,100,99915,100
2019-06-28 09:30:00.000000071,100050,200,99980,100,100051,200,99978,100,100056,100,99967,100,100059,100,99964,100,100067,100,99961,100,100070,100,99950,100,100073,100,99929,100,100112,100,99926,100,100121,100,99918,200,100132,100,99915,100
2019-06-28 09:30:00.000000074,100024,100,99980,100,100050,200,99978,100,100051,200,99967,100,100056,100,99964,100,100059,100,99961,100,100067,100,99950,100,100070,100,99929,100,100073,100,99926,100,100112,100,99918,200,100121,100,99915,100
2019-06-28 09:30:00.000000076,100024,100,99980,100,100045,100,99978,100,100050,200,99972,100,100051,200,99967,100,100056,100,99964,100,100059,100,99961,100,100067,100,99950,100,100070,100,99929,100,100073,100,99926,100,100112,100,99918,200
2019-06-28 09:30:00.000000082,100024,200,99980,100,100043,100,99978,100,100045,100,99972,100,100050,200,99967,100,100051,200,99964,100,100056,100,99961,100,100059,100,99950,100,100067,100,99929,100,100070,100,99926,100,100073,100,99918,200
2019-06-28 09:30:00.000000083,100024,100,99980,100,100043,100,99978,100,100045,100,99972,100,100050,200,99967,100,100051,200,99964,100,100056,100,99961,100,100059,100,99950,100,100067,100,99929,100,100070,100,99926,100,100073,100,99918,200
2019-06-28 09:30:00.000000087,100024,100,99980,100,100043,100,99978,100,100045,100,99972,100,100050,200,99969,100,100051,200,99967,100,100056,100,99964,100,100059,100,99961,100,100067,100,99950,100,100070,100,99929,100,100073,100,99926,100
2019-06-28 09:30:00.000000088,100024,100,99978,100,100043,100,99972,100,100045,100,99969,100,100050,200,99967,100,100051,200,99964,100,100056,100,99961,100,100059,100,99950,100,100067,100,99929,100,100070,100,99926,100,100073,100,99918,200
2019-06-28 09:30:00.000000091,100024,100,99972,100,100043,100,99969,100,100045,100,99967,100,100050,200,99964,100,100051,200,99961,100,100056,100,99950,100,100059,100,99929,100,100067,100,99926,100,100070,100,99918,200,100073,100,99915,100
2019-06-28 09:30:00.000000092,100024,100,99972,100,100043,100,99969,100,100045,100,99967,100,100050,200,99964,100,100051,200,99961,100,100056,100,99950,100,100059,100,99929,100,100067,100,99926,100,100070,100,99918,200,100073,100,99915,100
2019-06-28 09:30:00.000000093,100024,100,99978,100,100043,100,99972,100,100045,100,99969,100,100050,200,99967,100,100051,200,99964,100,100056,100,99961,100,100059,100,99950,100,100067,100,99929,100,100070,100,99926,100,100073,100,99919,100
2019-06-28 09:30:00.000000094,99984,100,99978,100,100024,100,99972,100,100043,100,99969,100,100045,100,99967,100,100050,200,99964,100,100051,200,99961,100,100056,100,99950,100,100059,100,99929,100,100067,100,99926,100,100070,100,99919,100
2019-06-28 09:30:00.000000098,99984,100,99972,100,100024,100,99969,100,100043,100,99967,100,100045,100,99964,100,100050,200,99961,100,100051,200,99950,100,100056,100,99929,100,100059,100,99926,100,100067,100,99919,100,100070,100,99918,200
2019-06-28 09:30:05.773657388,100024,100,99972,100,100043,100,99969,100,100045,100,99967,100,100050,200,99964,100,100051,200,99961,100,100059,100,99950,100,100067,100,99929,100,100070,100,99926,100,100073,100,99919,100,100112,100,99918,200
2019-06-28 09:30:06.922394265,100024,100,99972,100,100043,100,99969,100,100045,100,99967,100,100050,200,99964,100,100051,200,99961,100,100059,100,99950,100,100067,100,99929,100,100070,100,99926,100,100073,100,99919,100,100112,100,99918,200
2019-06-28 09:30:06.927353387,100024,100,99972,100,100043,100,99969,100,100045,100,99967,100,100050,200,99964,100,100051,200,99961,100,100059,100,99950,100,100067,100,99929,100,100070,100,99926,100,100073,100,99919,100,100112,100,99918,200
2019-06-28 09:30:10.000000000,100024,212,99972,212,100043,212,99969,212,100045,212,99967,212,100050,312,99964,212,100051,200,99961,100,100059,100,99950,100,100067,100,99929,100,100070,100,99926,100,100073,100,99919,100,100112,100,99918,200
2019-06-28 09:30:20.000000000,100024,190,99972,190,100043,190,99969,190,100045,190,99967,190,100050,290,99964,190,100051,290,99961,190,100059,100,99950,100,100067,100,99929,100,100070,100,99926,100,100073,100,99919,100,100112,100,99918,200
2019-06-28 09:30:30.000000000,100024,252,99972,252,100043,248,99969,248,100045,248,99967,248,100050,200,99964,100,100051,200,99961,100,100059,100,99950,100,100067,100,99929,100,100070,100,99926,100,100073,100,99919,100,100112,100,99918,200
2019-06-28 09:30:34.448779546,100024,252,99972,252,100043,248,99969,248,100045,248,99967,248,100050,100,99964,100,100051,200,99961,100,100059,100,99950,100,100067,100,99929,100,100070,100,99926,100,100073,100,99919,100,100112,100,99918,200
2019-06-28 09:30:40.000000000,100024,252,99972,252,100043,248,99969,248,100045,248,99967,248,100050,100,99964,100,100051,200,99961,100,100059,100,99950,100,100067,100,99929,100,100070,100,99926,100,100073,100,99919,100,100112,100,99918,200
2019-06-28 09:30:44.103858031,100024,252,99978,100,100043,248,99972,252,100045,248,99969,248,100050,100,99967,248,100051,200,99964,100,100059,100,99961,100,100067,100,99950,100,100070,100,99929,100,100073,100,99926,100,100112,100,99919,100
2019-06-28 09:30:48.884875083,100024,252,99978,100,100043,148,99972,252,100045,248,99969,248,100050,100,99967,248,100051,200,99964,100,100059,100,99961,100,100067,100,99950,100,100070,100,99929,100,100073,100,99926,100,100084,100,99919,100
2019-06-28 09:30:50.000000000,100024,190,99978,190,100045,190,99972,190,100050,190,99969,190,100051,290,99967,190,100059,190,99964,190,100067,100,99961,100,100070,100,99950,100,100073,100,99929,100,100084,100,99926,100,100112,100,99919,100
2019-06-28 09:31:00.000000000,100024,324,99978,324,100045,324,99972,324,100050,100,99969,100,100051,200,99967,100,100059,100,99964,100,100067,100,99961,100,100070,100,99950,100,100073,100,99929,100,100084,100,99926,100,100112,100,99919,100
2019-06-28 09:31:10.000000000,100024,324,99978,324,100045,324,99972,324,100050,100,99969,100,100051,200,99967,100,100059,100,99964,100,100067,100,99961,100,100070,100,99950,100,100073,100,99929,100,100084,100,99926,100,100112,100,99919,100
2019-06-28 09:31:16.472673185,100024,224,99978,324,100045,324,99972,324,100050,100,99969,100,100051,200,99967,100,100059,100,99964,100,100067,100,99961,100,100073,100,99950,100,100084,100,99929,100,100112,100,99926,100,100127,100,99919,100
2019-06-28 09:31:20.000000000,100045,252,99978,252,100050,248,99972,248,100051,348,99969,248,100059,100,99967,100,100067,100,99964,100,100073,100,99961,100,100084,100,99950,100,100112,100,99929,100,100127,100,99926,100,100132,100,99919,100
2019-06-28 09:31:20.353848397,100045,252,99978,252,100050,248,99972,248,100051,348,99969,248,100059,100,99967,100,100067,100,99964,100,100073,100,99961,100,100084,100,99950,100,100112,100,99929,100,100127,100,99926,100,100132,100,99919,100
2019-06-28 09:31:30.000000000,100045,212,99978,212,100050,212,99972,212,100051,312,99969,212,100059,212,99967,212,100067,100,99964,100,100073,100,99961,100,100084,100,99950,100,100112,100,99929,100,100127,100,99926,100,100132,100,99919,100
2019-06-28 09:31:32.583077458,100045,212,99978,212,100050,212,99972,212,100051,312,99969,212,100059,212,99967,212,100067,100,99964,100,100073,100,99961,100,100084,100,99950,100,100112,100,99929,100,100127,100,99926,100,100132,100,99919,100
2019-06-28 09:31:40.000000000,100045,252,99978,252,100050,248,99972,248,100051,348,99969,248,100059,100,99967,100,100067,100,99964,100,100073,100,99961,100,100084,100,99950,100,100112,100,99929,100,100127,100,99926,100,100132,100,99919,100
2019-06-28 09:31:46.627551045,100045,252,99978,252,100050,248,99972,248,100051,348,99969,248,100059,100,99967,100,100067,100,99964,100,100084,100,99961,100,100112,100,99950,100,100127,100,99929,100,100132,100,99926,100,100138,100,99919,100
2019-06-28 09:31:50.000000000,100045,190,99978,190,100050,190,99972,190,100051,290,99969,190,100059,190,99967,190,100067,190,99964,190,100084,100,99961,100,100112,100,99950,100,100127,100,99929,100,100132,100,99926,100,100138,100,99919,100
2019-06-28 09:31:59.322051189,100045,190,99978,190,100050,190,99972,190,100051,290,99969,190,100059,190,99967,190,100067,190,99964,190,100084,100,99961,100,100127,100,99950,100,100132,100,99929,100,100138,100,99926,100,100144,100,99919,100
2019-06-28 09:32:00.000000000,100045,324,99978,324,100050,324,99972,324,100051,200,99969,100,100059,100,99967,100,100067,100,99964,100,100084,100,99961,100,100127,100,99950,100,100132,100,99929,100,100138,100,99926,100,100144,100,99919,100
2019-06-28 09:32:08.886799184,100045,324,99984,100,100050,324,99978,324,100051,100,99972,324,100059,100,99969,100,100067,100,99967,100,100084,100,99964,100,100127,100,99961,100,100132,100,99950,100,100138,100,99929,100,100144,100,99926,100
2019-06-28 09:32:09.840743437,100045,324,99984,100,100050,324,99978,324,100051,100,99972,324,100059,100,99969,100,100067,100,99967,100,100084,100,99964,100,100127,100,99961,100,100132,100,99950,100,100138,100,99929,100,100144,100,99926,100
2019-06-28 09:32:10.000000000,100045,324,99984,324,100050,324,99978,324,100051,100,99972,100,100059,100,99969,100,100067,100,99967,100,100084,100,99964,100,100127,100,99961,100,100132,100,99950,100,100138,100,99929,100,100144,100,99926,100
2019-06-28 09:32:11.056945168,100045,324,99984,324,100050,324,99978,324,100059,100,99972,100,100067,100,99969,100,100084,100,99967,100,100127,100,99964,100,100132,100,99961,100,100138,100,99950,100,100144,100,99929,100,100158,100,99926,100
2019-06-28 09:32:15.408931012,100045,324,99984,324,100050,224,99978,324,100059,100,99972,100,100067,100,99969,100,100084,100,99967,100,100127,100,99964,100,100132,100,99961,100,100138,100,99950,100,100144,100,99929,100,100158,100,99926,100
2019-06-28 09:32:20.000000000,100045,548,99984,548,100059,100,99978,100,100067,100,99972,100,100084,100,99969,100,100127,100,99967,100,100132,100,99964,100,100138,100,99961,100,100144,100,99950,100,100158,100,99929,100,100172,100,99926,100
2019-06-28 09:32:30.000000000,100045,212,99984,212,100059,212,99978,212,100067,212,99972,212,100084,212,99969,212,100127,100,99967,100,100132,100,99964,100,100138,100,99961,100,100144,100,99950,100,100158,100,99929,100,100172,100,99926,100
2019-06-28 09:32:35.666044434,100045,212,99984,112,100059,212,99978,212,100067,212,99972,212,100084,212,99969,212,100127,100,99967,100,100132,100,99964,100,100138,100,99961,100,100144,100,99950,100,100158,100,99929,100,100172,100,99926,100
2019-06-28 09:32:40.000000000,100045,324,99978,324,100059,324,99972,324,100067,100,99969,100,100084,100,99967,100,100127,100,99964,100,100132,100,99961,100,100138,100,99950,100,100144,100,99929,100,100158,100,99926,100,100172,100,99919,100
2019-06-28 09:32:47.246770965,100045,224,99978,324,100059,324,99972,324,100067,100,99969,100,100084,100,99967,100,100127,100,99964,100,100132,100,99961,100,100138,100,99950,100,100144,100,99929,100,100158,100,99926,100,100172,100,99919,100
2019-06-28 09:32:50.000000000,100059,212,99978,212,100067,212,99972,212,100084,212,99969,212,100127,212,99967,212,100132,100,99964,100,100138,100,99961,100,100144,100,99950,100,100158,100,99929,100,100172,100,99926,100,100327,100,99919,100
2019-06-28 09:32:53.058919807,100059,212,99978,212,100067,212,99972,212,100084,212,99969,212,100127,212,99967,212,100132,100,99964,100,100138,100,99961,100,100144,100,99950,100,100158,100,99929,100,100172,100,99926,100,100327,100,99918,200
2019-06-28 09:33:00.000000000,100059,548,99978,548,100067,100,99972,100,100084,100,99969,100,100127,100,99967,100,100132,100,99964,100,100138,100,99961,100,100144,100,99950,100,100158,100,99929,100,100172,100,99926,100,100327,100,99918,200
2019-06-28 09:33:10.000000000,100059,212,99978,212,100067,212,99972,212,100084,212,99969,212,100127,212,99967,212,100132,100,99964,100,100138,100,99961,100,100144,100,99950,100,100158,100,99929,100,100172,100,99926,100,100327,100,99918,200
2019-06-28 09:33:13.364860437,100059,212,100024,100,100067,212,99978,212,100084,212,99972,212,100127,212,99969,212,100132,100,99967,212,100138,100,99964,100,100144,100,99961,100,100158,100,99950,100,100172,100,99929,100,100327,100,99926,100
2019-06-28 09:33:20.000000000,100059,252,100024,252,100067,248,99978,248,100084,248,99972,248,100127,100,99969,100,100132,100,99967,100,100138,100,99964,100,100144,100,99961,100,100158,100,99950,100,100172,100,99929,100,100327,100,99926,100
2019-06-28 09:33:30.000000000,100059,324,100024,324,100067,324,99978,324,100084,100,99972,100,100127,100,99969,100,100132,100,99967,100,100138,100,99964,100,100144,100,99961,100,100158,100,99950,100,100172,100,99929,100,100327,100,99926,100
2019-06-28 09:33:32.413830115,100059,224,100024,324,100067,324,99978,324,100084,100,99972,100,100127,100,99969,100,100132,100,99967,100,100138,100,99964,100,100144,100,99961,100,100158,100,99929,100,100172,100,99926,100,100327,100,99918,200
2019-06-28 09:33:40.000000000,100067,252,100024,252,100084,248,99978,248,100127,248,99972,248,100132,100,99969,100,100138,100,99967,100,100144,100,99964,100,100158,100,99961,100,100172,100,99929,100,100327,100,99926,100,100538,100,99918,200
2019-06-28 09:33:41.589994017,100067,52,100024,252,100084,248,99978,248,100127,248,99972,248,100132,100,99969,100,100138,100,99967,100,100144,100,99964,100,100158,100,99961,100,100172,100,99929,100,100327,100,99926,100,100538,100,99918,200
2019-06-28 09:33:43.003913244,100084,248,100067,48,100127,248,100024,252,100132,100,99978,248,100138,100,99972,248,100144,100,99969,100,100158,100,99967,100,100172,100,99964,100,100327,100,99961,100,100538,100,99929,100,100563,100,99926,100
2019-06-28 09:33:49.024756451,100084,248,100067,48,100127,248,100024,252,100132,100,99978,248,100138,100,99972,248,100144,100,99969,100,100158,100,99967,100,100172,100,99964,100,100327,100,99961,100,100538,100,99929,100,100563,100,99926,100
2019-06-28 09:33:50.000000000,100084,212,100067,160,100127,212,100024,212,100132,212,99978,212,100138,212,99972,212,100144,100,99969,100,100158,100,99967,100,100172,100,99964,100,100327,100,99961,100,100538,100,99929,100,100563,100,99926,100
2019-06-28 09:33:53.354184005,100084,212,100067,160,100127,212,100024,212,100132,212,99978,212,100138,212,99972,212,100144,100,99969,100,100158,100,99967,100,100172,100,99964,100,100327,100,99961,100,100538,200,99929,100,100563,100,99926,100
2019-06-28 09:34:00.000000000,100084,212,100067,160,100127,212,100024,212,100132,212,99978,212,100138,212,99972,212,100144,100,99969,100,100158,100,99967,100,100172,100,99964,100,100327,100,99961,100,100538,200,99929,100,100563,100,99926,100
2019-06-28 09:34:08.933759680,100084,212,100067,160,100127,212,100024,212,100132,212,99978,212,100138,212,99972,212,100144,100,99969,100,100158,100,99967,100,100172,100,99964,100,100327,100,99961,100,100538,200,99929,100,100563,100,99926,100
2019-06-28 09:34:10.000000000,100084,548,100067,496,100127,100,100024,100,100132,100,99978,100,100138,100,99972,100,100144,100,99969,100,100158,100,99967,100,100172,100,99964,100,100327,100,99961,100,100538,200,99929,100,100563,100,99926,100
2019-06-28 09:34:16.281875139,100084,448,100067,496,100127,100,100024,100,100132,100,99978,100,100138,100,99972,100,100144,100,99969,100,100158,100,99967,100,100172,100,99964,100,100327,100,99961,100,100538,200,99929,100,100563,100,99926,100
2019-06-28 09:34:20.000000000,100127,252,100067,200,100132,248,100024,248,100138,248,99978,248,100144,100,99972,100,100158,100,99969,100,100172,100,99967,100,100327,100,99964,100,100538,200,99961,100,100563,100,99929,100,100581,100,99926,100
2019-06-28 09:34:27.517465608,100127,252,100067,200,100132,248,100024,248,100138,248,99978,248,100144,100,99972,100,100158,100,99969,100,100172,100,99967,100,100327,100,99964,100,100467,100,99961,100,100538,200,99929,100,100563,100,99926,100
2019-06-28 09:34:30.000000000,100127,190,100067,138,100132,190,100024,190,100138,190,99978,190,100144,190,99972,190,100158,190,99969,190,100172,100,99967,100,100327,100,99964,100,100467,100,99961,100,100538,200,99929,100,100563,100,99926,100
2019-06-28 09:34:40.000000000,100127,252,100067,200,100132,248,100024,248,100138,248,99978,248,100144,100,99972,100,100158,100,99969,100,100172,100,99967,100,100327,100,99964,100,100467,100,99961,100,100538,200,99929,100,100563,100,99926,100
2019-06-28 09:34:44.298932345,100127,252,100068,100,100132,248,100067,200,100138,248,100024,248,100144,100,99978,248,100158,100,99972,100,100172,100,99969,100,100327,100,99967,100,100467,100,99964,100,100538,200,99961,100,100563,100,99929,100
2019-06-28 09:34:50.000000000,100127,190,100068,190,100132,190,100067,138,100138,190,100024,190,100144,190,99978,190,100158,190,99972,190,100172,100,99969,100,100327,100,99967,100,100467,100,99964,100,100538,200,99961,100,100563,100,99929,100
2019-06-28 09:35:00.000000000,100127,190,100068,190,100132,190,100067,138,100138,190,100024,190,100144,190,99978,190,100158,190,99972,190,100172,100,99969,100,100327,100,99967,100,100467,100,99964,100,100538,200,99961,100,100563,100,99929,100
2019-06-28 09:35:09.435473133,100127,190,100068,190,100132,190,100067,138,100138,190,100024,190,100144,190,99978,190,100158,190,99972,190,100172,100,99969,100,100196,100,99967,100,100327,100,99964,100,100467,100,99961,100,100538,200,99929,100
2019-06-28 09:35:10.000000000,100127,324,100068,324,100132,324,100067,272,100138,100,100024,100,100144,100,99978,100,100158,100,99972,100,100172,100,99969,100,100196,100,99967,100,100327,100,99964,100,100467,100,99961,100,100538,200,99929,100
2019-06-28 09:35:18.259957726,100127,224,100068,324,100132,324,100067,272,100138,100,100024,100,100158,100,99978,100,100172,100,99972,100,100196,100,99969,100,100327,100,99967,100,100467,100,99964,100,100538,200,99961,100,100563,100,99929,100
2019-06-28 09:35:18.267012521,100127,224,100068,324,100132,224,100067,272,100138,100,100024,100,100158,100,99978,100,100172,100,99972,100,100196,100,99969,100,100280,100,99967,100,100327,100,99964,100,100467,100,99961,100,100538,200,99929,100
2019-06-28 09:35:20.000000000,100138,548,100068,548,100158,100,100067,48,100172,100,100024,100,100196,100,99978,100,100280,100,99972,100,100327,100,99969,100,100467,100,99967,100,100538,200,99964,100,100563,100,99961,100,100581,100,99929,100
2019-06-28 09:35:30.000000000,100138,190,100068,190,100158,190,100067,138,100172,190,100024,190,100196,190,99978,190,100280,190,99972,190,100327,100,99969,100,100467,100,99967,100,100538,200,99964,100,100563,100,99961,100,100581,100,99929,100
2019-06-28 09:35:33.525704723,100126,100,100068,190,100138,190,100067,138,100158,190,100024,190,100172,190,99978,190,100196,190,99972,190,100280,190,99969,100,100327,100,99967,100,100467,100,99964,100,100538,200,99961,100,100563,100,99929,100
2019-06-28 09:35:40.000000000,100126,324,100068,324,100138,324,100067,272,100158,100,100024,100,100172,100,99978,100,100196,100,99972,100,100280,100,99969,100,100327,100,99967,100,100467,100,99964,100,100538,200,99961,100,100563,100,99929,100
2019-06-28 09:35:40.246625290,100126,324,100068,324,100138,324,100067,272,100158,100,100024,100,100172,100,99978,100,100196,100,99972,100,100280,100,99969,100,100327,100,99967,100,100467,100,99964,100,100538,200,99961,100,100563,100,99929,100
2019-06-28 09:35:50.000000000,100126,548,100068,548,100138,100,100067,48,100158,100,100024,100,100172,100,99978,100,100196,100,99972,100,100280,100,99969,100,100327,100,99967,100,100467,100,99964,100,100538,200,99961,100,100563,100,99929,100
2019-06-28 09:35:51.095107192,100083,100,100068,548,100126,548,100067,48,100138,100,100024,100,100158,100,99978,100,100172,100,99972,100,100196,100,99969,100,100280,100,99967,100,100327,100,99964,100,100467,100,99961,100,100538,200,99929,100
2019-06-28 09:35:58.449019444,100083,100,100068,548,100126,548,100067,48,100138,100,100024,100,100158,100,99978,100,100172,100,99969,100,100196,100,99967,100,100280,100,99964,100,100327,100,99961,100,100467,100,99929,100,100538,200,99926,100
2019-06-28 09:36:00.000000000,100083,190,100068,190,100126,190,100067,138,100138,190,100024,190,100158,190,99978,190,100172,190,99969,190,100196,100,99967,100,100280,100,99964,100,100327,100,99961,100,100467,100,99929,100,100538,200,99926,100
2019-06-28 09:36:10.000000000,100083,212,100068,212,100126,212,100067,160,100138,212,100024,212,100158,212,99978,212,100172,100,99969,100,100196,100,99967,100,100280,100,99964,100,100327,100,99961,100,100467,100,99929,100,100538,200,99926,100
2019-06-28 09:36:20.000000000,100083,548,100068,548,100126,100,100067,48,100138,100,100024,100,100158,100,99978,100,100172,100,99969,100,100196,100,99967,100,100280,100,99964,100,100327,100,99961,100,100467,100,99929,100,100538,200,99926,100
2019-06-28 09:36:30.000000000,100083,252,100068,252,100126,248,100067,196,100138,248,100024,248,100158,100,99978,100,100172,100,99969,100,100196,100,99967,100,100280,100,99964,100,100327,100,99961,100,100467,100,99929,100,100538,200,99926,100
2019-06-28 09:36:40.000000000,100083,212,100068,212,100126,212,100067,160,100138,212,100024,212,100158,212,99978,212,100172,100,99969,100,100196,100,99967,100,100280,100,99964,100,100327,100,99961,100,100467,100,99929,100,100538,200,99926,100
2019-06-28 09:36:50.000000000,100083,548,100068,548,100126,100,100067,48,100138,100,100024,100,100158,100,99978,100,100172,100,99969,100,100196,100,99967,100,100280,100,99964,100,100327,100,99961,100,100467,100,99929,100,100538,200,99926,100
2019-06-28 09:37:00.000000000,100083,252,100068,252,100126,248,100067,196,100138,248,100024,248,100158,100,99978,100,100172,100,99969,100,100196,100,99967,100,100280,100,99964,100,100327,100,99961,100,100467,100,99929,100,100538,200,99926,100
2019-06-28 09:37:10.000000000,100083,190,100068,190,100126,190,100067,138,100138,190,100024,190,100158,190,99978,190,100172,190,99969,190,100196,100,99967,100,100280,100,99964,100,100327,100,99961,100,100467,100,99929,100,100538,200,99926,100
2019-06-28 09:37:13.855475350,100083,190,100068,190,100126,190,100067,138,100138,190,100024,190,100158,190,99978,190,100172,190,99969,190,100196,100,99967,100,100280,100,99964,100,100327,100,99961,100,100466,100,99929,100,100467,100,99926,100
2019-06-28 09:37:14.400632397,100083,190,100068,190,100126,190,100067,138,100138,190,100024,190,100158,190,99978,190,100172,190,99969,190,100196,100,99967,100,100280,100,99964,100,100327,100,99961,100,100331,100,99929,100,100466,100,99926,100
2019-06-28 09:37:18.761274528,100083,90,100068,190,100126,190,100067,138,100138,190,100024,190,100158,190,99978,190,100172,190,99969,190,100196,100,99967,100,100280,100,99964,100,100327,100,99961,100,100331,100,99929,100,100466,100,99926,100
2019-06-28 09:37:20.000000000,100126,324,100068,324,100138,324,100067,272,100158,100,100024,100,100172,100,99978,100,100196,100,99969,100,100280,100,99967,100,100327,100,99964,100,100331,100,99961,100,100466,100,99929,100,100467,100,99926,100
2019-06-28 09:37:30.000000000,100126,190,100068,190,100138,190,100067,138,100158,190,100024,190,100172,190,99978,190,100196,190,99969,190,100280,100,99967,100,100327,100,99964,100,100331,100,99961,100,100466,100,99929,100,100467,100,99926,100
2019-06-28 09:37:33.160343659,100126,190,100083,100,100138,190,100068,190,100158,190,100067,138,100172,190,100024,190,100196,190,99978,190,100280,100,99969,190,100327,100,99967,100,100331,100,99964,100,100466,100,99961,100,100467,100,99929,100
2019-06-28 09:37:40.000000000,100126,252,100083,252,100138,248,100068,248,100158,248,100067,196,100172,100,100024,100,100196,100,99978,100,100280,100,99969,100,100327,100,99967,100,100331,100,99964,100,100466,100,99961,100,100467,100,99929,100
2019-06-28 09:37:48.295791934,100126,252,100083,352,100138,248,100068,248,100158,248,100067,196,100172,100,100024,100,100196,100,99978,100,100280,100,99969,100,100327,100,99967,100,100331,100,99964,100,100466,100,99961,100,100467,100,99929,100
2019-06-28 09:37:50.000000000,100126,252,100083,352,100138,248,100068,248,100158,248,100067,196,100172,100,100024,100,100196,100,99978,100,100280,100,99969,100,100327,100,99967,100,100331,100,99964,100,100466,100,99961,100,100467,100,99929,100
2019-06-28 09:38:00.000000000,100126,252,100083,352,100138,248,100068,248,100158,248,100067,196,100172,100,100024,100,100196,100,99978,100,100280,100,99969,100,100327,100,99967,100,100331,100,99964,100,100466,100,99961,100,100467,100,99929,100
2019-06-28 09:38:06.115983430,100126,252,100083,452,100138,248,100068,248,100158,248,100067,196,100172,100,100024,100,100196,100,99978,100,100280,100,99969,100,100327,100,99967,100,100331,100,99964,100,100466,100,99961,100,100467,100,99929,100
2019-06-28 09:38:10.000000000,100126,324,100083,524,100138,324,100068,324,100158,100,100067,48,100172,100,100024,100,100196,100,99978,100,100280,100,99969,100,100327,100,99967,100,100331,100,99964,100,100466,100,99961,100,100467,100,99929,100
2019-06-28 09:38:16.264153736,100126,324,100083,524,100138,324,100068,324,100158,100,100067,48,100172,100,100024,100,100196,100,99978,100,100254,100,99969,100,100280,100,99967,100,100327,100,99964,100,100331,100,99961,100,100466,100,99929,100
2019-06-28 09:38:20.000000000,100126,324,100083,524,100138,324,100068,324,100158,100,100067,48,100172,100,100024,100,100196,100,99978,100,100254,100,99969,100,100280,100,99967,100,100327,100,99964,100,100331,100,99961,100,100466,100,99929,100
2019-06-28 09:38:29.728592507,100126,324,100083,524,100138,324,100068,324,100139,100,100067,48,100158,100,100024,100,100172,100,99978,100,100196,100,99969,100,100254,100,99967,100,100280,100,99964,100,100327,100,99961,100,100331,100,99929,100
2019-06-28 09:38:30.000000000,100126,190,100083,390,100138,190,100068,190,100139,190,100067,138,100158,190,100024,190,100172,190,99978,190,100196,100,99969,100,100254,100,99967,100,100280,100,99964,100,100327,100,99961,100,100331,100,99929,100
2019-06-28 09:38:34.445561769,100126,190,100094,100,100138,190,100083,390,100139,190,100068,190,100158,190,100067,138,100172,190,100024,190,100196,100,99978,190,100280,100,99969,100,100327,100,99967,100,100331,100,99964,100,100466,100,99961,100
2019-06-28 09:38:40.000000000,100126,190,100094,190,100138,190,100083,390,100139,190,100068,190,100158,190,100067,138,100172,190,100024,190,100196,100,99978,100,100280,100,99969,100,100327,100,99967,100,100331,100,99964,100,100466,100,99961,100
2019-06-28 09:38:43.027119400,100126,190,100094,190,100138,190,100083,390,100139,190,100068,190,100158,190,100067,138,100172,190,100024,190,100196,100,99978,100,100280,100,99969,100,100327,100,99967,100,100331,100,99964,100,100466,100,99961,100
2019-06-28 09:38:49.965332656,100126,190,100094,190,100138,190,100083,390,100139,190,100068,190,100158,190,100067,138,100172,190,100024,190,100196,100,99978,100,100280,100,99969,100,100327,100,99967,100,100331,100,99964,100,100466,100,99963,100
2019-06-28 09:38:50.000000000,100126,190,100094,190,100138,190,100083,390,100139,190,100068,190,100158,190,100067,138,100172,190,100024,190,100196,100,99978,100,100280,100,99969,100,100327,100,99967,100,100331,100,99964,100,100466,100,99963,100
2019-06-28 09:39:00.000000000,100126,190,100094,190,100138,190,100083,390,100139,190,100068,190,100158,190,100067,138,100172,190,100024,190,100196,100,99978,100,100280,100,99969,100,100327,100,99967,100,100331,100,99964,100,100466,100,99963,100
2019-06-28 09:39:07.658859563,100126,190,100094,190,100138,190,100083,390,100139,190,100068,190,100158,190,100067,138,100172,90,100043,100,100196,100,100024,190,100280,100,99978,100,100327,100,99969,100,100331,100,99967,100,100466,100,99964,100
2019-06-28 09:39:10.000000000,100126,212,100094,212,100138,212,100083,412,100139,212,100068,212,100158,212,100067,160,100196,100,100043,100,100280,100,100024,100,100327,100,99978,100,100331,100,99969,100,100466,100,99967,100,100467,100,99964,100
2019-06-28 09:39:20.000000000,100126,252,100094,252,100138,248,100083,448,100139,248,100068,248,100158,100,100067,48,100196,100,100043,100,100280,100,100024,100,100327,100,99978,100,100331,100,99969,100,100466,100,99967,100,100467,100,99964,100
2019-06-28 09:39:23.758660598,100126,252,100094,152,100138,248,100083,448,100139,248,100068,248,100158,100,100067,48,100196,100,100043,100,100280,100,100024,100,100327,100,99978,100,100331,100,99969,100,100466,100,99967,100,100467,100,99964,100
2019-06-28 09:39:30.000000000,100126,548,100083,748,100138,100,100068,100,100139,100,100067,48,100158,100,100043,100,100196,100,100024,100,100280,100,99978,100,100327,100,99969,100,100331,100,99967,100,100466,100,99964,100,100467,100,99963,100
2019-06-28 09:39:33.434131229,100126,548,100083,648,100138,100,100068,100,100139,100,100067,48,100158,100,100043,100,100196,100,100024,100,100280,100,99969,100,100327,100,99967,100,100331,100,99964,100,100466,100,99963,100,100467,100,99961,100
2019-06-28 09:39:40.000000000,100126,252,100083,352,100138,248,100068,248,100139,248,100067,196,100158,100,100043,100,100196,100,100024,100,100280,100,99969,100,100327,100,99967,100,100331,100,99964,100,100466,100,99963,100,100467,100,99961,100
2019-06-28 09:39:40.822230286,100094,100,100083,352,100126,252,100068,248,100138,248,100067,196,100139,248,100043,100,100158,100,100024,100,100196,100,99969,100,100280,100,99967,100,100327,100,99964,100,100331,100,99963,100,100466,100,99961,100
2019-06-28 09:39:40.907844792,100094,100,100084,100,100126,252,100083,352,100138,248,100068,248,100139,248,100067,196,100158,100,100043,100,100196,100,100024,100,100280,100,99969,100,100327,100,99967,100,100331,100,99964,100,100466,100,99963,100
2019-06-28 09:39:41.980133320,100126,252,100084,100,100138,248,100083,352,100139,248,100068,248,100158,100,100067,196,100196,100,100043,100,100280,100,100024,100,100327,100,99969,100,100331,100,99967,100,100466,100,99964,100,100467,100,99963,100
2019-06-28 09:39:50.000000000,100126,212,100084,212,100138,212,100083,312,100139,212,100068,212,100158,212,100067,160,100196,100,100043,100,100280,100,100024,100,100327,100,99969,100,100331,100,99967,100,100466,100,99964,100,100467,100,99963,100
2019-06-28 09:39:58.055244019,100126,212,100084,112,100138,212,100083,312,100139,212,100068,212,100158,112,100067,160,100196,100,100043,100,100280,100,100024,100,100327,100,99969,100,100331,100,99967,100,100466,100,99964,100,100467,100,99963,100
2019-06-28 09:40:00.000000000,100126,190,100083,290,100138,190,100068,190,100139,190,100067,138,100196,190,100043,190,100280,190,100024,190,100327,100,99969,100,100331,100,99967,100,100466,100,99964,100,100467,100,99963,100,100538,200,99961,100
2019-06-28 09:40:10.000000000,100126,252,100083,352,100138,248,100068,248,100139,248,100067,196,100196,100,100043,100,100280,100,100024,100,100327,100,99969,100,100331,100,99967,100,100466,100,99964,100,100467,100,99963,100,100538,200,99961,100
2019-06-28 09:40:20.000000000,100126,212,100083,312,100138,212,100068,212,100139,212,100067,160,100196,212,100043,212,100280,100,100024,100,100327,100,99969,100,100331,100,99967,100,100466,100,99964,100,100467,100,99963,100,100538,200,99961,100
2019-06-28 09:40:28.508637060,100126,212,100083,312,100138,212,100068,212,100139,112,100067,160,100196,212,100043,212,100280,100,100024,100,100327,100,99969,100,100331,100,99967,100,100466,100,99964,100,100467,100,99963,100,100538,200,99961,100
2019-06-28 09:40:30.000000000,100126,212,100083,312,100138,212,100068,212,100196,212,100067,160,100280,212,100043,212,100327,100,100024,100,100331,100,99969,100,100466,100,99967,100,100467,100,99964,100,100538,200,99963,100,100563,100,99961,100
2019-06-28 09:40:36.219924666,100095,100,100083,312,100126,212,100068,212,100138,212,100067,160,100196,212,100043,212,100280,212,100024,100,100327,100,99969,100,100331,100,99967,100,100466,100,99964,100,100467,100,99963,100,100538,200,99961,100
2019-06-28 09:40:40.000000000,100095,548,100083,648,100126,100,100068,100,100138,100,100067,48,100196,100,100043,100,100280,100,100024,100,100327,100,99969,100,100331,100,99967,100,100466,100,99964,100,100467,100,99963,100,100538,200,99961,100
2019-06-28 09:40:44.519260018,100095,548,100083,548,100126,100,100068,100,100138,100,100067,48,100196,100,100043,100,100280,100,100024,100,100327,100,99967,100,100331,100,99964,100,100466,100,99963,100,100467,100,99961,100,100538,200,99929,100
2019-06-28 09:40:45.659529141,100084,100,100083,548,100095,548,100068,100,100126,100,100067,48,100138,100,100043,100,100196,100,100024,100,100280,100,99967,100,100327,100,99964,100,100331,100,99963,100,100466,100,99961,100,100467,100,99929,100
2019-06-28 09:40:50.000000000,100084,548,100083,548,100095,100,100068,100,100126,100,100067,48,100138,100,100043,100,100196,100,100024,100,100280,100,99967,100,100327,100,99964,100,100331,100,99963,100,100466,100,99961,100,100467,100,99929,100
2019-06-28 09:41:00.000000000,100084,548,100083,548,100095,100,100068,100,100126,100,100067,48,100138,100,100043,100,100196,100,100024,100,100280,100,99967,100,100327,100,99964,100,100331,100,99963,100,100466,100,99961,100,100467,100,99929,100
2019-06-28 09:41:07.743911846,100084,548,100083,548,100095,100,100068,100,100126,100,100067,48,100138,100,100043,100,100196,100,100024,100,100280,100,99967,100,100327,100,99963,100,100331,100,99961,100,100466,100,99929,100,100467,100,99926,100
2019-06-28 09:41:10.000000000,100084,548,100083,548,100095,100,100068,100,100126,100,100067,48,100138,100,100043,100,100196,100,100024,100,100280,100,99967,100,100327,100,99963,100,100331,100,99961,100,100466,100,99929,100,100467,100,99926,100
2019-06-28 09:41:20.000000000,100084,190,100083,190,100095,190,100068,190,100126,190,100067,138,100138,190,100043,190,100196,190,100024,190,100280,100,99967,100,100327,100,99963,100,100331,100,99961,100,100466,100,99929,100,100467,100,99926,100
2019-06-28 09:41:30.000000000,100084,190,100083,190,100095,190,100068,190,100126,190,100067,138,100138,190,100043,190,100196,190,100024,190,100280,100,99967,100,100327,100,99963,100,100331,100,99961,100,100466,100,99929,100,100467,100,99926,100
2019-06-28 09:41:40.000000000,100084,548,100083,548,100095,100,100068,100,100126,100,100067,48,100138,100,100043,100,100196,100,100024,100,100280,100,99967,100,100327,100,99963,100,100331,100,99961,100,100466,100,99929,100,100467,100,99926,100
2019-06-28 09:41:50.000000000,100084,190,100083,190,100095,190,100068,190,100126,190,100067,138,100138,190,100043,190,100196,190,100024,190,100280,100,99967,100,100327,100,99963,100,100331,100,99961,100,100466,100,99929,100,100467,100,99926,100
2019-06-28 09:41:50.133876890,100084,190,100083,90,100095,190,100068,190,100126,190,100067,138,100138,190,100043,190,100196,190,100024,190,100327,100,99967,100,100331,100,99963,100,100466,100,99961,100,100467,100,99929,100,100538,200,99926,100
2019-06-28 09:42:00.000000000,100084,190,100068,190,100095,190,100067,138,100126,190,100043,190,100138,190,100024,190,100196,190,99967,190,100327,100,99963,100,100331,100,99961,100,100466,100,99929,100,100467,100,99926,100,100538,200,99915,100
2019-06-28 09:42:05.346094112,100084,190,100068,90,100095,190,100067,138,100126,190,100043,190,100138,190,100024,190,100196,190,99967,190,100327,100,99963,100,100466,100,99961,100,100467,100,99929,100,100538,200,99926,100,100563,100,99915,100
2019-06-28 09:42:10.000000000,100084,324,100067,272,100095,324,100043,324,100126,100,100024,100,100138,100,99967,100,100196,100,99963,100,100327,100,99961,100,100466,100,99929,100,100467,100,99926,100,100538,200,99915,100,100563,100,99914,100
2019-06-28 09:42:16.372213976,100084,324,100067,272,100095,324,100043,324,100126,100,100024,100,100138,100,99967,100,100196,100,99963,100,100327,100,99961,100,100466,100,99929,100,100467,100,99926,100,100538,200,99915,100,100563,100,99914,100
2019-06-28 09:42:20.000000000,100084,212,100067,160,100095,212,100043,212,100126,212,100024,212,100138,212,99967,212,100196,100,99963,100,100327,100,99961,100,100466,100,99929,100,100467,100,99926,100,100538,200,99915,100,100563,100,99914,100
2019-06-28 09:42:20.923794426,100084,212,100067,160,100095,212,100043,212,100126,212,100024,212,100138,212,99967,212,100196,100,99963,100,100327,100,99961,100,100466,100,99929,100,100538,200,99926,100,100563,100,99915,100,100593,100,99914,100
2019-06-28 09:42:22.582418503,100084,212,100067,60,100095,212,100043,212,100126,212,100024,212,100138,212,99967,212,100196,100,99963,100,100327,100,99961,100,100466,100,99929,100,100538,100,99926,100,100563,100,99915,100,100593,100,99914,100
2019-06-28 09:42:30.000000000,100084,212,100043,212,100095,212,100024,212,100126,212,99967,212,100138,212,99963,212,100196,100,99961,100,100327,100,99929,100,100466,100,99926,100,100538,100,99915,100,100563,100,99914,100,100593,100,99888,100
2019-06-28 09:42:40.000000000,100084,190,100043,190,100095,190,100024,190,100126,190,99967,190,100138,190,99963,190,100196,190,99961,190,100327,100,99929,100,100466,100,99926,100,100538,100,99915,100,100563,100,99914,100,100593,100,99888,100
2019-06-28 09:42:50.000000000,100084,324,100043,324,100095,324,100024,324,100126,100,99967,100,100138,100,99963,100,100196,100,99961,100,100327,100,99929,100,100466,100,99926,100,100538,100,99915,100,100563,100,99914,100,100593,100,99888,100
2019-06-28 09:42:53.605725659,100068,100,100043,324,100084,324,100024,324,100095,324,99967,100,100126,100,99963,100,100138,100,99961,100,100196,100,99929,100,100327,100,99926,100,100466,100,99915,100,100538,100,99914,100,100563,100,99888,100
2019-06-28 09:43:00.000000000,100068,252,100043,252,100084,248,100024,248,100095,248,99967,248,100126,100,99963,100,100138,100,99961,100,100196,100,99929,100,100327,100,99926,100,100466,100,99915,100,100538,100,99914,100,100563,100,99888,100
2019-06-28 09:43:10.000000000,100068,548,100043,548,100084,100,100024,100,100095,100,99967,100,100126,100,99963,100,100138,100,99961,100,100196,100,99929,100,100327,100,99926,100,100466,100,99915,100,100538,100,99914,100,100563,100,99888,100
2019-06-28 09:43:20.000000000,100068,212,100043,212,100084,212,100024,212,100095,212,99967,212,100126,212,99963,212,100138,100,99961,100,100196,100,99929,100,100327,100,99926,100,100466,100,99915,100,100538,100,99914,100,100563,100,99888,100
2019-06-28 09:43:30.000000000,100068,548,100043,548,100084,100,100024,100,100095,100,99967,100,100126,100,99963,100,100138,100,99961,100,100196,100,99929,100,100327,100,99926,100,100466,100,99915,100,100538,100,99914,100,100563,100,99888,100
2019-06-28 09:43:40.000000000,100068,324,100043,324,100084,324,100024,324,100095,100,99967,100,100126,100,99963,100,100138,100,99961,100,100196,100,99929,100,100327,100,99926,100,100466,100,99915,100,100538,100,99914,100,100563,100,99888,100
2019-06-28 09:43:50.000000000,100068,212,100043,212,100084,212,100024,212,100095,212,99967,212,100126,212,99963,212,100138,100,99961,100,100196,100,99929,100,100327,100,99926,100,100466,100,99915,100,100538,100,99914,100,100563,100,99888,100
2019-06-28 09:44:00.000000000,100068,212,100043,212,100084,212,100024,212,100095,212,99967,212,100126,212,99963,212,100138,100,99961,100,100196,100,99929,100,100327,100,99926,100,100466,100,99915,100,100538,100,99914,100,100563,100,99888,100
2019-06-28 09:44:04.741833703,100068,212,100043,112,100084,212,100024,212,100095,212,99967,212,100126,212,99963,212,100138,100,99961,100,100196,100,99929,100,100327,100,99926,100,100466,100,99915,100,100538,100,99914,100,100563,100,99888,100
2019-06-28 09:44:06.812555443,100068,212,100043,12,100084,212,100024,212,100095,212,99967,212,100126,212,99963,212,100138,100,99961,100,100196,100,99929,100,100327,100,99926,100,100466,100,99915,100,100538,100,99914,100,100563,100,99888,100
2019-06-28 09:44:10.000000000,100068,252,100024,252,100084,248,99967,248,100095,248,99963,248,100126,100,99961,100,100138,100,99929,100,100196,100,99926,100,100327,100,99915,100,100466,100,99914,100,100538,100,99888,100,100563,100,99885,100
2019-06-28 09:44:20.000000000,100068,548,100024,548,100084,100,99967,100,100095,100,99963,100,100126,100,99961,100,100138,100,99929,100,100196,100,99926,100,100327,100,99915,100,100466,100,99914,100,100538,100,99888,100,100563,100,99885,100
2019-06-28 09:44:20.046092627,100068,548,100024,448,100084,100,99967,100,100095,100,99963,100,100126,100,99961,100,100138,100,99929,100,100196,100,99926,100,100327,100,99915,100,100466,100,99914,100,100538,100,99888,100,100563,100,99885,100
2019-06-28 09:44:23.914998603,100068,548,100024,348,100084,100,99967,100,100095,100,99963,100,100126,100,99961,100,100138,100,99929,100,100196,100,99926,100,100327,100,99915,100,100466,100,99914,100,100538,100,99888,100,100563,100,99885,100
2019-06-28 09:44:30.000000000,100068,212,99967,212,100084,212,99963,212,100095,212,99961,212,100126,212,99929,212,100138,100,99926,100,100196,100,99915,100,100327,100,99914,100,100466,100,99888,100,100538,100,99885,100,100563,100,99845,100
2019-06-28 09:44:32.830319055,100068,212,99967,112,100084,212,99963,212,100095,212,99961,212,100126,212,99929,212,100138,100,99926,100,100196,100,99915,100,100327,100,99888,100,100466,100,99885,100,100538,100,99845,100,100563,100,99780,100
2019-06-28 09:44:40.000000000,100068,190,99963,190,100084,190,99961,190,100095,190,99929,190,100126,190,99926,190,100138,190,99915,190,100196,100,99888,100,100327,100,99885,100,100466,100,99845,100,100538,100,99780,100,100563,100,99741,100
2019-06-28 09:44:50.000000000,100068,324,99963,324,100084,324,99961,324,100095,100,99929,100,100126,100,99926,100,100138,100,99915,100,100196,100,99888,100,100327,100,99885,100,100466,100,99845,100,100538,100,99780,100,100563,100,99741,100
2019-06-28 09:44:50.496422839,100068,324,99963,324,100084,324,99961,324,100095,100,99929,100,100126,100,99926,100,100138,100,99915,100,100196,100,99888,100,100327,100,99885,100,100466,100,99845,100,100538,100,99780,100,100563,100,99741,100
2019-06-28 09:45:00.000000000,100068,548,99963,548,100084,100,99961,100,100095,100,99929,100,100126,100,99926,100,100138,100,99915,100,100196,100,99888,100,100327,100,99885,100,100466,100,99845,100,100538,100,99780,100,100563,100,99741,100
2019-06-28 09:45:10.000000000,100068,252,99963,252,100084,248,99961,248,100095,248,99929,248,100126,100,99926,100,100138,100,99915,100,100196,100,99888,100,100327,100,99885,100,100466,100,99845,100,100538,100,99780,100,100563,100,99741,100
2019-06-28 09:45:20.000000000,100068,324,99963,324,100084,324,99961,324,100095,100,99929,100,100126,100,99926,100,100138,100,99915,100,100196,100,99888,100,100327,100,99885,100,100466,100,99845,100,100538,100,99780,100,100563,100,99741,100
2019-06-28 09:45:20.414870781,100068,324,99963,324,100084,324,99961,324,100095,100,99929,100,100126,100,99926,100,100138,100,99915,100,100196,100,99888,100,100327,100,99885,100,100466,100,99845,100,100538,100,99809,100,100563,100,99741,100
2019-06-28 09:45:24.656194036,100026,100,99963,324,100068,324,99961,324,100084,324,99929,100,100095,100,99926,100,100126,100,99915,100,100138,100,99888,100,100196,100,99885,100,100327,100,99845,100,100466,100,99809,100,100538,100,99741,100
2019-06-28 09:45:30.000000000,100026,252,99963,252,100068,248,99961,248,100084,248,99929,248,100095,100,99926,100,100126,100,99915,100,100138,100,99888,100,100196,100,99885,100,100327,100,99845,100,100466,100,99809,100,100538,100,99741,100
2019-06-28 09:45:40.000000000,100026,324,99963,324,100068,324,99961,324,100084,100,99929,100,100095,100,99926,100,100126,100,99915,100,100138,100,99888,100,100196,100,99885,100,100327,100,99845,100,100466,100,99809,100,100538,100,99741,100
2019-06-28 09:45:45.477993236,100026,324,99963,224,100068,324,99961,324,100084,100,99929,100,100095,100,99926,100,100126,100,99915,100,100138,100,99888,100,100196,100,99885,100,100327,100,99845,100,100466,100,99809,100,100538,100,99741,100
2019-06-28 09:45:50.000000000,100026,190,99961,190,100068,190,99929,190,100084,190,99926,190,100095,190,99915,190,100126,190,99888,190,100138,100,99885,100,100196,100,99845,100,100327,100,99809,100,100466,100,99741,100,100538,100,99446,100
2019-06-28 09:46:00.000000000,100026,190,99961,190,100068,190,99929,190,100084,190,99926,190,100095,190,99915,190,100126,190,99888,190,100138,100,99885,100,100196,100,99845,100,100327,100,99809,100,100466,100,99741,100,100538,100,99446,100
2019-06-28 09:46:10.000000000,100026,548,99961,548,100068,100,99929,100,100084,100,99926,100,100095,100,99915,100,100126,100,99888,100,100138,100,99885,100,100196,100,99845,100,100327,100,99809,100,100466,100,99741,100,100538,100,99446,100
2019-06-28 09:46:20.000000000,100026,324,99961,324,100068,324,99929,324,100084,100,99926,100,100095,100,99915,100,100126,100,99888,100,100138,100,99885,100,100196,100,99845,100,100327,100,99809,100,100466,100,99741,100,100538,100,99446,100
2019-06-28 09:46:24.227965612,100026,324,99961,224,100068,324,99929,324,100084,100,99926,100,100095,100,99915,100,100126,100,99888,100,100138,100,99885,100,100196,100,99845,100,100327,100,99809,100,100466,100,99446,100,100538,100,99279,100
2019-06-28 09:46:30.000000000,100026,252,99929,252,100068,248,99926,248,100084,248,99915,248,100095,100,99888,100,100126,100,99885,100,100138,100,99845,100,100196,100,99809,100,100327,100,99446,100,100466,100,99279,100,100538,100,99007,100
2019-06-28 09:46:37.528538192,100026,252,99929,152,100068,248,99926,248,100084,248,99915,248,100095,100,99888,100,100126,100,99885,100,100138,100,99845,100,100196,100,99809,100,100327,100,99446,100,100466,100,99279,100,100538,100,99007,100
2019-06-28 09:46:40.000000000,100026,190,99926,190,100068,190,99915,190,100084,190,99888,190,100095,190,99885,190,100126,190,99845,190,100138,100,99809,100,100196,100,99446,100,100327,100,99279,100,100466,100,99007,100,100538,100,,
2019-06-28 09:46:50.000000000,100026,324,99926,324,100068,324,99915,324,100084,100,99888,100,100095,100,99885,100,100126,100,99845,100,100138,100,99809,100,100196,100,99446,100,100327,100,99279,100,100466,100,99007,100,100538,100,,
2019-06-28 09:46:53.456995084,100026,324,99926,324,100068,324,99915,324,100084,100,99888,100,100095,100,99885,100,100126,100,99845,100,100138,100,99809,100,100196,100,99649,100,100327,100,99446,100,100538,100,99279,100,100563,100,99007,100
2019-06-28 09:46:55.717711359,100026,324,99926,224,100068,324,99915,324,100084,100,99888,100,100095,100,99885,100,100126,100,99845,100,100138,100,99809,100,100196,100,99649,100,100327,100,99446,100,100538,100,99279,100,100563,100,99007,100
2019-06-28 09:47:00.000000000,100026,212,99915,212,100068,212,99888,212,100084,212,99885,212,100095,212,99845,212,100126,100,99809,100,100138,100,99649,100,100196,100,99446,100,100327,100,99279,100,100538,100,99007,100,100563,100,,
2019-06-28 09:47:00.577636408,100026,212,99915,212,100068,212,99888,212,100084,212,99885,212,100095,212,99845,212,100126,100,99809,100,100138,100,99649,100,100196,100,99459,100,100327,100,99446,100,100538,100,99279,100,100563,100,99007,100
2019-06-28 09:47:01.745192504,100026,212,99915,212,100068,212,99888,212,100084,212,99885,212,100095,212,99845,212,100126,100,99809,100,100138,100,99649,100,100196,100,99568,100,100327,100,99459,100,100538,100,99446,100,100563,100,99279,100
2019-06-28 09:47:07.206284113,100026,212,99915,112,100068,212,99888,212,100084,212,99885,212,100095,212,99845,212,100126,100,99809,100,100138,100,99649,100,100196,100,99568,100,100327,100,99459,100,100538,100,99446,100,100563,100,99279,100
2019-06-28 09:47:10.000000000,100026,324,99888,324,100068,324,99885,324,100084,100,99845,100,100095,100,99809,100,100126,100,99649,100,100138,100,99568,100,100196,100,99459,100,100327,100,99446,100,100538,100,99279,100,100563,100,99007,100
2019-06-28 09:47:19.715901484,100026,324,99888,224,100068,324,99885,324,100084,100,99845,100,100095,100,99809,100,100126,100,99649,100,100138,100,99568,100,100196,100,99459,100,100327,100,99446,100,100538,100,99279,100,100563,100,99007,100
2019-06-28 09:47:20.000000000,100026,212,99885,212,100068,212,99845,212,100084,212,99809,212,100095,212,99649,212,100126,100,99568,100,100138,100,99459,100,100196,100,99446,100,100327,100,99279,100,100538,100,99007,100,100563,100,,
2019-06-28 09:47:30.000000000,100026,252,99885,252,100068,248,99845,248,100084,248,99809,248,100095,100,99649,100,100126,100,99568,100,100138,100,99459,100,100196,100,99446,100,100327,100,99279,100,100538,100,99007,100,100563,100,,
2019-06-28 09:47:39.475127851,100026,252,99916,100,100068,248,99885,252,100084,248,99845,248,100095,100,99809,248,100126,100,99649,100,100138,100,99568,100,100196,100,99459,100,100327,100,99446,100,100538,100,99279,100,100563,100,99007,100
2019-06-28 09:47:40.000000000,100026,324,99916,324,100068,324,99885,324,100084,100,99845,100,100095,100,99809,100,100126,100,99649,100,100138,100,99568,100,100196,100,99459,100,100327,100,99446,100,100538,100,99279,100,100563,100,99007,100
2019-06-28 09:47:50.000000000,100026,252,99916,252,100068,248,99885,248,100084,248,99845,248,100095,100,99809,100,100126,100,99649,100,100138,100,99568,100,100196,100,99459,100,100327,100,99446,100,100538,100,99279,100,100563,100,99007,100
2019-06-28 09:47:58.448441219,100026,252,99916,152,100068,248,99885,248,100084,248,99845,248,100095,100,99809,100,100126,100,99649,100,100138,100,99568,100,100196,100,99459,100,100327,100,99446,100,100538,100,99279,100,100563,100,99007,100
2019-06-28 09:47:59.765574904,100026,252,99916,52,100068,248,99885,248,100084,248,99845,248,100095,100,99809,100,100126,100,99649,100,100138,100,99568,100,100196,100,99459,100,100327,100,99446,100,100538,100,99279,100,100563,100,99007,100
2019-06-28 09:48:00.000000000,100026,252,99885,252,100068,248,99845,248,100084,248,99809,248,100095,100,99649,100,100126,100,99568,100,100138,100,99459,100,100196,100,99446,100,100327,100,99279,100,100538,100,99007,100,100563,100,,
2019-06-28 09:48:10.000000000,100026,212,99885,212,100068,212,99845,212,100084,212,99809,212,100095,212,99649,212,100126,100,99568,100,100138,100,99459,100,100196,100,99446,100,100327,100,99279,100,100538,100,99007,100,100563,100,,
2019-06-28 09:48:16.628096696,100026,212,99885,112,100068,212,99845,212,100084,212,99809,212,100095,212,99649,212,100126,100,99568,100,100138,100,99459,100,100196,100,99446,100,100327,100,99279,100,100563,100,99007,100,,,,
2019-06-28 09:48:20.000000000,100026,548,99845,548,100068,100,99809,100,100084,100,99649,100,100095,100,99568,100,100126,100,99459,100,100138,100,99446,100,100196,100,99279,100,100327,100,99007,100,100563,100,,,,,,
2019-06-28 09:48:30.000000000,100026,252,99845,252,100068,248,99809,248,100084,248,99649,248,100095,100,99568,100,100126,100,99459,100,100138,100,99446,100,100196,100,99279,100,100327,100,99007,100,100563,100,,,,,,
2019-06-28 09:48:38.552726824,100026,252,99845,252,100068,248,99809,248,100084,248,99649,248,100095,100,99568,100,100126,100,99459,100,100138,100,99446,100,100196,100,99279,100,100327,100,99246,100,100563,100,99007,100,,,,
2019-06-28 09:48:40.000000000,100026,324,99845,324,100068,324,99809,324,100084,100,99649,100,100095,100,99568,100,100126,100,99459,100,100138,100,99446,100,100196,100,99279,100,100327,100,99246,100,100563,100,99007,100,,,,
2019-06-28 09:48:40.600029224,100026,324,99845,324,100068,324,99809,324,100084,100,99568,100,100095,100,99509,100,100126,100,99459,100,100138,100,99446,100,100196,100,99279,100,100327,100,99246,100,100563,100,99007,100,,,,
2019-06-28 09:48:42.030972031,100026,324,99845,224,100068,324,99809,324,100084,100,99509,100,100095,100,99459,100,100126,100,99446,100,100138,100,99279,100,100196,100,99246,100,100327,100,99007,100,100563,100,,,,,,
2019-06-28 09:48:50.000000000,100026,252,99809,252,100068,248,99509,248,100084,248,99459,248,100095,100,99446,100,100126,100,99279,100,100138,100,99246,100,100196,100,99007,100,100327,100,,,100563,100,,,,,,
2019-06-28 09:49:00.000000000,100026,212,99809,212,100068,212,99509,212,100084,212,99459,212,100095,212,99446,212,100126,100,99279,100,100138,100,99246,100,100196,100,99007,100,100327,100,,,100563,100,,,,,,
2019-06-28 09:49:10.000000000,100026,548,99809,548,100068,100,99509,100,100084,100,99459,100,100095,100,99446,100,100126,100,99279,100,100138,100,99246,100,100196,100,99007,100,100327,100,,,100563,100,,,,,,
2019-06-28 09:49:20.000000000,100026,212,99809,212,100068,212,99509,212,100084,212,99459,212,100095,212,99446,212,100126,100,99279,100,100138,100,99246,100,100196,100,99007,100,100327,100,,,100563,100,,,,,,
2019-06-28 09:49:26.921438456,100026,212,99809,12,100068,212,99509,212,100084,212,99459,212,100095,212,99446,212,100126,100,99279,100,100138,100,99246,100,100196,100,99007,100,100327,100,,,100563,100,,,,,,
2019-06-28 09:49:30.000000000,100026,190,99509,190,100068,190,99459,190,100084,190,99446,190,100095,190,99279,190,100126,190,99246,190,100138,100,99007,100,100196,100,,,100327,100,,,100563,100,,,,,,
2019-06-28 09:49:39.809219033,100026,190,99509,190,100068,190,99468,100,100084,190,99459,190,100095,190,99446,190,100126,190,99279,190,100138,100,99246,190,100196,100,99007,100,100327,100,,,100563,100,,,,,,
2019-06-28 09:49:40.000000000,100026,324,99509,324,100068,324,99468,324,100084,100,99459,100,100095,100,99446,100,100126,100,99279,100,100138,100,99246,100,100196,100,99007,100,100327,100,,,100563,100,,,,,,
2019-06-28 09:49:44.752948132,99845,100,99509,324,100026,324,99468,324,100068,324,99459,100,100084,100,99446,100,100126,100,99279,100,100138,100,99246,100,100196,100,99007,100,100327,100,,,100563,100,,,,,,
2019-06-28 09:49:50.000000000,99845,190,99509,190,100026,190,99468,190,100068,190,99459,190,100084,190,99446,190,100126,190,99279,190,100138,100,99246,100,100196,100,99007,100,100327,100,,,100563,100,,,,,,
2019-06-28 09:49:53.360055763,99845,190,99509,190,99979,100,99468,190,100026,190,99459,190,100068,190,99446,190,100084,190,99279,190,100126,190,99246,100,100138,100,99007,100,100196,100,,,100327,100,,,100563,100,,
2019-06-28 09:49:58.431742311,99845,90,99509,190,99979,100,99468,190,100026,190,99459,190,100068,190,99446,190,100084,190,99279,190,100126,190,99246,100,100138,100,99007,100,100196,100,,,100327,100,,,100563,100,,
2019-06-28 09:50:00.000000000,99979,190,99509,190,100026,190,99468,190,100068,190,99459,190,100084,190,99446,190,100126,190,99279,190,100138,100,99246,100,100196,100,99007,100,100327,100,,,100563,100,,,,,,
2019-06-28 09:50:01.161541766,99748,100,99509,190,99979,190,99468,190,100026,190,99459,190,100068,190,99446,190,100084,190,99279,190,100126,190,99246,100,100138,100,99007,100,100196,100,,,100327,100,,,100563,100,,
2019-06-28 09:50:10.000000000,99748,212,99509,212,99979,212,99468,212,100026,212,99459,212,100068,212,99446,212,100084,100,99279,100,100126,100,99246,100,100138,100,99007,100,100196,100,,,100327,100,,,100563,100,,
2019-06-28 09:50:20.000000000,99748,548,99509,548,99979,100,99468,100,100026,100,99459,100,100068,100,99446,100,100084,100,99279,100,100126,100,99246,100,100138,100,99007,100,100196,100,,,100327,100,,,100563,100,,
2019-06-28 09:50:26.001688160,99748,548,99509,448,99979,100,99468,100,100026,100,99459,100,100068,100,99446,100,100084,100,99279,100,100126,100,99246,100,100138,100,99007,100,100196,100,,,100327,100,,,100563,100,,
2019-06-28 09:50:26.695604428,99747,100,99509,448,99748,548,99468,100,99979,100,99459,100,100026,100,99446,100,100068,100,99279,100,100084,100,99246,100,100126,100,99007,100,100138,100,,,100196,100,,,100327,100,,
2019-06-28 09:50:30.000000000,99747,190,99468,190,99748,190,99459,190,99979,190,99446,190,100026,190,99279,190,100068,190,99246,190,100084,100,99007,100,100126,100,,,100138,100,,,100196,100,,,100327,100,,
2019-06-28 09:50:35.070004551,99747,190,99669,100,99748,190,99468,190,99979,190,99459,190,100026,190,99446,190,100068,190,99279,190,100084,100,99246,190,100126,100,99007,100,100138,100,,,100196,100,,,100327,100,,
2019-06-28 09:50:40.000000000,99747,324,99669,324,99748,324,99468,324,99979,100,99459,100,100026,100,99446,100,100068,100,99279,100,100084,100,99246,100,100126,100,99007,100,100138,100,,,100196,100,,,100327,100,,
2019-06-28 09:50:43.088805916,99747,324,99669,324,99748,324,99596,100,99979,100,99468,324,100026,100,99459,100,100068,100,99446,100,100084,100,99279,100,100126,100,99246,100,100138,100,99007,100,100196,100,,,100327,100,,
2019-06-28 09:50:43.335157141,99747,324,99669,324,99748,324,99596,100,99979,100,99564,100,100068,100,99468,324,100084,100,99459,100,100126,100,99446,100,100138,100,99279,100,100196,100,99246,100,100327,100,99007,100,100563,100,,
2019-06-28 09:50:45.134698796,99747,324,99669,324,99748,324,99596,100,99979,100,99564,100,100068,100,99509,100,100084,100,99468,324,100138,100,99459,100,100196,100,99446,100,100327,100,99279,100,100563,100,99246,100,,,99007,100
2019-06-28 09:50:46.240020290,99747,324,99669,324,99748,324,99596,100,99844,100,99564,100,99979,100,99509,100,100068,100,99468,324,100084,100,99459,100,100138,100,99446,100,100196,100,99279,100,100327,100,99246,100,100563,100,99007,100
2019-06-28 09:50:50.000000000,99747,548,99669,548,99748,100,99596,100,99844,100,99564,100,99979,100,99509,100,100068,100,99468,100,100084,100,99459,100,100138,100,99446,100,100196,100,99279,100,100327,100,99246,100,100563,100,99007,100
2019-06-28 09:51:00.000000000,99747,190,99669,190,99748,190,99596,190,99844,190,99564,190,99979,190,99509,190,100068,190,99468,190,100084,100,99459,100,100138,100,99446,100,100196,100,99279,100,100327,100,99246,100,100563,100,99007,100
2019-06-28 09:51:06.816709040,99747,290,99669,190,99748,190,99596,190,99844,190,99564,190,99979,190,99509,190,100068,190,99468,190,100084,100,99459,100,100138,100,99446,100,100196,100,99279,100,100327,100,99246,100,100563,100,99007,100
2019-06-28 09:51:10.000000000,99747,424,99669,324,99748,324,99596,324,99844,100,99564,100,99979,100,99509,100,100068,100,99468,100,100084,100,99459,100,100138,100,99446,100,100196,100,99279,100,100327,100,99246,100,100563,100,99007,100
2019-06-28 09:51:12.177714567,99747,424,99669,224,99748,324,99596,324,99844,100,99564,100,99979,100,99509,100,100068,100,99468,100,100084,100,99459,100,100138,100,99446,100,100196,100,99279,100,100327,100,99246,100,100563,100,99007,100
2019-06-28 09:51:14.517845099,99747,424,99670,100,99748,324,99669,224,99844,100,99596,324,99979,100,99564,100,100068,100,99509,100,100084,100,99468,100,100138,100,99459,100,100196,100,99446,100,100327,100,99279,100,100563,100,99246,100
2019-06-28 09:51:16.538349563,99747,424,99669,224,99748,324,99596,324,99844,100,99564,100,99979,100,99509,100,100068,100,99468,100,100084,100,99459,100,100138,100,99446,100,100196,100,99279,100,100327,100,99246,100,100563,100,99007,100
2019-06-28 09:51:20.000000000,99747,352,99596,252,99748,248,99564,248,99844,248,99509,248,99979,100,99468,100,100068,100,99459,100,100084,100,99446,100,100138,100,99279,100,100196,100,99246,100,100327,100,99007,100,100563,100,,
2019-06-28 09:51:30.000000000,99747,424,99596,324,99748,324,99564,324,99844,100,99509,100,99979,100,99468,100,100068,100,99459,100,100084,100,99446,100,100138,100,99279,100,100196,100,99246,100,100327,100,99007,100,100563,100,,
2019-06-28 09:51:31.765293779,99720,100,99596,324,99747,424,99564,324,99748,324,99509,100,99844,100,99468,100,99979,100,99459,100,100068,100,99446,100,100084,100,99279,100,100138,100,99246,100,100196,100,99007,100,100327,100,,
2019-06-28 09:51:40.000000000,99720,212,99596,212,99747,312,99564,212,99748,212,99509,212,99844,212,99468,212,99979,100,99459,100,100068,100,99446,100,100084,100,99279,100,100138,100,99246,100,100196,100,99007,100,100327,100,,
2019-06-28 09:51:50.000000000,99720,212,99596,212,99747,312,99564,212,99748,212,99509,212,99844,212,99468,212,99979,100,99459,100,100068,100,99446,100,100084,100,99279,100,100138,100,99246,100,100196,100,99007,100,100327,100,,
2019-06-28 09:52:00.000000000,99720,548,99596,548,99747,200,99564,100,99748,100,99509,100,99844,100,99468,100,99979,100,99459,100,100068,100,99446,100,100084,100,99279,100,100138,100,99246,100,100196,100,99007,100,100327,100,,
2019-06-28 09:52:10.000000000,99720,190,99596,190,99747,290,99564,190,99748,190,99509,190,99844,190,99468,190,99979,190,99459,190,100068,100,99446,100,100084,100,99279,100,100138,100,99246,100,100196,100,99007,100,100327,100,,
2019-06-28 09:52:20.000000000,99720,212,99596,212,99747,312,99564,212,99748,212,99509,212,99844,212,99468,212,99979,100,99459,100,100068,100,99446,100,100084,100,99279,100,100138,100,99246,100,100196,100,99007,100,100327,100,,
2019-06-28 09:52:21.764891808,99720,212,99596,212,99747,312,99564,212,99748,212,99509,212,99795,100,99468,212,99844,212,99459,100,100068,100,99446,100,100084,100,99279,100,100138,100,99246,100,100196,100,99007,100,100327,100,,
2019-06-28 09:52:22.281355733,99720,212,99596,212,99747,312,99564,212,99748,212,99509,212,99795,100,99468,212,99844,212,99459,100,99993,100,99446,100,100068,100,99279,100,100084,100,99246,100,100138,100,99007,100,100196,100,,
2019-06-28 09:52:27.749827000,99720,212,99670,100,99747,312,99596,212,99748,212,99564,212,99795,100,99509,212,99844,212,99468,212,99993,100,99459,100,100068,100,99446,100,100084,100,99279,100,100138,100,99246,100,100196,100,99007,100
2019-06-28 09:52:30.000000000,99720,190,99670,190,99747,290,99596,190,99748,190,99564,190,99795,190,99509,190,99844,190,99468,190,99993,100,99459,100,100068,100,99446,100,100084,100,99279,100,100138,100,99246,100,100196,100,99007,100
2019-06-28 09:52:40.000000000,99720,324,99670,324,99747,424,99596,324,99748,100,99564,100,99795,100,99509,100,99844,100,99468,100,99993,100,99459,100,100068,100,99446,100,100084,100,99279,100,100138,100,99246,100,100196,100,99007,100
2019-06-28 09:52:40.681042370,99720,324,99670,324,99747,424,99596,324,99748,100,99564,100,99794,100,99509,100,99795,100,99468,100,99844,100,99459,100,99993,100,99446,100,100068,100,99279,100,100084,100,99246,100,100138,100,99007,100
2019-06-28 09:52:49.137779215,99720,324,99670,324,99747,424,99596,324,99748,100,99564,100,99794,100,99509,100,99795,100,99468,100,99826,100,99459,100,99844,100,99446,100,99993,100,99279,100,100068,100,99246,100,100084,100,99007,100
2019-06-28 09:52:50.000000000,99720,190,99670,190,99747,290,99596,190,99748,190,99564,190,99794,190,99509,190,99795,190,99468,190,99826,100,99459,100,99844,100,99446,100,99993,100,99279,100,100068,100,99246,100,100084,100,99007,100
2019-06-28 09:53:00.000000000,99720,212,99670,212,99747,312,99596,212,99748,212,99564,212,99794,212,99509,212,99795,100,99468,100,99826,100,99459,100,99844,100,99446,100,99993,100,99279,100,100068,100,99246,100,100084,100,99007,100
2019-06-28 09:53:10.000000000,99720,324,99670,324,99747,424,99596,324,99748,100,99564,100,99794,100,99509,100,99795,100,99468,100,99826,100,99459,100,99844,100,99446,100,99993,100,99279,100,100068,100,99246,100,100084,100,99007,100
2019-06-28 09:53:14.230619842,99720,324,99670,424,99747,324,99596,324,99748,100,99564,100,99794,100,99509,100,99795,100,99468,100,99826,100,99459,100,99844,100,99446,100,99993,100,99279,100,100068,100,99246,100,100084,100,99007,100
2019-06-28 09:53:17.653801148,99720,224,99670,424,99747,324,99596,324,99748,100,99564,100,99794,100,99509,100,99795,100,99468,100,99826,100,99459,100,99844,100,99446,100,99993,100,99279,100,100068,100,99246,100,100084,100,99007,100
2019-06-28 09:53:20.000000000,99747,212,99670,312,99748,212,99596,212,99794,212,99564,212,99795,212,99509,212,99826,100,99468,100,99844,100,99459,100,99993,100,99446,100,100068,100,99279,100,100084,100,99246,100,100138,100,99007,100
2019-06-28 09:53:30.000000000,99747,324,99670,424,99748,324,99596,324,99794,100,99564,100,99795,100,99509,100,99826,100,99468,100,99844,100,99459,100,99993,100,99446,100,100068,100,99279,100,100084,100,99246,100,100138,100,99007,100
2019-06-28 09:53:30.918766564,99747,224,99670,424,99748,324,99596,324,99794,100,99564,100,99795,100,99509,100,99826,100,99468,100,99844,100,99459,100,99993,100,99446,100,100068,100,99279,100,100084,100,99246,100,100138,100,99007,100
2019-06-28 09:53:33.850215859,99747,224,99670,424,99748,324,99596,324,99794,100,99564,100,99795,100,99509,100,99826,100,99468,100,99844,100,99446,100,99845,100,99279,100,99993,100,99246,100,100068,100,99007,100,100084,100,,
2019-06-28 09:53:40.000000000,99748,190,99670,290,99794,190,99596,190,99795,190,99564,190,99826,190,99509,190,99844,190,99468,190,99845,100,99446,100,99993,100,99279,100,100068,100,99246,100,100084,100,99007,100,100138,100,,
2019-06-28 09:53:45.732258636,99748,190,99720,100,99794,190,99670,290,99795,190,99596,190,99826,190,99564,190,99844,190,99509,190,99845,100,99468,190,99993,100,99446,100,100068,100,99279,100,100084,100,99246,100,100138,100,99007,100
2019-06-28 09:53:50.000000000,99748,252,99720,252,99794,248,99670,348,99795,248,99596,248,99826,100,99564,100,99844,100,99509,100,99845,100,99468,100,99993,100,99446,100,100068,100,99279,100,100084,100,99246,100,100138,100,99007,100
2019-06-28 09:53:54.498446666,99748,252,99720,252,99794,248,99670,348,99795,248,99596,248,99826,100,99564,100,99844,100,99545,100,99845,100,99509,100,99993,100,99468,100,100068,100,99446,100,100084,100,99279,100,100138,100,99246,100
2019-06-28 09:54:00.000000000,99748,190,99720,190,99794,190,99670,290,99795,190,99596,190,99826,190,99564,190,99844,190,99545,190,99845,100,99509,100,99993,100,99468,100,100068,100,99446,100,100084,100,99279,100,100138,100,99246,100
2019-06-28 09:54:10.000000000,99748,212,99720,212,99794,212,99670,312,99795,212,99596,212,99826,212,99564,212,99844,100,99545,100,99845,100,99509,100,99993,100,99468,100,100068,100,99446,100,100084,100,99279,100,100138,100,99246,100
2019-06-28 09:54:20.000000000,99748,324,99720,324,99794,324,99670,424,99795,100,99596,100,99826,100,99564,100,99844,100,99545,100,99845,100,99509,100,99993,100,99468,100,100068,100,99446,100,100084,100,99279,100,100138,100,99246,100
2019-06-28 09:54:30.000000000,99748,324,99720,324,99794,324,99670,424,99795,100,99596,100,99826,100,99564,100,99844,100,99545,100,99845,100,99509,100,99993,100,99468,100,100068,100,99446,100,100084,100,99279,100,100138,100,99246,100
2019-06-28 09:54:30.168679360,99748,324,99720,324,99794,324,99670,424,99795,100,99596,100,99826,100,99564,100,99844,100,99545,100,99845,100,99509,100,99993,100,99468,100,100068,100,99446,100,100084,100,99279,100,100138,100,99007,100
2019-06-28 09:54:40.000000000,99748,190,99720,190,99794,190,99670,290,99795,190,99596,190,99826,190,99564,190,99844,190,99545,190,99845,100,99509,100,99993,100,99468,100,100068,100,99446,100,100084,100,99279,100,100138,100,99007,100
2019-06-28 09:54:48.189653019,99748,190,99720,190,99794,190,99670,290,99795,190,99596,190,99826,190,99564,190,99844,190,99545,190,99845,100,99509,100,99853,100,99446,100,99993,100,99279,100,100068,100,99007,100,100084,100,,
2019-06-28 09:54:50.000000000,99748,190,99720,190,99794,190,99670,290,99795,190,99596,190,99826,190,99564,190,99844,190,99545,190,99845,100,99509,100,99853,100,99446,100,99993,100,99279,100,100068,100,99007,100,100084,100,,
2019-06-28 09:54:58.853771554,99748,90,99720,190,99794,190,99670,290,99795,190,99596,190,99826,190,99564,190,99844,190,99545,190,99845,100,99509,100,99853,100,99446,100,99993,100,99279,100,100068,100,99007,100,100084,100,,
2019-06-28 09:55:00.000000000,99794,252,99720,252,99795,248,99670,348,99826,248,99596,248,99844,100,99564,100,99845,100,99545,100,99853,100,99509,100,99993,100,99446,100,100068,100,99279,100,100084,100,99007,100,100138,100,,
2019-06-28 09:55:10.000000000,99794,252,99720,252,99795,248,99670,348,99826,248,99596,248,99844,100,99564,100,99845,100,99545,100,99853,100,99509,100,99993,100,99446,100,100068,100,99279,100,100084,100,99007,100,100138,100,,
2019-06-28 09:55:20.000000000,99794,252,99720,252,99795,248,99670,348,99826,248,99596,248,99844,100,99564,100,99845,100,99545,100,99853,100,99509,100,99993,100,99446,100,100068,100,99279,100,100084,100,99007,100,100138,100,,
2019-06-28 09:55:30.000000000,99794,324,99720,324,99795,324,99670,424,99826,100,99596,100,99844,100,99564,100,99845,100,99545,100,99853,100,99509,100,99993,100,99446,100,100068,100,99279,100,100084,100,99007,100,100138,100,,
2019-06-28 09:55:40.000000000,99794,548,99720,548,99795,100,99670,200,99826,100,99596,100,99844,100,99564,100,99845,100,99545,100,99853,100,99509,100,99993,100,99446,100,100068,100,99279,100,100084,100,99007,100,100138,100,,
2019-06-28 09:55:40.355024510,99794,548,99720,548,99795,100,99670,200,99826,100,99596,100,99844,100,99564,100,99845,100,99545,100,99853,100,99509,100,99993,100,99446,100,100068,100,99279,100,100084,100,99007,100,100138,100,,
2019-06-28 09:55:42.412148630,99794,448,99720,548,99795,100,99670,200,99826,100,99596,100,99844,100,99564,100,99845,100,99545,100,99853,100,99509,100,99993,100,99446,100,100068,100,99279,100,100084,100,99007,100,100138,100,,
2019-06-28 09:55:50.000000000,99795,212,99720,212,99826,212,99670,312,99844,212,99596,212,99845,212,99564,212,99853,100,99545,100,99993,100,99509,100,100068,100,99446,100,100084,100,99279,100,100138,100,99007,100,100196,100,,
2019-06-28 09:55:54.949786968,99795,112,99720,212,99826,212,99670,312,99844,212,99596,212,99845,112,99564,212,99853,100,99545,100,99993,100,99509,100,100068,100,99446,100,100084,100,99279,100,100138,100,99007,100,100196,100,,
2019-06-28 09:56:00.000000000,99826,190,99720,190,99844,190,99670,290,99853,190,99596,190,99993,190,99564,190,100068,190,99545,190,100084,100,99509,100,100138,100,99446,100,100196,100,99279,100,100323,100,99007,100,100327,100,,
2019-06-28 09:56:10.000000000,99826,190,99720,190,99844,190,99670,290,99853,190,99596,190,99993,190,99564,190,100068,190,99545,190,100084,100,99509,100,100138,100,99446,100,100196,100,99279,100,100323,100,99007,100,100327,100,,
2019-06-28 09:56:20.000000000,99826,324,99720,324,99844,324,99670,424,99853,100,99596,100,99993,100,99564,100,100068,100,99545,100,100084,100,99509,100,100138,100,99446,100,100196,100,99279,100,100323,100,99007,100,100327,100,,
2019-06-28 09:56:26.901623477,99826,324,99794,100,99844,324,99720,324,99853,100,99670,424,99993,100,99596,100,100068,100,99564,100,100084,100,99545,100,100138,100,99509,100,100196,100,99446,100,100323,100,99279,100,100327,100,99007,100
2019-06-28 09:56:30.000000000,99826,190,99794,190,99844,190,99720,190,99853,190,99670,290,99993,190,99596,190,100068,190,99564,190,100084,100,99545,100,100138,100,99509,100,100196,100,99446,100,100323,100,99279,100,100327,100,99007,100
2019-06-28 09:56:40.000000000,99826,212,99794,212,99844,212,99720,212,99853,212,99670,312,99993,212,99596,212,100068,100,99564,100,100084,100,99545,100,100138,100,99509,100,100196,100,99446,100,100323,100,99279,100,100327,100,99007,100
2019-06-28 09:56:44.178656239,99826,212,99794,212,99844,212,99720,212,99853,212,99670,312,99993,212,99596,212,100068,100,99564,100,100084,100,99545,100,100138,100,99509,100,100196,100,99446,100,100243,100,99279,100,100323,100,99007,100
2019-06-28 09:56:48.159003583,99826,212,99794,212,99844,212,99720,212,99853,212,99670,312,99993,212,99596,212,100068,100,99564,100,100084,100,99545,100,100138,100,99509,100,100196,100,99446,100,100243,100,99279,100,100323,100,99007,100
2019-06-28 09:56:50.000000000,99826,324,99794,324,99844,324,99720,324,99853,100,99670,200,99993,100,99596,100,100068,100,99564,100,100084,100,99545,100,100138,100,99509,100,100196,100,99446,100,100243,100,99279,100,100323,100,99007,100
2019-06-28 09:56:58.349326327,99826,324,99794,324,99844,324,99720,324,99853,100,99670,200,99993,100,99596,100,100068,100,99564,100,100084,100,99545,100,100138,100,99509,100,100196,100,99446,100,100243,100,99279,100,100323,100,99007,100
2019-06-28 09:57:00.000000000,99826,190,99794,190,99844,190,99720,190,99853,190,99670,290,99993,190,99596,190,100068,190,99564,190,100084,100,99545,100,100138,100,99509,100,100196,100,99446,100,100243,100,99279,100,100323,100,99007,100
2019-06-28 09:57:10.000000000,99826,548,99794,548,99844,100,99720,100,99853,100,99670,200,99993,100,99596,100,100068,100,99564,100,100084,100,99545,100,100138,100,99509,100,100196,100,99446,100,100243,100,99279,100,100323,100,99007,100
2019-06-28 09:57:20.000000000,99826,548,99794,548,99844,100,99720,100,99853,100,99670,200,99993,100,99596,100,100068,100,99564,100,100084,100,99545,100,100138,100,99509,100,100196,100,99446,100,100243,100,99279,100,100323,100,99007,100
2019-06-28 09:57:24.761620686,99826,448,99794,548,99844,100,99720,100,99853,100,99670,200,99993,100,99596,100,100068,100,99564,100,100084,100,99545,100,100138,100,99509,100,100196,100,99446,100,100243,100,99279,100,100323,100,99007,100
2019-06-28 09:57:30.000000000,99844,252,99794,252,99853,248,99720,248,99993,248,99670,348,100068,100,99596,100,100084,100,99564,100,100138,100,99545,100,100196,100,99509,100,100243,100,99446,100,100323,100,99279,100,100327,100,99007,100
2019-06-28 09:57:40.000000000,99844,548,99794,548,99853,100,99720,100,99993,100,99670,200,100068,100,99596,100,100084,100,99564,100,100138,100,99545,100,100196,100,99509,100,100243,100,99446,100,100323,100,99279,100,100327,100,99007,100
2019-06-28 09:57:48.039747685,99844,548,99794,548,99853,100,99720,100,99993,100,99670,200,100068,100,99596,100,100084,100,99564,100,100138,100,99545,100,100196,100,99509,100,100243,100,99446,100,100323,100,99279,100,100327,100,99007,100
2019-06-28 09:57:50.000000000,99844,324,99794,324,99853,324,99720,324,99993,100,99670,200,100068,100,99596,100,100084,100,99564,100,100138,100,99545,100,100196,100,99509,100,100243,100,99446,100,100323,100,99279,100,100327,100,99007,100
2019-06-28 09:58:00.000000000,99844,252,99794,252,99853,248,99720,248,99993,248,99670,348,100068,100,99596,100,100084,100,99564,100,100138,100,99545,100,100196,100,99509,100,100243,100,99446,100,100323,100,99279,100,100327,100,99007,100
2019-06-28 09:58:04.826791630,99844,252,99794,252,99853,248,99720,248,99993,248,99670,348,100068,100,99596,100,100084,100,99564,100,100138,100,99545,100,100196,100,99509,100,100243,100,99446,100,100323,100,99279,100,100327,100,99007,100
2019-06-28 09:58:10.000000000,99844,252,99794,252,99853,248,99720,248,99993,248,99670,348,100068,100,99596,100,100084,100,99564,100,100138,100,99545,100,100196,100,99509,100,100243,100,99446,100,100323,100,99279,100,100327,100,99007,100
2019-06-28 09:58:16.519514518,99844,152,99794,252,99853,248,99720,248,99993,248,99670,348,100068,100,99596,100,100084,100,99564,100,100138,100,99545,100,100196,100,99509,100,100243,100,99446,100,100323,100,99279,100,100327,100,99007,100
2019-06-28 09:58:20.000000000,99853,212,99794,212,99993,212,99720,212,100068,212,99670,312,100084,212,99596,212,100138,100,99564,100,100196,100,99545,100,100243,100,99509,100,100323,100,99446,100,100327,100,99279,100,100362,100,99007,100
2019-06-28 09:58:30.000000000,99853,190,99794,190,99993,190,99720,190,100068,190,99670,290,100084,190,99596,190,100138,190,99564,190,100196,100,99545,100,100243,100,99509,100,100323,100,99446,100,100327,100,99279,100,100362,100,99007,100
2019-06-28 09:58:40.000000000,99853,324,99794,324,99993,324,99720,324,100068,100,99670,200,100084,100,99596,100,100138,100,99564,100,100196,100,99545,100,100243,100,99509,100,100323,100,99446,100,100327,100,99279,100,100362,100,99007,100
2019-06-28 09:58:44.857645440,99853,324,99794,324,99993,324,99787,100,100068,100,99720,324,100084,100,99670,200,100138,100,99596,100,100196,100,99564,100,100243,100,99545,100,100323,100,99509,100,100327,100,99446,100,100362,100,99279,100
2019-06-28 09:58:50.000000000,99853,190,99794,190,99993,190,99787,190,100068,190,99720,190,100084,190,99670,290,100138,190,99596,190,100196,100,99564,100,100243,100,99545,100,100323,100,99509,100,100327,100,99446,100,100362,100,99279,100
2019-06-28 09:59:00.000000000,99853,548,99794,548,99993,100,99787,100,100068,100,99720,100,100084,100,99670,200,100138,100,99596,100,100196,100,99564,100,100243,100,99545,100,100323,100,99509,100,100327,100,99446,100,100362,100,99279,100
2019-06-28 09:59:01.177966541,99853,548,99794,548,99993,100,99787,100,100068,100,99720,100,100084,100,99670,200,100138,100,99596,100,100196,100,99564,100,100223,100,99545,100,100243,100,99509,100,100323,100,99446,100,100327,100,99007,100
2019-06-28 09:59:10.000000000,99853,190,99794,190,99993,190,99787,190,100068,190,99720,190,100084,190,99670,290,100138,190,99596,190,100196,100,99564,100,100223,100,99545,100,100243,100,99509,100,100323,100,99446,100,100327,100,99007,100
2019-06-28 09:59:20.000000000,99853,212,99794,212,99993,212,99787,212,100068,212,99720,212,100084,212,99670,312,100138,100,99596,100,100196,100,99564,100,100223,100,99545,100,100243,100,99509,100,100323,100,99446,100,100327,100,99007,100
2019-06-28 09:59:21.267681329,99853,212,99794,212,99993,212,99787,212,100068,212,99720,212,100084,212,99670,312,100138,100,99596,100,100173,100,99545,100,100196,100,99509,100,100223,100,99446,100,100243,100,99007,100,100323,100,,
2019-06-28 09:59:29.084168136,99853,212,99794,212,99993,212,99787,112,100068,212,99720,212,100084,212,99670,312,100138,100,99596,100,100173,100,99545,100,100196,100,99509,100,100223,100,99446,100,100243,100,99007,100,100246,100,,
2019-06-28 09:59:30.000000000,99853,252,99794,252,99993,248,99720,248,100068,248,99670,348,100084,100,99596,100,100138,100,99545,100,100173,100,99509,100,100196,100,99446,100,100223,100,99007,100,100243,100,,,100246,100,,
2019-06-28 09:59:33.072209170,99853,152,99794,252,99993,248,99720,248,100068,248,99670,348,100084,100,99596,100,100138,100,99545,100,100173,100,99509,100,100196,100,99446,100,100223,100,99007,100,100243,100,,,100246,100,,
2019-06-28 09:59:40.000000000,99993,324,99794,324,100068,324,99720,324,100084,100,99670,200,100138,100,99596,100,100173,100,99545,100,100196,100,99509,100,100223,100,99446,100,100243,100,99007,100,100246,100,,,100323,100,,
2019-06-28 09:59:50.000000000,99993,190,99794,190,100068,190,99720,190,100084,190,99670,290,100138,190,99596,190,100173,190,99545,190,100196,100,99509,100,100223,100,99446,100,100243,100,99007,100,100246,100,,,100323,100,,
2019-06-28 09:59:52.322328510,99993,190,99794,190,100068,190,99720,190,100084,190,99670,290,100138,190,99596,190,100173,190,99545,190,100196,100,99509,100,100223,100,99446,100,100243,100,99007,100,100246,100,,,100323,100,,
2019-06-28 10:00:00.000000000,99993,252,99794,252,100068,248,99720,248,100084,248,99670,348,100138,100,99596,100,100173,100,99545,100,100196,100,99509,100,100223,100,99446,100,100243,100,99007,100,100246,100,,,100323,100,,
2019-06-28 10:00:00.499745489,99993,252,99844,100,100068,248,99794,252,100084,248,99720,248,100138,100,99670,348,100173,100,99596,100,100196,100,99545,100,100223,100,99509,100,100243,100,99446,100,100246,100,99007,100,100323,100,,
2019-06-28 10:00:10.000000000,99993,252,99844,252,100068,248,99794,248,100084,248,99720,248,100138,100,99670,200,100173,100,99596,100,100196,100,99545,100,100223,100,99509,100,100243,100,99446,100,100246,100,99007,100,100323,100,,
2019-06-28 10:00:20.000000000,99993,212,99844,212,100068,212,99794,212,100084,212,99720,212,100138,212,99670,312,100173,100,99596,100,100196,100,99545,100,100223,100,99509,100,100243,100,99446,100,100246,100,99007,100,100323,100,,
2019-06-28 10:00:27.405678830,99993,212,99844,212,100068,212,99794,212,100084,212,99720,212,100138,212,99670,312,100173,100,99596,100,100196,100,99545,100,100223,100,99509,100,100243,100,99446,100,100246,100,99007,100,100323,100,,
2019-06-28 10:00:27.971302046,99993,212,99844,212,100068,212,99794,212,100084,212,99720,212,100138,212,99670,312,100173,100,99596,100,100196,100,99545,100,100223,100,99509,100,100243,100,99446,100,100246,100,99007,100,100323,100,,
2019-06-28 10:00:30.000000000,99993,252,99844,252,100068,248,99794,248,100084,248,99720,248,100138,100,99670,200,100173,100,99596,100,100196,100,99545,100,100223,100,99509,100,100243,100,99446,100,100246,100,99007,100,100323,100,,
2019-06-28 10:00:40.000000000,99993,212,99844,212,100068,212,99794,212,100084,212,99720,212,100138,212,99670,312,100173,100,99596,100,100196,100,99545,100,100223,100,99509,100,100243,100,99446,100,100246,100,99007,100,100323,100,,
2019-06-28 10:00:40.690100275,99993,112,99844,212,100068,212,99794,212,100084,212,99720,212,100138,212,99670,312,100173,100,99596,100,100196,100,99545,100,100223,100,99509,100,100243,100,99446,100,100246,100,99007,100,100323,100,,
2019-06-28 10:00:48.589986222,99993,112,99844,212,100068,212,99794,212,100084,212,99720,212,100138,212,99670,312,100173,100,99596,100,100196,100,99545,100,100223,100,99509,100,100243,100,99007,100,100246,100,,,100323,100,,
2019-06-28 10:00:50.000000000,100068,252,99844,252,100084,248,99794,248,100138,248,99720,248,100173,100,99670,200,100196,100,99596,100,100223,100,99545,100,100243,100,99509,100,100246,100,99007,100,100323,100,,,100327,100,,
2019-06-28 10:00:53.681686249,100068,252,99844,252,100084,248,99794,248,100138,248,99720,248,100173,100,99670,200,100196,100,99596,100,100223,100,99545,100,100243,100,99509,100,100246,100,,,100323,100,,,100327,100,,
2019-06-28 10:01:00.000000000,100068,190,99844,190,100084,190,99794,190,100138,190,99720,190,100173,190,99670,290,100196,190,99596,190,100223,100,99545,100,100243,100,99509,100,100246,100,,,100323,100,,,100327,100,,
2019-06-28 10:01:02.687525454,100068,190,99844,190,100084,190,99794,190,100138,190,99720,90,100173,190,99670,290,100196,190,99596,190,100223,100,99545,100,100243,100,99509,100,100246,100,,,100323,100,,,100327,100,,
2019-06-28 10:01:10.000000000,100068,324,99844,324,100084,324,99794,324,100138,100,99670,200,100173,100,99596,100,100196,100,99545,100,100223,100,99509,100,100243,100,,,100246,100,,,100323,100,,,100327,100,,
2019-06-28 10:01:11.704243711,100068,224,99844,324,100084,324,99794,324,100138,100,99670,200,100173,100,99596,100,100196,100,99545,100,100223,100,99509,100,100243,100,,,100246,100,,,100323,100,,,100327,100,,
2019-06-28 10:01:20.000000000,100084,190,99844,190,100138,190,99794,190,100173,190,99670,290,100196,190,99596,190,100223,190,99545,190,100243,100,99509,100,100246,100,,,100323,100,,,100327,100,,,100352,100,,
2019-06-28 10:01:25.083808325,100084,90,99844,190,100138,190,99794,190,100173,190,99670,290,100196,190,99596,190,100223,190,99545,190,100243,100,99509,100,100246,100,,,100323,100,,,100327,100,,,100352,100,,
2019-06-28 10:01:29.441339855,100084,90,99844,190,100138,190,99794,190,100173,190,99670,290,100196,190,99596,190,100223,190,99545,190,100243,100,99509,100,100246,100,,,100323,100,,,100327,100,,,100352,100,,
2019-06-28 10:01:30.000000000,100138,190,99844,190,100173,190,99794,190,100196,190,99670,290,100223,190,99596,190,100243,190,99545,190,100246,100,99509,100,100323,100,,,100327,100,,,100352,100,,,100362,100,,
2019-06-28 10:01:40.000000000,100138,190,99844,190,100173,190,99794,190,100196,190,99670,290,100223,190,99596,190,100243,190,99545,190,100246,100,99509,100,100323,100,,,100327,100,,,100352,100,,,100362,100,,
2019-06-28 10:01:48.041083960,100138,90,99844,190,100173,190,99794,190,100196,190,99670,290,100223,190,99596,190,100243,190,99545,190,100246,100,99509,100,100323,100,,,100327,100,,,100352,100,,,100362,100,,
2019-06-28 10:01:50.000000000,100173,548,99844,548,100196,100,99794,100,100223,100,99670,200,100243,100,99596,100,100246,100,99545,100,100323,100,99509,100,100327,100,,,100352,100,,,100362,100,,,100423,100,,
2019-06-28 10:02:00.000000000,100173,548,99844,548,100196,100,99794,100,100223,100,99670,200,100243,100,99596,100,100246,100,99545,100,100323,100,99509,100,100327,100,,,100352,100,,,100362,100,,,100423,100,,
2019-06-28 10:02:05.443590257,100173,448,99844,548,100196,100,99794,100,100223,100,99670,200,100243,100,99596,100,100246,100,99545,100,100323,100,99509,100,100352,100,,,100362,100,,,100423,100,,,100474,100,,
2019-06-28 10:02:10.000000000,100196,190,99844,190,100223,190,99794,190,100243,190,99670,290,100246,190,99596,190,100323,190,99545,190,100352,100,99509,100,100362,100,,,100423,100,,,100474,100,,,100532,100,,
2019-06-28 10:02:18.676716818,100196,190,99844,190,100223,190,99794,190,100243,190,99670,290,100246,190,99596,190,100323,190,99545,190,100352,100,99509,100,100362,100,,,100423,100,,,100474,100,,,100532,100,,
2019-06-28 10:02:20.000000000,100196,252,99844,252,100223,248,99794,248,100243,248,99670,348,100246,100,99596,100,100323,100,99545,100,100352,100,99509,100,100362,100,,,100423,100,,,100474,100,,,100532,100,,
2019-06-28 10:02:30.000000000,100196,252,99844,252,100223,248,99794,248,100243,248,99670,348,100246,100,99596,100,100323,100,99545,100,100352,100,99509,100,100362,100,,,100423,100,,,100474,100,,,100532,100,,
2019-06-28 10:02:38.699808757,100196,152,99844,252,100223,248,99794,248,100243,248,99670,348,100246,100,99596,100,100323,100,99545,100,100352,100,99509,100,100362,100,,,100423,100,,,100474,100,,,100532,100,,
2019-06-28 10:02:40.000000000,100223,252,99844,252,100243,248,99794,248,100246,248,99670,348,100323,100,99596,100,100352,100,99545,100,100362,100,99509,100,100423,100,,,100474,100,,,100532,100,,,100541,100,,
2019-06-28 10:02:50.000000000,100223,252,99844,252,100243,248,99794,248,100246,248,99670,348,100323,100,99596,100,100352,100,99545,100,100362,100,99509,100,100423,100,,,100474,100,,,100532,100,,,100541,100,,
2019-06-28 10:02:51.957124498,100223,252,99844,252,100243,248,99794,248,100246,248,99670,248,100323,100,99596,100,100352,100,99545,100,100362,100,99509,100,100423,100,,,100474,100,,,100532,100,,,100541,100,,
2019-06-28 10:02:53.897516960,100223,152,99844,252,100243,248,99794,248,100246,248,99670,248,100323,100,99596,100,100352,100,99545,100,100362,100,99509,100,100423,100,,,100474,100,,,100532,100,,,100541,100,,
2019-06-28 10:03:00.000000000,100243,252,99844,252,100246,248,99794,248,100323,248,99670,248,100352,100,99596,100,100362,100,99545,100,100423,100,99509,100,100474,100,,,100532,100,,,100541,100,,,100563,100,,
2019-06-28 10:03:10.000000000,100243,190,99844,190,100246,190,99794,190,100323,190,99670,190,100352,190,99596,190,100362,190,99545,190,100423,100,99509,100,100474,100,,,100532,100,,,100541,100,,,100563,100,,
2019-06-28 10:03:14.041552569,100243,90,99844,190,100246,190,99794,190,100323,190,99670,190,100352,190,99596,190,100362,190,99545,190,100423,100,99509,100,100474,100,,,100532,100,,,100541,100,,,100563,100,,
2019-06-28 10:03:20.000000000,100246,190,99844,190,100323,190,99794,190,100352,190,99670,190,100362,190,99596,190,100423,190,99545,190,100474,100,99509,100,100532,100,,,100541,100,,,100563,100,,,100591,100,,
2019-06-28 10:03:30.000000000,100246,212,99844,212,100323,212,99794,212,100352,212,99670,212,100362,212,99596,212,100423,100,99545,100,100474,100,99509,100,100532,100,,,100541,100,,,100563,100,,,100591,100,,
2019-06-28 10:03:31.573734002,100246,112,99844,212,100323,212,99794,212,100352,212,99670,212,100362,212,99596,212,100423,100,99545,100,100474,100,99509,100,100532,100,,,100541,100,,,100563,100,,,100591,100,,
2019-06-28 10:03:40.000000000,100323,324,99844,324,100352,324,99794,324,100362,100,99670,100,100423,100,99596,100,100474,100,99545,100,100532,100,99509,100,100541,100,,,100563,100,,,100591,100,,,100673,100,,
2019-06-28 10:03:50.000000000,100323,324,99844,324,100352,324,99794,324,100362,100,99670,100,100423,100,99596,100,100474,100,99545,100,100532,100,99509,100,100541,100,,,100563,100,,,100591,100,,,100673,100,,
2019-06-28 10:04:00.000000000,100323,324,99844,324,100352,324,99794,324,100362,100,99670,100,100423,100,99596,100,100474,100,99545,100,100532,100,99509,100,100541,100,,,100563,100,,,100591,100,,,100673,100,,
2019-06-28 10:04:10.000000000,100323,548,99844,548,100352,100,99794,100,100362,100,99670,100,100423,100,99596,100,100474,100,99545,100,100532,100,99509,100,100541,100,,,100563,100,,,100591,100,,,100673,100,,
2019-06-28 10:04:20.000000000,100323,252,99844,252,100352,248,99794,248,100362,248,99670,248,100423,100,99596,100,100474,100,99545,100,100532,100,99509,100,100541,100,,,100563,100,,,100591,100,,,100673,100,,
2019-06-28 10:04:30.000000000,100323,190,99844,190,100352,190,99794,190,100362,190,99670,190,100423,190,99596,190,100474,190,99545,190,100532,100,99509,100,100541,100,,,100563,100,,,100591,100,,,100673,100,,
2019-06-28 10:04:30.159225655,100323,90,99844,190,100352,190,99794,190,100362,190,99670,190,100423,190,99596,190,100474,190,99545,190,100532,100,99509,100,100541,100,,,100563,100,,,100673,100,,,100695,100,,
2019-06-28 10:04:40.000000000,100352,548,99844,548,100362,100,99794,100,100423,100,99670,100,100474,100,99596,100,100532,100,99545,100,100541,100,99509,100,100563,100,,,100673,100,,,100695,100,,,100730,100,,
2019-06-28 10:04:50.000000000,100352,212,99844,212,100362,212,99794,212,100423,212,99670,212,100474,212,99596,212,100532,100,99545,100,100541,100,99509,100,100563,100,,,100673,100,,,100695,100,,,100730,100,,
2019-06-28 10:04:57.497997156,100352,112,99844,212,100362,212,99794,212,100423,212,99670,212,100474,212,99596,212,100532,100,99545,100,100541,100,99509,100,100563,100,,,100673,100,,,100695,100,,,100730,100,,
2019-06-28 10:05:00.000000000,100362,190,99844,190,100423,190,99794,190,100474,190,99670,190,100532,190,99596,190,100541,190,99545,190,100563,100,99509,100,100673,100,,,100695,100,,,100730,100,,,100941,100,,
2019-06-28 10:05:10.000000000,100362,324,99844,324,100423,324,99794,324,100474,100,99670,100,100532,100,99596,100,100541,100,99545,100,100563,100,99509,100,100673,100,,,100695,100,,,100730,100,,,100941,100,,
2019-06-28 10:05:20.000000000,100362,324,99844,324,100423,324,99794,324,100474,100,99670,100,100532,100,99596,100,100541,100,99545,100,100563,100,99509,100,100673,100,,,100695,100,,,100730,100,,,100941,100,,
2019-06-28 10:05:29.763159115,100362,324,100323,100,100423,324,99844,324,100474,100,99794,324,100532,100,99670,100,100541,100,99596,100,100563,100,99545,100,100673,100,99509,100,100695,100,,,100730,100,,,100941,100,,
2019-06-28 10:05:30.000000000,100362,324,100323,324,100423,324,99844,324,100474,100,99794,100,100532,100,99670,100,100541,100,99596,100,100563,100,99545,100,100673,100,99509,100,100695,100,,,100730,100,,,100941,100,,
2019-06-28 10:05:31.881238071,100362,324,100355,100,100423,324,100323,324,100474,100,99844,324,100532,100,99794,100,100541,100,99670,100,100563,100,99596,100,100673,100,99545,100,100695,100,99509,100,100730,100,,,100941,100,,
2019-06-28 10:05:40.000000000,100362,212,100355,212,100423,212,100323,212,100474,212,99844,212,100532,212,99794,212,100541,100,99670,100,100563,100,99596,100,100673,100,99545,100,100695,100,99509,100,100730,100,,,100941,100,,
2019-06-28 10:05:50.000000000,100362,324,100355,324,100423,324,100323,324,100474,100,99844,100,100532,100,99794,100,100541,100,99670,100,100563,100,99596,100,100673,100,99545,100,100695,100,99509,100,100730,100,,,100941,100,,
2019-06-28 10:05:50.032078225,100362,324,100355,224,100423,324,100323,324,100474,100,99844,100,100532,100,99794,100,100541,100,99670,100,100563,100,99596,100,100673,100,99545,100,100695,100,99509,100,100730,100,,,100941,100,,
2019-06-28 10:05:53.325911833,100362,324,100355,224,100423,324,100323,324,100474,100,100147,100,100532,100,99844,100,100541,100,99794,100,100563,100,99670,100,100673,100,99596,100,100695,100,99545,100,100730,100,99509,100,100941,100,,
2019-06-28 10:05:57.118448557,100362,324,100355,124,100423,324,100323,324,100474,100,100147,100,100532,100,99844,100,100541,100,99794,100,100563,100,99670,100,100673,100,99596,100,100695,100,99545,100,100730,100,99509,100,100941,100,,
2019-06-28 10:06:00.000000000,100362,252,100323,252,100423,248,100147,248,100474,248,99844,248,100532,100,99794,100,100541,100,99670,100,100563,100,99596,100,100673,100,99545,100,100695,100,99509,100,100730,100,,,100941,100,,
2019-06-28 10:06:10.000000000,100362,324,100323,324,100423,324,100147,324,100474,100,99844,100,100532,100,99794,100,100541,100,99670,100,100563,100,99596,100,100673,100,99545,100,100695,100,99509,100,100730,100,,,100941,100,,
2019-06-28 10:06:16.568707313,100362,324,100323,324,100423,324,100147,324,100474,100,100143,100,100532,100,99844,100,100541,100,99794,100,100563,100,99670,100,100673,100,99596,100,100695,100,99545,100,100730,100,99509,100,100941,100,,
2019-06-28 10:06:18.846141562,100362,324,100323,324,100423,324,100147,324,100474,100,100143,100,100532,100,100056,100,100541,100,99844,100,100563,100,99794,100,100673,100,99670,100,100695,100,99596,100,100730,100,99545,100,100941,100,99509,100
2019-06-28 10:06:20.000000000,100362,324,100323,324,100423,324,100147,324,100474,100,100143,100,100532,100,100056,100,100541,100,99844,100,100563,100,99794,100,100673,100,99670,100,100695,100,99596,100,100730,100,99545,100,100941,100,99509,100
2019-06-28 10:06:21.249480842,100362,324,100323,224,100423,324,100147,324,100474,100,100143,100,100532,100,100056,100,100541,100,99844,100,100563,100,99794,100,100673,100,99670,100,100695,100,99596,100,100730,100,99545,100,100941,100,99509,100
2019-06-28 10:06:22.651546120,100351,100,100323,224,100362,324,100147,324,100423,324,100143,100,100474,100,100056,100,100532,100,99844,100,100541,100,99794,100,100563,100,99670,100,100673,100,99596,100,100695,100,99545,100,100730,100,99509,100
