,ask_price_1,ask_size_1,bid_price_1,bid_size_1,ask_price_2,ask_size_2,bid_price_2,bid_size_2,ask_price_3,ask_size_3,bid_price_3,bid_size_3,ask_price_4,ask_size_4,bid_price_4,bid_size_4,ask_price_5,ask_size_5,bid_price_5,bid_size_5,ask_price_6,ask_size_6,bid_price_6,bid_size_6,ask_price_7,ask_size_7,bid_price_7,bid_size_7,ask_price_8,ask_size_8,bid_price_8,bid_size_8,ask_price_9,ask_size_9,bid_price_9,bid_size_9,ask_price_10,ask_size_10,bid_price_10,bid_size_10
2019-06-28 09:30:00.000000000,100095,100,99949,100,100167,100,,,,,,,,,,,,,,,,,,,,,,,,,,,,,,,,,,
2019-06-28 09:30:00.000000001,99987,100,99949,100,100095,100,,,100167,100,,,,,,,,,,,,,,,,,,,,,,,,,,,,,,
2019-06-28 09:30:00.000000002,99987,100,99971,100,100095,100,99949,100,100167,100,,,,,,,,,,,,,,,,,,,,,,,,,,,,,,
2019-06-28 09:30:00.000000004,99987,100,99971,100,100089,100,99949,100,100095,100,,,100167,100,,,,,,,,,,,,,,,,,,,,,,,,,,
2019-06-28 09:30:00.000000007,99987,100,99971,100,100089,100,99949,100,100095,100,,,100153,100,,,100167,100,,,,,,,,,,,,,,,,,,,,,,
2019-06-28 09:30:00.000000009,99987,100,99971,100,100089,100,99949,100,100095,100,,,100126,100,,,100153,100,,,100167,100,,,,,,,,,,,,,,,,,,
2019-06-28 09:30:00.000000012,99987,100,99975,100,100089,100,99971,100,100095,100,99949,100,100126,100,,,100153,100,,,100167,100,,,,,,,,,,,,,,,,,,
2019-06-28 09:30:00.000000013,99987,100,99975,100,100089,100,99971,100,100095,100,99963,100,100126,100,99949,100,100153,100,,,100167,100,,,,,,,,,,,,,,,,,,
2019-06-28 09:30:00.000000014,99987,100,99979,100,100089,100,99975,100,100095,100,99971,100,100126,100,99963,100,100153,100,99949,100,100167,100,,,,,,,,,,,,,,,,,,
2019-06-28 09:30:00.000000015,99987,100,99979,100,100089,100,99975,100,100095,100,99971,100,100106,100,99963,100,100126,100,99962,100,100153,100,99949,100,100167,100,,,,,,,,,,,,,,
2019-06-28 09:30:00.000000016,99987,100,99979,100,100089,100,99975,100,100095,100,99971,100,100106,100,99963,100,100126,100,99962,100,100153,100,99949,100,100167,100,99867,100,,,,,,,,,,,,
2019-06-28 09:30:00.000000017,99987,100,99979,100,100030,100,99975,100,100089,100,99971,100,100095,100,99963,100,100106,100,99962,100,100126,100,99949,100,100153,100,99927,100,100167,100,99867,100,,,,,,,,
2019-06-28 09:30:00.000000019,99987,100,99979,100,100030,100,99975,100,100051,100,99971,100,100089,100,99963,100,100093,100,99962,100,100095,100,99949,100,100106,100,99927,100,100126,100,99867,100,100153,100,,,100167,100,,
2019-06-28 09:30:00.000000021,99987,100,99986,100,100030,100,99979,100,100051,100,99975,100,100089,100,99971,100,100093,100,99963,100,100095,100,99962,100,100106,100,99949,100,100126,100,99927,100,100153,100,99920,100,100167,100,99867,100
2019-06-28 09:30:00.000000022,99987,100,99986,100,100030,100,99979,200,100051,100,99975,100,100089,100,99971,100,100093,100,99963,100,100095,100,99962,100,100106,100,99949,100,100126,100,99927,100,100153,100,99920,100,100167,100,99867,100
2019-06-28 09:30:00.000000023,99987,100,99986,100,100030,100,99979,200,100051,100,99975,100,100089,100,99972,100,100093,100,99971,100,100095,100,99963,100,100106,100,99962,100,100126,100,99949,100,100153,100,99927,100,100167,100,99920,100
2019-06-28 09:30:00.000000026,100030,100,99986,100,100051,100,99979,200,100070,100,99975,100,100089,100,99972,100,100093,100,99971,100,100095,100,99963,100,100106,100,99962,100,100126,100,99949,100,100153,100,99927,100,100167,100,99920,100
2019-06-28 09:30:00.000000027,100030,100,99986,100,100051,100,99979,200,100070,100,99975,100,100089,100,99972,100,100093,100,99971,100,100095,100,99963,100,100106,100,99962,100,100126,100,99949,100,100153,100,99927,100,100167,100,99920,100
2019-06-28 09:30:00.000000028,100030,100,99979,200,100051,100,99975,100,100070,100,99972,100,100089,100,99971,100,100093,100,99963,100,100095,100,99962,100,100106,100,99949,100,100126,100,99927,100,100153,100,99920,100,100167,100,99910,100
2019-06-28 09:30:00.000000033,100030,100,99997,100,100051,100,99979,200,100070,100,99975,100,100089,100,99972,100,100093,100,99971,100,100095,100,99963,100,100106,100,99962,100,100126,100,99949,100,100153,100,99927,100,100167,100,99920,100
2019-06-28 09:30:00.000000035,100030,100,99997,100,100051,100,99986,100,100070,100,99979,200,100089,100,99975,100,100093,100,99972,100,100095,100,99971,100,100106,100,99963,100,100126,100,99962,100,100153,100,99949,100,100167,100,99927,100
2019-06-28 09:30:00.000000036,100030,100,99997,100,100049,100,99986,100,100051,100,99979,200,100070,100,99975,100,100089,100,99972,100,100093,100,99971,100,100095,100,99963,100,100106,100,99962,100,100126,100,99949,100,100153,100,99927,100
2019-06-28 09:30:00.000000037,100030,100,99997,100,100049,100,99986,100,100051,100,99979,200,100070,100,99975,100,100089,100,99972,100,100093,100,99971,100,100095,100,99963,100,100106,100,99962,100,100126,100,99949,100,100153,100,99927,100
2019-06-28 09:30:00.000000039,100030,100,99997,100,100049,100,99986,100,100051,100,99979,200,100070,100,99975,100,100089,100,99972,100,100093,100,99971,100,100095,100,99963,100,100106,100,99962,100,100126,100,99949,100,100153,100,99927,100
2019-06-28 09:30:00.000000040,100030,100,99997,100,100035,100,99986,100,100049,100,99979,200,100051,100,99975,100,100070,100,99972,100,100089,100,99971,100,100093,100,99963,100,100095,100,99962,100,100106,100,99949,100,100126,100,99927,100
2019-06-28 09:30:00.000000041,100030,100,99993,100,100035,100,99986,100,100049,100,99979,200,100051,100,99975,100,100070,100,99972,100,100089,100,99971,100,100093,100,99963,100,100095,100,99962,100,100106,100,99949,100,100126,100,99927,100
2019-06-28 09:30:00.000000043,100030,100,99993,100,100035,100,99986,100,100049,100,99979,200,100051,100,99975,100,100069,100,99972,200,100070,100,99971,100,100089,100,99963,100,100093,100,99962,100,100095,100,99949,100,100106,100,99927,100
2019-06-28 09:30:00.000000045,100030,100,99986,100,100035,100,99979,200,100049,100,99975,100,100051,100,99972,200,100069,100,99971,100,100070,100,99963,100,100089,100,99962,100,100093,100,99949,100,100095,100,99927,100,100106,100,99920,100
2019-06-28 09:30:00.000000047,100030,100,99986,100,100035,100,99979,200,100049,100,99975,100,100051,100,99973,100,100069,100,99972,200,100070,100,99971,100,100089,100,99963,100,100093,100,99962,100,100095,100,99949,100,100106,100,99927,100
2019-06-28 09:30:00.000000048,100030,100,99986,100,100035,100,99979,200,100049,100,99975,100,100051,100,99973,100,100069,100,99972,200,100070,100,99971,100,100089,100,99963,100,100093,100,99962,100,100095,100,99949,100,100106,100,99939,100
2019-06-28 09:30:00.000000049,99997,100,99986,100,100030,100,99979,200,100035,100,99975,100,100049,100,99973,100,100051,100,99972,200,100069,100,99971,100,100070,100,99963,100,100089,100,99962,100,100093,100,99949,100,100095,100,99940,100
2019-06-28 09:30:00.000000050,99997,100,99986,100,100030,100,99979,200,100035,100,99975,100,100049,100,99973,100,100051,100,99972,200,100069,100,99971,100,100070,100,99963,100,100089,100,99962,100,100093,100,99949,100,100095,100,99940,100
2019-06-28 09:30:00.000000052,99997,100,99986,100,100030,100,99979,200,100035,100,99975,100,100049,100,99973,100,100051,100,99972,200,100069,100,99971,100,100070,100,99963,100,100089,100,99962,100,100093,100,99949,100,100095,100,99940,100
2019-06-28 09:30:00.000000054,99997,100,99986,100,100030,100,99979,200,100035,100,99975,100,100049,100,99973,100,100051,100,99972,200,100069,100,99971,100,100070,100,99963,100,100089,100,99962,100,100093,100,99949,100,100095,100,99940,100
2019-06-28 09:30:00.000000058,99997,100,99986,100,100030,100,99979,200,100035,100,99975,100,100049,100,99973,100,100051,100,99972,200,100052,100,99971,100,100069,100,99963,100,100070,100,99962,100,100089,100,99949,100,100093,100,99940,100
2019-06-28 09:30:00.000000060,99997,100,99986,100,100030,100,99979,200,100035,100,99975,100,100049,100,99973,100,100051,100,99972,200,100052,100,99971,100,100069,100,99963,100,100070,100,99962,100,100087,100,99949,100,100089,100,99940,100
2019-06-28 09:30:00.000000066,99997,100,99979,200,100030,100,99975,100,100035,100,99973,100,100049,100,99972,200,100051,100,99971,100,100052,100,99963,100,100069,100,99962,100,100070,100,99949,100,100087,100,99940,100,100089,100,99939,100
2019-06-28 09:30:00.000000067,99993,100,99986,200,99997,100,99979,200,100030,100,99975,100,100035,100,99973,100,100049,100,99972,200,100051,100,99971,100,100052,100,99963,100,100069,100,99962,100,100070,100,99949,100,100087,100,99940,100
2019-06-28 09:30:00.000000069,99993,100,99986,300,99997,100,99979,200,100030,100,99975,100,100035,100,99973,100,100049,100,99972,200,100051,100,99971,100,100052,100,99963,100,100069,100,99962,100,100070,100,99949,100,100087,100,99940,100
2019-06-28 09:30:00.000000070,99993,100,99986,400,99997,100,99979,200,100011,100,99975,100,100030,100,99973,100,100035,100,99972,200,100049,100,99971,100,100051,100,99963,100,100052,100,99962,100,100069,100,99949,100,100070,100,99940,100
2019-06-28 09:30:00.000000074,99993,100,99986,300,99997,100,99979,200,100011,100,99975,100,100030,100,99973,100,100035,100,99972,200,100049,100,99971,100,100051,100,99963,100,100052,100,99962,100,100069,100,99949,100,100070,100,99940,100
2019-06-28 09:30:00.000000075,99997,100,99986,300,100011,100,99979,200,100030,100,99975,100,100035,100,99973,100,100049,100,99972,200,100051,100,99971,100,100052,100,99963,100,100069,100,99962,100,100070,100,99949,100,100087,100,99940,100
2019-06-28 09:30:00.000000081,99997,100,99986,300,100011,100,99979,200,100030,100,99975,100,100035,100,99973,100,100049,100,99972,200,100051,100,99971,100,100052,100,99963,100,100055,100,99962,100,100069,100,99949,100,100070,100,99940,100
2019-06-28 09:30:00.000000082,99997,100,99986,300,100011,100,99979,200,100030,100,99975,100,100035,100,99973,100,100049,100,99972,200,100051,100,99971,100,100052,100,99963,100,100055,100,99962,100,100069,100,99949,100,100070,100,99940,100
2019-06-28 09:30:00.000000085,99997,100,99986,300,100011,100,99979,200,100030,100,99975,100,100035,100,99973,100,100049,100,99972,200,100051,100,99971,100,100052,100,99963,100,100055,100,99962,100,100069,100,99949,100,100070,100,99940,100
2019-06-28 09:30:00.000000086,99997,100,99986,300,100011,100,99979,200,100026,100,99975,100,100030,100,99973,100,100035,100,99972,200,100049,100,99971,100,100051,100,99963,100,100052,100,99962,100,100055,100,99949,100,100069,100,99940,100
2019-06-28 09:30:00.000000092,99997,100,99986,300,100011,100,99979,200,100026,100,99975,100,100030,100,99973,100,100031,100,99972,200,100035,100,99971,100,100049,100,99963,100,100051,100,99962,100,100052,100,99949,100,100055,100,99940,100
2019-06-28 09:30:00.000000094,100011,100,99986,300,100026,100,99979,200,100030,100,99975,100,100031,100,99973,100,100035,100,99972,200,100049,100,99971,100,100051,100,99963,100,100052,100,99962,100,100055,100,99949,100,100069,100,99940,100
2019-06-28 09:30:00.000000098,100011,100,99986,300,100026,100,99979,200,100030,100,99975,100,100031,100,99973,100,100035,100,99972,200,100049,100,99971,100,100051,100,99963,100,100052,100,99962,100,100055,100,99949,100,100057,100,99940,100
2019-06-28 09:30:10.000000000,100011,227,99986,427,100026,227,99979,327,100030,100,99975,100,100031,100,99973,100,100035,100,99972,200,100049,100,99971,100,100051,100,99963,100,100052,100,99962,100,100055,100,99949,100,100057,100,99940,100
2019-06-28 09:30:11.265470813,100011,227,99993,100,100026,227,99986,427,100030,100,99979,327,100031,100,99975,100,100035,100,99973,100,100049,100,99972,200,100051,100,99971,100,100052,100,99963,100,100055,100,99962,100,100057,100,99949,100
2019-06-28 09:30:20.000000000,100011,227,99993,227,100026,227,99986,427,100030,100,99979,200,100031,100,99975,100,100035,100,99973,100,100049,100,99972,200,100051,100,99971,100,100052,100,99963,100,100055,100,99962,100,100057,100,99949,100
2019-06-28 09:30:22.389560923,100011,227,99993,227,100026,227,99986,427,100030,100,99979,200,100031,100,99975,100,100035,100,99973,100,100049,100,99972,200,100051,100,99971,100,100052,100,99963,100,100055,100,99962,100,100057,100,99949,100
2019-06-28 09:30:26.994499798,100011,227,99993,227,100026,227,99986,427,100030,100,99979,200,100031,100,99975,100,100035,100,99973,100,100049,100,99972,200,100051,100,99971,100,100052,100,99963,100,100055,100,99962,100,100069,100,99949,100
2019-06-28 09:30:30.000000000,100011,227,99993,227,100026,227,99986,427,100030,100,99979,200,100031,100,99975,100,100035,100,99973,100,100049,100,99972,200,100051,100,99971,100,100052,100,99963,100,100055,100,99962,100,100069,100,99949,100
2019-06-28 09:30:31.623971434,100011,227,99993,227,100026,227,99986,427,100030,100,99979,200,100031,100,99975,100,100035,100,99973,100,100049,100,99972,200,100051,100,99971,100,100055,100,99963,100,100069,100,99962,100,100070,100,99949,100
2019-06-28 09:30:40.000000000,100011,164,99993,164,100026,164,99986,364,100030,164,99979,264,100031,164,99975,164,100035,100,99973,100,100049,100,99972,200,100051,100,99971,100,100055,100,99963,100,100069,100,99962,100,100070,100,99949,100
2019-06-28 09:30:50.000000000,100011,227,99993,227,100026,227,99986,427,100030,100,99979,200,100031,100,99975,100,100035,100,99973,100,100049,100,99972,200,100051,100,99971,100,100055,100,99963,100,100069,100,99962,100,100070,100,99949,100
2019-06-28 09:31:00.000000000,100011,186,99993,186,100026,184,99986,384,100030,184,99979,284,100031,100,99975,100,100035,100,99973,100,100049,100,99972,200,100051,100,99971,100,100055,100,99963,100,100069,100,99962,100,100070,100,99949,100
2019-06-28 09:31:08.624118565,100011,86,99993,186,100026,184,99986,384,100030,184,99979,284,100031,100,99975,100,100035,100,99973,100,100049,100,99972,200,100051,100,99971,100,100055,100,99963,100,100069,100,99962,100,100070,100,99949,100
2019-06-28 09:31:10.000000000,100026,164,99993,164,100030,164,99986,364,100031,164,99979,264,100035,164,99975,164,100049,100,99973,100,100051,100,99972,200,100055,100,99971,100,100069,100,99963,100,100070,100,99962,100,100074,100,99949,100
2019-06-28 09:31:20.000000000,100026,151,99993,151,100030,151,99986,351,100031,151,99979,251,100035,151,99975,151,100049,151,99973,151,100051,100,99972,200,100055,100,99971,100,100069,100,99963,100,100070,100,99962,100,100074,100,99949,100
2019-06-28 09:31:30.000000000,100026,354,99993,354,100030,100,99986,300,100031,100,99979,200,100035,100,99975,100,100049,100,99973,100,100051,100,99972,200,100055,100,99971,100,100069,100,99963,100,100070,100,99962,100,100074,100,99949,100
2019-06-28 09:31:40.000000000,100026,186,99993,186,100030,184,99986,384,100031,184,99979,284,100035,100,99975,100,100049,100,99973,100,100051,100,99972,200,100055,100,99971,100,100069,100,99963,100,100070,100,99962,100,100074,100,99949,100
2019-06-28 09:31:44.997398492,100026,86,99993,186,100030,184,99986,384,100031,184,99979,284,100049,100,99975,100,100051,100,99973,100,100055,100,99972,200,100069,100,99971,100,100070,100,99963,100,100074,100,99962,100,100087,100,99949,100
2019-06-28 09:31:49.629529152,100030,184,100026,14,100031,184,99993,186,100051,100,99986,384,100055,100,99979,284,100069,100,99975,100,100070,100,99973,100,100074,100,99972,200,100087,100,99971,100,100089,100,99963,100,100093,100,99962,100
2019-06-28 09:31:50.000000000,100030,151,100026,65,100031,151,99993,151,100051,151,99986,351,100055,151,99979,251,100069,151,99975,151,100070,100,99973,100,100074,100,99972,200,100087,100,99971,100,100089,100,99963,100,100093,100,99962,100
2019-06-28 09:31:54.810959874,100030,51,100026,65,100031,151,99993,151,100051,151,99986,351,100055,151,99979,251,100069,151,99975,151,100070,100,99973,100,100074,100,99972,200,100087,100,99971,100,100089,100,99963,100,100093,100,99962,100
2019-06-28 09:31:58.979643046,100031,151,100030,49,100051,151,100026,65,100055,151,99993,151,100069,151,99986,351,100070,100,99979,251,100074,100,99975,151,100087,100,99973,100,100089,100,99972,200,100093,100,99963,100,100102,100,99962,100
2019-06-28 09:32:00.000000000,100031,354,100030,303,100051,100,100026,14,100055,100,99993,100,100069,100,99986,300,100070,100,99979,200,100074,100,99975,100,100087,100,99973,100,100089,100,99972,200,100093,100,99963,100,100102,100,99962,100
2019-06-28 09:32:10.000000000,100031,186,100030,135,100051,184,100026,98,100055,184,99993,184,100069,100,99986,300,100070,100,99979,200,100074,100,99975,100,100087,100,99973,100,100089,100,99972,200,100093,100,99963,100,100102,100,99962,100
2019-06-28 09:32:20.000000000,100031,186,100030,135,100051,184,100026,98,100055,184,99993,184,100069,100,99986,300,100070,100,99979,200,100074,100,99975,100,100087,100,99973,100,100089,100,99972,200,100093,100,99963,100,100102,100,99962,100
2019-06-28 09:32:30.000000000,100031,354,100030,303,100051,100,100026,14,100055,100,99993,100,100069,100,99986,300,100070,100,99979,200,100074,100,99975,100,100087,100,99973,100,100089,100,99972,200,100093,100,99963,100,100102,100,99962,100
2019-06-28 09:32:40.000000000,100031,227,100030,176,100051,227,100026,141,100055,100,99993,100,100069,100,99986,300,100070,100,99979,200,100074,100,99975,100,100087,100,99973,100,100089,100,99972,200,100093,100,99963,100,100102,100,99962,100
2019-06-28 09:32:50.000000000,100031,186,100030,135,100051,184,100026,98,100055,184,99993,184,100069,100,99986,300,100070,100,99979,200,100074,100,99975,100,100087,100,99973,100,100089,100,99972,200,100093,100,99963,100,100102,100,99962,100
2019-06-28 09:33:00.000000000,100031,354,100030,303,100051,100,100026,14,100055,100,99993,100,100069,100,99986,300,100070,100,99979,200,100074,100,99975,100,100087,100,99973,100,100089,100,99972,200,100093,100,99963,100,100102,100,99962,100
2019-06-28 09:33:10.000000000,100031,164,100030,113,100051,164,100026,78,100055,164,99993,164,100069,164,99986,364,100070,100,99979,200,100074,100,99975,100,100087,100,99973,100,100089,100,99972,200,100093,100,99963,100,100102,100,99962,100
2019-06-28 09:33:17.987959074,100031,64,100030,113,100051,164,100026,78,100055,164,99993,164,100069,164,99986,364,100070,100,99979,200,100074,100,99975,100,100087,100,99973,100,100089,100,99972,200,100093,100,99963,100,100102,100,99962,100
2019-06-28 09:33:20.000000000,100051,164,100030,113,100055,164,100026,78,100069,164,99993,164,100070,164,99986,364,100074,100,99979,200,100087,100,99975,100,100089,100,99973,100,100093,100,99972,200,100102,100,99963,100,100106,100,99962,100
2019-06-28 09:33:30.000000000,100051,164,100030,113,100055,164,100026,78,100069,164,99993,164,100070,164,99986,364,100074,100,99979,200,100087,100,99975,100,100089,100,99973,100,100093,100,99972,200,100102,100,99963,100,100106,100,99962,100
2019-06-28 09:33:40.000000000,100051,151,100030,100,100055,151,100026,65,100069,151,99993,151,100070,151,99986,351,100074,151,99979,251,100087,100,99975,100,100089,100,99973,100,100093,100,99972,200,100102,100,99963,100,100106,100,99962,100
2019-06-28 09:33:41.663781277,100051,51,100030,100,100055,151,100026,65,100069,151,99993,151,100070,151,99986,351,100074,151,99979,251,100087,100,99975,100,100089,100,99973,100,100093,100,99972,200,100102,100,99963,100,100106,100,99962,100
2019-06-28 09:33:45.726855159,100055,151,100051,49,100069,151,100030,100,100070,151,100026,65,100074,151,99993,151,100087,100,99986,351,100089,100,99979,251,100093,100,99975,100,100102,100,99973,100,100106,100,99972,200,100114,100,99963,100
2019-06-28 09:33:50.000000000,100055,186,100051,135,100069,184,100030,133,100070,184,100026,98,100074,100,99993,100,100087,100,99986,300,100089,100,99979,200,100093,100,99975,100,100102,100,99973,100,100106,100,99972,200,100114,100,99963,100
2019-06-28 09:34:00.000000000,100055,151,100051,100,100069,151,100030,100,100070,151,100026,65,100074,151,99993,151,100087,151,99986,351,100089,100,99979,200,100093,100,99975,100,100102,100,99973,100,100106,100,99972,200,100114,100,99963,100
2019-06-28 09:34:10.000000000,100055,151,100051,100,100069,151,100030,100,100070,151,100026,65,100074,151,99993,151,100087,151,99986,351,100089,100,99979,200,100093,100,99975,100,100102,100,99973,100,100106,100,99972,200,100114,100,99963,100
2019-06-28 09:34:12.928807136,100055,51,100051,100,100069,151,100030,100,100070,151,100026,65,100074,151,99993,151,100087,151,99986,351,100089,100,99979,200,100093,100,99975,100,100102,100,99973,100,100106,100,99972,200,100114,100,99963,100
2019-06-28 09:34:14.010109024,100055,51,100051,100,100069,151,100030,100,100070,151,100026,65,100074,151,99993,151,100087,151,99986,351,100089,100,99979,200,100093,100,99975,100,100102,100,99973,100,100106,100,99972,200,100114,100,99963,100
2019-06-28 09:34:20.000000000,100069,151,100051,100,100070,151,100030,100,100074,151,100026,65,100087,151,99993,151,100089,151,99986,351,100093,100,99979,200,100102,100,99975,100,100106,100,99973,100,100114,100,99972,200,100119,100,99963,100
2019-06-28 09:34:30.000000000,100069,186,100051,135,100070,184,100030,133,100074,184,100026,98,100087,100,99993,100,100089,100,99986,300,100093,100,99979,200,100102,100,99975,100,100106,100,99973,100,100114,100,99972,200,100119,100,99963,100
2019-06-28 09:34:33.698092125,100069,86,100051,135,100070,184,100030,133,100074,184,100026,98,100089,100,99993,100,100093,100,99986,300,100102,100,99979,200,100106,100,99975,100,100114,100,99973,100,100119,100,99972,200,100126,100,99963,100
2019-06-28 09:34:40.000000000,100070,151,100051,100,100074,151,100030,100,100089,151,100026,65,100093,151,99993,151,100102,151,99986,351,100106,100,99979,200,100114,100,99975,100,100119,100,99973,100,100126,100,99972,200,100130,100,99963,100
2019-06-28 09:34:47.902305588,100070,151,100055,100,100074,151,100051,100,100089,151,100030,100,100093,151,100026,65,100102,151,99993,151,100106,100,99986,351,100114,100,99979,100,100119,100,99975,100,100126,100,99973,100,100130,100,99972,200
2019-06-28 09:34:48.494146932,100070,51,100055,100,100074,151,100051,100,100089,151,100030,100,100093,151,100026,65,100102,151,99993,151,100106,100,99986,351,100114,100,99979,100,100119,100,99975,100,100126,100,99973,100,100130,100,99972,200
2019-06-28 09:34:50.000000000,100074,164,100055,164,100089,164,100051,113,100093,164,100030,113,100102,164,100026,78,100106,100,99993,100,100114,100,99986,300,100119,100,99979,100,100126,100,99975,100,100130,100,99973,100,100132,100,99972,200
2019-06-28 09:35:00.000000000,100074,164,100055,164,100089,164,100051,113,100093,164,100030,113,100102,164,100026,78,100106,100,99993,100,100114,100,99986,300,100119,100,99979,100,100126,100,99975,100,100130,100,99973,100,100132,100,99972,200
2019-06-28 09:35:10.000000000,100074,354,100055,354,100089,100,100051,49,100093,100,100030,49,100102,100,100026,14,100106,100,99993,100,100114,100,99986,300,100119,100,99979,100,100126,100,99975,100,100130,100,99973,100,100132,100,99972,200
2019-06-28 09:35:20.000000000,100074,227,100055,227,100089,227,100051,176,100093,100,100030,49,100102,100,100026,14,100106,100,99993,100,100114,100,99986,300,100119,100,99979,100,100126,100,99975,100,100130,100,99973,100,100132,100,99972,200
2019-06-28 09:35:27.304901826,100074,127,100055,227,100089,227,100051,176,100093,100,100030,49,100102,100,100026,14,100106,100,99993,100,100114,100,99986,300,100119,100,99979,100,100126,100,99975,100,100130,100,99973,100,100132,100,99972,200
2019-06-28 09:35:29.110427927,100074,27,100055,227,100089,227,100051,176,100093,100,100030,49,100102,100,100026,14,100106,100,99993,100,100114,100,99986,300,100119,100,99979,100,100126,100,99975,100,100130,100,99973,100,100132,100,99972,200
2019-06-28 09:35:30.000000000,100089,164,100055,164,100093,164,100051,113,100102,164,100030,113,100106,164,100026,78,100114,100,99993,100,100119,100,99986,300,100126,100,99979,100,100130,100,99975,100,100132,100,99973,100,100153,100,99972,200
2019-06-28 09:35:40.000000000,100089,227,100055,227,100093,227,100051,176,100102,100,100030,49,100106,100,100026,14,100114,100,99993,100,100119,100,99986,300,100126,100,99979,100,100130,100,99975,100,100132,100,99973,100,100153,100,99972,200
2019-06-28 09:35:50.000000000,100089,186,100055,186,100093,184,100051,133,100102,184,100030,133,100106,100,100026,14,100114,100,99993,100,100119,100,99986,300,100126,100,99979,100,100130,100,99975,100,100132,100,99973,100,100153,100,99972,200
2019-06-28 09:36:00.000000000,100089,354,100055,354,100093,100,100051,49,100102,100,100030,49,100106,100,100026,14,100114,100,99993,100,100119,100,99986,300,100126,100,99979,100,100130,100,99975,100,100132,100,99973,100,100153,100,99972,200
2019-06-28 09:36:08.334893856,100089,354,100074,100,100093,100,100055,354,100102,100,100051,49,100106,100,100030,49,100114,100,100026,14,100119,100,99993,100,100126,100,99986,300,100130,100,99979,100,100132,100,99975,100,100153,100,99973,100
2019-06-28 09:36:10.000000000,100089,151,100074,151,100093,151,100055,151,100102,151,100051,100,100106,151,100030,100,100114,151,100026,65,100119,100,99993,100,100126,100,99986,300,100130,100,99979,100,100132,100,99975,100,100153,100,99973,100
2019-06-28 09:36:11.698311827,100089,151,100074,151,100093,151,100055,151,100102,151,100051,100,100106,151,100030,100,100114,151,100026,65,100126,100,99993,100,100130,100,99986,300,100132,100,99979,100,100153,100,99975,100,100157,100,99973,100
2019-06-28 09:36:18.942760709,100089,51,100074,151,100093,151,100055,151,100102,151,100051,100,100106,151,100030,100,100114,151,100026,65,100126,100,99993,100,100130,100,99986,300,100132,100,99979,100,100153,100,99975,100,100157,100,99973,100
2019-06-28 09:36:19.952103159,100093,151,100089,49,100102,151,100074,151,100106,151,100055,151,100114,151,100051,100,100126,100,100030,100,100130,100,100026,65,100132,100,99993,100,100153,100,99986,300,100157,100,99979,100,100167,100,99975,100
2019-06-28 09:36:20.000000000,100093,186,100089,135,100102,184,100074,184,100106,184,100055,184,100114,100,100051,49,100126,100,100030,49,100130,100,100026,14,100132,100,99993,100,100153,100,99986,300,100157,100,99979,100,100167,100,99975,100
2019-06-28 09:36:30.000000000,100093,151,100089,100,100102,151,100074,151,100106,151,100055,151,100114,151,100051,100,100126,151,100030,100,100130,100,100026,14,100132,100,99993,100,100153,100,99986,300,100157,100,99979,100,100167,100,99975,100
2019-06-28 09:36:40.000000000,100093,164,100089,113,100102,164,100074,164,100106,164,100055,164,100114,164,100051,113,100126,100,100030,49,100130,100,100026,14,100132,100,99993,100,100153,100,99986,300,100157,100,99979,100,100167,100,99975,100
2019-06-28 09:36:41.928597182,100102,164,100093,36,100106,164,100089,113,100114,164,100074,164,100126,100,100055,164,100130,100,100051,113,100132,100,100030,49,100153,100,100026,14,100157,100,99993,100,100167,100,99986,300,100196,100,99979,100
2019-06-28 09:36:50.000000000,100102,354,100093,290,100106,100,100089,49,100114,100,100074,100,100126,100,100055,100,100130,100,100051,49,100132,100,100030,49,100153,100,100026,14,100157,100,99993,100,100167,100,99986,300,100196,100,99979,100
2019-06-28 09:37:00.000000000,100102,186,100093,122,100106,184,100089,133,100114,184,100074,184,100126,100,100055,100,100130,100,100051,49,100132,100,100030,49,100153,100,100026,14,100157,100,99993,100,100167,100,99986,300,100196,100,99979,100
2019-06-28 09:37:10.000000000,100102,354,100093,290,100106,100,100089,49,100114,100,100074,100,100126,100,100055,100,100130,100,100051,49,100132,100,100030,49,100153,100,100026,14,100157,100,99993,100,100167,100,99986,300,100196,100,99979,100
2019-06-28 09:37:19.775954170,100102,354,100093,290,100106,100,100089,49,100114,100,100074,100,100126,100,100055,100,100130,100,100051,49,100132,100,100030,49,100153,100,100026,14,100157,100,99993,100,100167,100,99986,300,100196,100,99979,100
2019-06-28 09:37:20.000000000,100102,186,100093,122,100106,184,100089,133,100114,184,100074,184,100126,100,100055,100,100130,100,100051,49,100132,100,100030,49,100153,100,100026,14,100157,100,99993,100,100167,100,99986,300,100196,100,99979,100
2019-06-28 09:37:28.469276827,100102,186,100093,122,100106,184,100090,100,100114,184,100089,133,100126,100,100074,184,100130,100,100055,100,100132,100,100051,49,100153,100,100030,49,100157,100,100026,14,100167,100,99993,100,100196,100,99986,200
2019-06-28 09:37:30.000000000,100102,354,100093,290,100106,100,100090,100,100114,100,100089,49,100126,100,100074,100,100130,100,100055,100,100132,100,100051,49,100153,100,100030,49,100157,100,100026,14,100167,100,99993,100,100196,100,99986,200
2019-06-28 09:37:40.000000000,100102,354,100093,290,100106,100,100090,100,100114,100,100089,49,100126,100,100074,100,100130,100,100055,100,100132,100,100051,49,100153,100,100030,49,100157,100,100026,14,100167,100,99993,100,100196,100,99986,200
2019-06-28 09:37:42.866862171,100102,254,100093,290,100106,100,100090,100,100114,100,100089,49,100126,100,100074,100,100130,100,100055,100,100132,100,100051,49,100153,100,100030,49,100157,100,100026,14,100167,100,99993,100,100196,100,99986,200
2019-06-28 09:37:50.000000000,100106,151,100093,87,100114,151,100090,151,100126,151,100089,100,100130,151,100074,151,100132,151,100055,151,100153,100,100051,49,100157,100,100030,49,100167,100,100026,14,100196,100,99993,100,100203,100,99986,200
2019-06-28 09:37:50.829222674,100106,51,100093,87,100114,151,100090,151,100126,151,100089,100,100130,151,100074,151,100132,151,100055,151,100153,100,100051,49,100157,100,100030,49,100167,100,100026,14,100196,100,99993,100,100203,100,99986,200
2019-06-28 09:38:00.000000000,100114,227,100093,163,100126,227,100090,227,100130,100,100089,49,100132,100,100074,100,100153,100,100055,100,100157,100,100051,49,100167,100,100030,49,100196,100,100026,14,100203,100,99993,100,100818,100,99986,200
2019-06-28 09:38:10.000000000,100114,164,100093,100,100126,164,100090,164,100130,164,100089,113,100132,164,100074,164,100153,100,100055,100,100157,100,100051,49,100167,100,100030,49,100196,100,100026,14,100203,100,99993,100,100818,100,99986,200
2019-06-28 09:38:14.068645727,100114,64,100093,100,100126,164,100090,164,100130,164,100089,113,100132,164,100074,164,100153,100,100055,100,100157,100,100051,49,100167,100,100030,49,100196,100,100026,14,100818,100,99993,100,101010,100,99986,200
2019-06-28 09:38:20.000000000,100126,164,100093,100,100130,164,100090,164,100132,164,100089,113,100153,164,100074,164,100157,100,100055,100,100167,100,100051,49,100196,100,100030,49,100818,100,100026,14,101010,100,99993,100,101024,100,99986,200
2019-06-28 09:38:30.000000000,100126,151,100093,87,100130,151,100090,151,100132,151,100089,100,100153,151,100074,151,100157,151,100055,151,100167,100,100051,49,100196,100,100030,49,100818,100,100026,14,101010,100,99993,100,101024,100,99986,200
2019-06-28 09:38:40.000000000,100126,164,100093,100,100130,164,100090,164,100132,164,100089,113,100153,164,100074,164,100157,100,100055,100,100167,100,100051,49,100196,100,100030,49,100818,100,100026,14,101010,100,99993,100,101024,100,99986,200
2019-06-28 09:38:48.117635120,100126,164,100106,100,100130,164,100093,100,100132,164,100090,164,100153,164,100089,113,100157,100,100074,164,100167,100,100055,100,100196,100,100051,49,100818,100,100030,49,101010,100,100026,14,101024,100,99993,100
2019-06-28 09:38:50.000000000,100126,227,100106,227,100130,227,100093,163,100132,100,100090,100,100153,100,100089,49,100157,100,100074,100,100167,100,100055,100,100196,100,100051,49,100818,100,100030,49,101010,100,100026,14,101024,100,99993,100
2019-06-28 09:38:52.952725749,100126,227,100106,227,100130,227,100093,163,100132,100,100090,100,100153,100,100089,49,100157,100,100074,100,100167,100,100055,100,100196,100,100051,49,100818,100,100030,49,101010,100,100026,14,101024,100,99993,100
2019-06-28 09:38:55.194612312,100126,227,100106,227,100130,227,100093,163,100132,100,100090,100,100153,100,100089,49,100157,100,100074,100,100167,100,100055,100,100196,100,100051,49,100818,100,100030,49,101001,100,100026,14,101010,100,99993,100
2019-06-28 09:38:55.581912613,100126,227,100106,227,100130,227,100093,163,100132,100,100090,100,100153,100,100089,49,100157,100,100074,100,100167,100,100055,100,100196,100,100051,49,100818,100,100030,49,101001,100,100026,14,101010,100,99993,100
2019-06-28 09:39:00.000000000,100126,227,100106,227,100130,227,100093,163,100132,100,100090,100,100153,100,100089,49,100157,100,100074,100,100167,100,100055,100,100196,100,100051,49,100818,100,100030,49,101001,100,100026,14,101010,100,99993,100
2019-06-28 09:39:05.232186007,100126,227,100106,227,100130,227,100093,163,100132,100,100090,100,100153,100,100089,49,100157,100,100074,100,100167,100,100055,100,100196,100,100051,49,100818,100,100030,49,101001,100,100026,14,101010,100,99993,100
2019-06-28 09:39:10.000000000,100126,227,100106,227,100130,227,100093,163,100132,100,100090,100,100153,100,100089,49,100157,100,100074,100,100167,100,100055,100,100196,100,100051,49,100818,100,100030,49,101001,100,100026,14,101010,100,99993,100
2019-06-28 09:39:20.000000000,100126,354,100106,354,100130,100,100093,36,100132,100,100090,100,100153,100,100089,49,100157,100,100074,100,100167,100,100055,100,100196,100,100051,49,100818,100,100030,49,101001,100,100026,14,101010,100,99993,100
2019-06-28 09:39:30.000000000,100126,227,100106,227,100130,227,100093,163,100132,100,100090,100,100153,100,100089,49,100157,100,100074,100,100167,100,100055,100,100196,100,100051,49,100818,100,100030,49,101001,100,100026,14,101010,100,99993,100
2019-06-28 09:39:38.334310926,100126,227,100106,227,100130,227,100093,163,100132,100,100090,100,100153,100,100089,49,100157,100,100074,100,100167,100,100055,100,100196,100,100051,49,100818,100,100026,14,101001,100,99993,100,101010,100,99986,100
2019-06-28 09:39:40.000000000,100126,164,100106,164,100130,164,100093,100,100132,164,100090,164,100153,164,100089,113,100157,100,100074,100,100167,100,100055,100,100196,100,100051,49,100818,100,100026,14,101001,100,99993,100,101010,100,99986,100
2019-06-28 09:39:50.000000000,100126,227,100106,227,100130,227,100093,163,100132,100,100090,100,100153,100,100089,49,100157,100,100074,100,100167,100,100055,100,100196,100,100051,49,100818,100,100026,14,101001,100,99993,100,101010,100,99986,100
2019-06-28 09:39:59.505991813,100126,127,100106,227,100130,227,100093,163,100132,100,100090,100,100153,100,100089,49,100157,100,100074,100,100167,100,100055,100,100196,100,100051,49,100818,100,100026,14,101001,100,99993,100,101010,100,99986,100
2019-06-28 09:40:00.000000000,100130,151,100106,151,100132,151,100093,87,100153,151,100090,151,100157,151,100089,100,100167,151,100074,151,100196,100,100055,100,100818,100,100051,49,101001,100,100026,14,101010,100,99993,100,101017,100,99986,100
2019-06-28 09:40:09.845632733,100130,51,100106,151,100132,151,100093,87,100153,151,100090,151,100157,151,100089,100,100167,151,100074,151,100196,100,100055,100,100818,100,100051,49,101001,100,100026,14,101010,100,99993,100,101017,100,99986,100
2019-06-28 09:40:10.000000000,100132,164,100106,164,100153,164,100093,100,100157,164,100090,164,100167,164,100089,113,100196,100,100074,100,100818,100,100055,100,101001,100,100051,49,101010,100,100026,14,101017,100,99993,100,101024,100,99986,100
2019-06-28 09:40:20.000000000,100132,354,100106,354,100153,100,100093,36,100157,100,100090,100,100167,100,100089,49,100196,100,100074,100,100818,100,100055,100,101001,100,100051,49,101010,100,100026,14,101017,100,99993,100,101024,100,99986,100
2019-06-28 09:40:23.048811625,100132,254,100106,354,100153,100,100093,36,100157,100,100090,100,100167,100,100089,49,100196,100,100074,100,100818,100,100055,100,101010,100,100051,49,101017,100,100026,14,101024,100,99993,100,101069,100,99986,100
2019-06-28 09:40:30.000000000,100153,164,100106,164,100157,164,100093,100,100167,164,100090,164,100196,164,100089,113,100818,100,100074,100,101010,100,100055,100,101017,100,100051,49,101024,100,100026,14,101069,100,99993,100,101237,100,99986,100
2019-06-28 09:40:34.846691790,100153,164,100106,164,100157,164,100093,100,100167,164,100090,164,100196,164,100089,64,100818,100,100074,100,101010,100,100055,100,101017,100,100051,49,101024,100,100026,14,101069,100,99993,100,101204,100,99986,100
2019-06-28 09:40:40.000000000,100153,227,100106,227,100157,227,100093,163,100167,100,100090,100,100196,100,100074,100,100818,100,100055,100,101010,100,100051,49,101017,100,100026,14,101024,100,99993,100,101069,100,99986,100,101204,100,99979,100
2019-06-28 09:40:50.000000000,100153,354,100106,354,100157,100,100093,36,100167,100,100090,100,100196,100,100074,100,100818,100,100055,100,101010,100,100051,49,101017,100,100026,14,101024,100,99993,100,101069,100,99986,100,101204,100,99979,100
2019-06-28 09:41:00.000000000,100153,164,100106,164,100157,164,100093,100,100167,164,100090,164,100196,164,100074,164,100818,100,100055,100,101010,100,100051,49,101017,100,100026,14,101024,100,99993,100,101069,100,99986,100,101204,100,99979,100
2019-06-28 09:41:10.000000000,100153,164,100106,164,100157,164,100093,100,100167,164,100090,164,100196,164,100074,164,100818,100,100055,100,101010,100,100051,49,101017,100,100026,14,101024,100,99993,100,101069,100,99986,100,101204,100,99979,100
2019-06-28 09:41:20.000000000,100153,354,100106,354,100157,100,100093,36,100167,100,100090,100,100196,100,100074,100,100818,100,100055,100,101010,100,100051,49,101017,100,100026,14,101024,100,99993,100,101069,100,99986,100,101204,100,99979,100
2019-06-28 09:41:30.000000000,100153,164,100106,164,100157,164,100093,100,100167,164,100090,164,100196,164,100074,164,100818,100,100055,100,101010,100,100051,49,101017,100,100026,14,101024,100,99993,100,101069,100,99986,100,101204,100,99979,100
2019-06-28 09:41:40.000000000,100153,151,100106,151,100157,151,100093,87,100167,151,100090,151,100196,151,100074,151,100818,151,100055,151,101010,100,100051,49,101017,100,100026,14,101024,100,99993,100,101069,100,99986,100,101204,100,99979,100
2019-06-28 09:41:43.713658518,100153,151,100106,151,100157,151,100093,87,100167,151,100090,151,100196,151,100074,151,100818,151,100055,151,101010,100,100051,49,101017,100,100026,14,101024,100,99993,100,101069,100,99986,100,101237,100,99979,100
2019-06-28 09:41:50.000000000,100153,151,100106,151,100157,151,100093,87,100167,151,100090,151,100196,151,100074,151,100818,151,100055,151,101010,100,100051,49,101017,100,100026,14,101024,100,99993,100,101069,100,99986,100,101237,100,99979,100
2019-06-28 09:42:00.000000000,100153,354,100106,354,100157,100,100093,36,100167,100,100090,100,100196,100,100074,100,100818,100,100055,100,101010,100,100051,49,101017,100,100026,14,101024,100,99993,100,101069,100,99986,100,101237,100,99979,100
2019-06-28 09:42:00.922052441,100153,354,100106,254,100157,100,100093,36,100167,100,100090,100,100196,100,100074,100,100818,100,100055,100,101010,100,100051,49,101017,100,100026,14,101024,100,99993,100,101069,100,99986,100,101237,100,99979,100
2019-06-28 09:42:09.438989591,100153,354,100130,100,100157,100,100106,254,100167,100,100093,36,100196,100,100074,100,100818,100,100055,100,101010,100,100051,49,101017,100,100026,14,101024,100,99993,100,101069,100,99986,100,101237,100,99979,100
2019-06-28 09:42:10.000000000,100153,151,100130,151,100157,151,100093,87,100167,151,100074,151,100196,151,100055,151,100818,151,100051,100,101010,100,100026,14,101017,100,99993,100,101024,100,99986,100,101069,100,99979,100,101237,100,99975,100
2019-06-28 09:42:17.680855255,100153,51,100130,151,100157,151,100093,87,100167,151,100074,151,100196,151,100055,151,100818,151,100051,100,101010,100,100026,14,101017,100,99993,100,101024,100,99986,100,101069,100,99979,100,101237,100,99975,100
2019-06-28 09:42:20.000000000,100157,354,100130,354,100167,100,100093,36,100196,100,100074,100,100818,100,100055,100,101010,100,100051,49,101017,100,100026,14,101024,100,99993,100,101069,100,99986,100,101237,100,99979,100,101244,100,99975,100
2019-06-28 09:42:23.623167414,100157,254,100130,354,100167,100,100093,36,100196,100,100074,100,100818,100,100055,100,101010,100,100051,49,101017,100,100026,14,101024,100,99993,100,101069,100,99986,100,101237,100,99979,100,101244,100,99975,100
2019-06-28 09:42:24.983782747,100157,154,100130,354,100167,100,100093,36,100196,100,100074,100,100818,100,100055,100,101010,100,100051,49,101017,100,100026,14,101024,100,99993,100,101069,100,99986,100,101237,100,99979,100,101244,100,99975,100
2019-06-28 09:42:30.000000000,100167,186,100130,186,100196,184,100093,120,100818,184,100074,184,101010,100,100055,100,101017,100,100051,49,101024,100,100026,14,101069,100,99993,100,101237,100,99986,100,101244,100,99979,100,101486,100,99975,100
2019-06-28 09:42:32.641656789,100167,186,100157,100,100196,184,100130,186,100818,184,100093,120,101010,100,100074,184,101017,100,100055,100,101024,100,100051,49,101069,100,100026,14,101237,100,99993,100,101244,100,99986,100,101486,100,99979,100
2019-06-28 09:42:40.000000000,100167,227,100157,227,100196,227,100130,227,100818,100,100093,36,101010,100,100074,100,101017,100,100055,100,101024,100,100051,49,101069,100,100026,14,101237,100,99993,100,101244,100,99986,100,101486,100,99979,100
2019-06-28 09:42:50.000000000,100167,164,100157,164,100196,164,100130,164,100818,164,100093,100,101010,164,100074,164,101017,100,100055,100,101024,100,100051,49,101069,100,100026,14,101237,100,99993,100,101244,100,99986,100,101486,100,99979,100
2019-06-28 09:42:50.398567667,100167,164,100157,164,100196,164,100130,164,100818,164,100093,100,101010,164,100074,164,101017,100,100055,100,101024,100,100051,49,101060,100,100026,14,101069,100,99993,100,101237,100,99986,100,101244,100,99979,100
2019-06-28 09:43:00.000000000,100167,164,100157,164,100196,164,100130,164,100818,164,100093,100,101010,164,100074,164,101017,100,100055,100,101024,100,100051,49,101060,100,100026,14,101069,100,99993,100,101237,100,99986,100,101244,100,99979,100
2019-06-28 09:43:06.701845262,100167,164,100157,264,100196,164,100130,164,100818,164,100093,100,101010,164,100074,164,101017,100,100051,49,101024,100,100026,14,101060,100,99993,100,101069,100,99986,100,101237,100,99979,100,101244,100,99975,100
2019-06-28 09:43:06.963352328,100167,164,100157,264,100196,164,100130,164,100818,164,100093,100,101010,164,100074,164,101017,100,100051,49,101024,100,100026,14,101060,100,99993,100,101069,100,99986,100,101237,100,99979,100,101244,100,99975,100
2019-06-28 09:43:10.000000000,100167,164,100157,264,100196,164,100130,164,100818,164,100093,100,101010,164,100074,164,101017,100,100051,49,101024,100,100026,14,101060,100,99993,100,101069,100,99986,100,101237,100,99979,100,101244,100,99975,100
2019-06-28 09:43:10.824091964,100167,164,100157,264,100196,64,100130,164,100818,164,100093,100,101010,164,100074,164,101017,100,100051,49,101024,100,100026,14,101060,100,99993,100,101069,100,99986,100,101237,100,99979,100,101244,100,99975,100
2019-06-28 09:43:20.000000000,100167,164,100157,264,100818,164,100130,164,101010,164,100093,100,101017,164,100074,164,101024,100,100051,49,101060,100,100026,14,101069,100,99993,100,101237,100,99986,100,101244,100,99979,100,101384,100,99975,100
2019-06-28 09:43:30.000000000,100167,227,100157,327,100818,227,100130,227,101010,100,100093,36,101017,100,100074,100,101024,100,100051,49,101060,100,100026,14,101069,100,99993,100,101237,100,99986,100,101244,100,99979,100,101384,100,99975,100
2019-06-28 09:43:31.332262013,100167,127,100157,327,100818,227,100130,227,101010,100,100093,36,101017,100,100074,100,101024,100,100051,49,101060,100,100026,14,101069,100,99993,100,101237,100,99986,100,101244,100,99979,100,101384,100,99975,100
2019-06-28 09:43:31.791401868,100167,27,100157,327,100818,227,100130,227,101010,100,100093,36,101017,100,100074,100,101024,100,100051,49,101060,100,100026,14,101069,100,99993,100,101237,100,99986,100,101244,100,99979,100,101384,100,99975,100
2019-06-28 09:43:37.332958633,100167,27,100157,327,100818,227,100130,227,100869,100,100093,36,101010,100,100074,100,101017,100,100051,49,101024,100,100026,14,101060,100,99993,100,101069,100,99986,100,101237,100,99979,100,101384,100,99975,100
2019-06-28 09:43:40.000000000,100818,151,100157,251,100869,151,100130,151,101010,151,100093,87,101017,151,100074,151,101024,151,100051,100,101060,100,100026,14,101069,100,99993,100,101237,100,99986,100,101384,100,99979,100,101486,100,99975,100
2019-06-28 09:43:50.000000000,100818,227,100157,327,100869,227,100130,227,101010,100,100093,36,101017,100,100074,100,101024,100,100051,49,101060,100,100026,14,101069,100,99993,100,101237,100,99986,100,101384,100,99979,100,101486,100,99975,100
2019-06-28 09:44:00.000000000,100818,227,100157,327,100869,227,100130,227,101010,100,100093,36,101017,100,100074,100,101024,100,100051,49,101060,100,100026,14,101069,100,99993,100,101237,100,99986,100,101384,100,99979,100,101486,100,99975,100
2019-06-28 09:44:00.293488659,100818,127,100157,327,100869,227,100130,227,101010,100,100093,36,101017,100,100074,100,101024,100,100051,49,101060,100,100026,14,101069,100,99993,100,101237,100,99986,100,101384,100,99979,100,101486,100,99975,100
2019-06-28 09:44:02.900252288,100818,27,100157,327,100869,227,100130,227,101010,100,100093,36,101017,100,100074,100,101024,100,100051,49,101060,100,100026,14,101069,100,99993,100,101237,100,99986,100,101384,100,99979,100,101486,100,99975,100
2019-06-28 09:44:09.998518753,100818,27,100157,327,100869,227,100130,227,101010,100,100093,36,101017,100,100074,100,101024,100,100051,49,101041,100,100026,14,101060,100,99993,100,101069,100,99986,100,101237,100,99979,100,101384,100,99975,100
2019-06-28 09:44:10.000000000,100869,227,100157,327,101010,227,100130,227,101017,100,100093,36,101024,100,100074,100,101041,100,100051,49,101060,100,100026,14,101069,100,99993,100,101237,100,99986,100,101384,100,99979,100,,,99975,100
2019-06-28 09:44:20.000000000,100869,164,100157,264,101010,164,100130,164,101017,164,100093,100,101024,164,100074,164,101041,100,100051,49,101060,100,100026,14,101069,100,99993,100,101237,100,99986,100,101384,100,99979,100,,,99975,100
2019-06-28 09:44:30.000000000,100869,354,100157,454,101010,100,100130,100,101017,100,100093,36,101024,100,100074,100,101041,100,100051,49,101060,100,100026,14,101069,100,99993,100,101237,100,99986,100,101384,100,99979,100,,,99975,100
2019-06-28 09:44:40.000000000,100869,227,100157,327,101010,227,100130,227,101017,100,100093,36,101024,100,100074,100,101041,100,100051,49,101060,100,100026,14,101069,100,99993,100,101237,100,99986,100,101384,100,99979,100,,,99975,100
2019-06-28 09:44:43.687724868,100869,227,100157,327,101010,227,100130,227,101017,100,100093,36,101024,100,100074,100,101041,100,100051,49,101060,100,100026,14,101069,100,99993,100,101073,100,99986,100,101237,100,99979,100,101384,100,99975,100
2019-06-28 09:44:50.000000000,100869,354,100157,454,101010,100,100130,100,101017,100,100093,36,101024,100,100074,100,101041,100,100051,49,101060,100,100026,14,101069,100,99993,100,101073,100,99986,100,101237,100,99979,100,101384,100,99975,100
2019-06-28 09:44:50.754631413,100869,354,100757,100,101017,100,100157,454,101024,100,100130,100,101041,100,100093,36,101060,100,100074,100,101069,100,100051,49,101073,100,100026,14,101237,100,99993,100,101384,100,99986,100,,,99979,100
2019-06-28 09:44:50.980828978,100869,354,100757,100,101024,100,100157,454,101041,100,100130,100,101060,100,100093,36,101066,100,100074,100,101069,100,100051,49,101073,100,100026,14,101237,100,99993,100,101384,100,99986,100,,,99979,100
2019-06-28 09:45:00.000000000,100869,227,100757,227,101024,227,100157,327,101041,100,100130,100,101060,100,100093,36,101066,100,100074,100,101069,100,100051,49,101073,100,100026,14,101237,100,99993,100,101384,100,99986,100,,,99979,100
2019-06-28 09:45:04.680372816,100869,227,100757,227,101024,227,100157,327,101041,100,100130,100,101060,100,100093,36,101066,100,100074,100,101069,100,100051,49,101073,100,100026,14,101237,100,99993,100,101273,100,99986,100,101384,100,99979,100
2019-06-28 09:45:10.000000000,100869,354,100757,354,101024,100,100157,200,101041,100,100130,100,101060,100,100093,36,101066,100,100074,100,101069,100,100051,49,101073,100,100026,14,101237,100,99993,100,101273,100,99986,100,101384,100,99979,100
2019-06-28 09:45:20.000000000,100869,227,100757,227,101024,227,100157,327,101041,100,100130,100,101060,100,100093,36,101066,100,100074,100,101069,100,100051,49,101073,100,100026,14,101237,100,99993,100,101273,100,99986,100,101384,100,99979,100
2019-06-28 09:45:27.367689510,100869,227,100757,227,101024,227,100157,327,101041,100,100130,100,101060,100,100093,36,101066,100,100074,100,101069,100,100051,49,101073,100,100026,14,101143,100,99993,100,101237,100,99986,100,101273,100,99979,100
2019-06-28 09:45:30.000000000,100869,151,100757,151,101024,151,100157,251,101041,151,100130,151,101060,151,100093,87,101066,151,100074,151,101069,100,100051,49,101073,100,100026,14,101143,100,99993,100,101237,100,99986,100,101273,100,99979,100
2019-06-28 09:45:31.126850433,100869,151,100757,151,101024,151,100157,251,101041,151,100130,151,101060,151,100093,87,101065,100,100074,151,101066,151,100051,49,101069,100,100026,14,101073,100,99993,100,101143,100,99986,100,101237,100,99979,100
2019-06-28 09:45:40.000000000,100869,354,100757,354,101024,100,100157,200,101041,100,100130,100,101060,100,100093,36,101065,100,100074,100,101066,100,100051,49,101069,100,100026,14,101073,100,99993,100,101143,100,99986,100,101237,100,99979,100
2019-06-28 09:45:41.223312181,100869,254,100757,354,101024,100,100157,200,101041,100,100130,100,101060,100,100093,36,101065,100,100074,100,101066,100,100051,49,101069,100,100026,14,101073,100,99993,100,101143,100,99986,100,101237,100,99979,100
2019-06-28 09:45:46.912009083,100869,154,100757,354,101024,100,100157,200,101041,100,100130,100,101060,100,100093,36,101065,100,100074,100,101066,100,100051,49,101069,100,99993,100,101073,100,99986,100,101143,100,99979,100,101237,100,99975,100
2019-06-28 09:45:50.000000000,101024,354,100757,354,101041,100,100157,200,101060,100,100130,100,101065,100,100093,36,101066,100,100074,100,101069,100,100051,49,101073,100,99993,100,101143,100,99986,100,101237,100,99979,100,101273,100,99975,100
2019-06-28 09:46:00.000000000,101024,227,100757,227,101041,227,100157,327,101060,100,100130,100,101065,100,100093,36,101066,100,100074,100,101069,100,100051,49,101073,100,99993,100,101143,100,99986,100,101237,100,99979,100,101273,100,99975,100
2019-06-28 09:46:04.307589192,100868,100,100757,227,101024,227,100157,327,101041,227,100130,100,101060,100,100093,36,101065,100,100074,100,101066,100,100051,49,101069,100,99993,100,101073,100,99986,100,101143,100,99979,100,101237,100,99975,100
2019-06-28 09:46:07.496099222,101024,227,100757,227,101041,227,100157,327,101060,100,100130,100,101065,100,100093,36,101066,100,100074,100,101069,100,100051,49,101073,100,99993,100,101143,100,99986,100,101237,100,99979,100,101273,100,99975,100
2019-06-28 09:46:10.000000000,101024,227,100757,227,101041,227,100157,327,101060,100,100130,100,101065,100,100093,36,101066,100,100074,100,101069,100,100051,49,101073,100,99993,100,101143,100,99986,100,101237,100,99979,100,101273,100,99975,100
2019-06-28 09:46:19.360077766,101024,227,100817,100,101041,227,100757,227,101065,100,100157,327,101066,100,100130,100,101069,100,100093,36,101073,100,100074,100,101143,100,100051,49,101237,100,99993,100,101273,100,99986,100,101384,100,99979,100
2019-06-28 09:46:20.000000000,101024,164,100817,164,101041,164,100757,164,101065,164,100157,264,101066,164,100130,164,101069,100,100093,36,101073,100,100074,100,101143,100,100051,49,101237,100,99993,100,101273,100,99986,100,101384,100,99979,100
2019-06-28 09:46:30.000000000,101024,227,100817,227,101041,227,100757,227,101065,100,100157,200,101066,100,100130,100,101069,100,100093,36,101073,100,100074,100,101143,100,100051,49,101237,100,99993,100,101273,100,99986,100,101384,100,99979,100
2019-06-28 09:46:40.000000000,101024,354,100817,354,101041,100,100757,100,101065,100,100157,200,101066,100,100130,100,101069,100,100093,36,101073,100,100074,100,101143,100,100051,49,101237,100,99993,100,101273,100,99986,100,101384,100,99979,100
2019-06-28 09:46:50.000000000,101024,151,100817,151,101041,151,100757,151,101065,151,100157,251,101066,151,100130,151,101069,151,100093,87,101073,100,100074,100,101143,100,100051,49,101237,100,99993,100,101273,100,99986,100,101384,100,99979,100
2019-06-28 09:46:56.276970324,101024,51,100817,151,101041,151,100757,151,101065,151,100157,251,101066,151,100130,151,101069,151,100093,87,101073,100,100074,100,101143,100,100051,49,101237,100,99993,100,101273,100,99986,100,101384,100,99979,100
2019-06-28 09:47:00.000000000,101041,151,100817,151,101065,151,100757,151,101066,151,100157,251,101069,151,100130,151,101073,151,100093,87,101143,100,100074,100,101237,100,100051,49,101273,100,99993,100,101384,100,99986,100,,,99979,100
2019-06-28 09:47:04.326429353,101041,51,100817,151,101065,151,100757,151,101066,151,100157,251,101069,151,100130,151,101073,151,100093,87,101143,100,100074,100,101237,100,100051,49,101273,100,99993,100,101384,100,99986,100,,,99979,100
2019-06-28 09:47:09.000490825,101065,151,101041,49,101066,151,100817,151,101069,151,100757,151,101073,151,100157,251,101143,100,100130,151,101237,100,100093,87,101273,100,100074,100,101384,100,100051,49,,,99993,100,,,99986,100
2019-06-28 09:47:10.000000000,101065,164,101041,113,101066,164,100817,164,101069,164,100757,164,101073,164,100157,264,101143,100,100130,100,101237,100,100093,36,101273,100,100074,100,101384,100,100051,49,,,99993,100,,,99986,100
2019-06-28 09:47:20.000000000,101065,164,101041,113,101066,164,100817,164,101069,164,100757,164,101073,164,100157,264,101143,100,100130,100,101237,100,100093,36,101273,100,100074,100,101384,100,100051,49,,,99993,100,,,99986,100
2019-06-28 09:47:30.000000000,101065,186,101041,135,101066,184,100817,184,101069,184,100757,184,101073,100,100157,200,101143,100,100130,100,101237,100,100093,36,101273,100,100074,100,101384,100,100051,49,,,99993,100,,,99986,100
2019-06-28 09:47:30.064280379,101065,186,101041,135,101066,184,100817,184,101069,184,100757,184,101073,100,100157,200,101143,100,100130,100,101237,100,100093,36,101273,100,100074,100,101384,100,100051,49,,,99993,100,,,99979,100
2019-06-28 09:47:32.945443971,101065,186,101041,235,101066,184,100817,184,101069,184,100757,184,101073,100,100157,200,101143,100,100130,100,101237,100,100093,36,101273,100,100074,100,101384,100,100051,49,,,99993,100,,,99979,100
2019-06-28 09:47:40.000000000,101065,164,101041,213,101066,164,100817,164,101069,164,100757,164,101073,164,100157,264,101143,100,100130,100,101237,100,100093,36,101273,100,100074,100,101384,100,100051,49,,,99993,100,,,99979,100
2019-06-28 09:47:42.586101262,101065,164,101041,313,101066,164,100817,164,101069,164,100757,164,101073,164,100157,264,101143,100,100130,100,101237,100,100093,36,101273,100,100074,100,101384,100,100051,49,,,99993,100,,,99979,100
2019-06-28 09:47:45.586601670,101065,64,101041,313,101066,64,100817,164,101069,164,100757,164,101073,164,100157,264,101143,100,100130,100,101237,100,100093,36,101273,100,100074,100,101384,100,100051,49,,,99993,100,,,99979,100
2019-06-28 09:47:50.000000000,101069,151,101041,300,101073,151,100817,151,101143,151,100757,151,101237,151,100157,251,101273,151,100130,151,101384,100,100093,36,,,100074,100,,,100051,49,,,99993,100,,,99979,100
2019-06-28 09:48:00.000000000,101069,186,101041,335,101073,184,100817,184,101143,184,100757,184,101237,100,100157,200,101273,100,100130,100,101384,100,100093,36,,,100074,100,,,100051,49,,,99993,100,,,99979,100
2019-06-28 09:48:03.206310323,101069,86,101041,335,101073,184,100817,184,101143,184,100757,184,101237,100,100157,200,101273,100,100130,100,101384,100,100093,36,,,100074,100,,,100051,49,,,99993,100,,,99979,100
2019-06-28 09:48:03.966642472,101069,86,101041,335,101073,184,100817,184,101143,184,100757,184,101237,100,100157,200,101273,100,100093,36,101384,100,100074,100,,,100051,49,,,99993,100,,,99979,100,,,99975,100
2019-06-28 09:48:10.000000000,101073,227,101041,376,101143,227,100817,227,101237,100,100757,100,101273,100,100157,200,101384,100,100093,36,,,100074,100,,,100051,49,,,99993,100,,,99979,100,,,99975,100
2019-06-28 09:48:20.000000000,101073,186,101041,335,101143,184,100817,184,101237,184,100757,184,101273,100,100157,200,101384,100,100093,36,,,100074,100,,,100051,49,,,99993,100,,,99979,100,,,99975,100
2019-06-28 09:48:30.000000000,101073,354,101041,503,101143,100,100817,100,101237,100,100757,100,101273,100,100157,200,101384,100,100093,36,,,100074,100,,,100051,49,,,99993,100,,,99979,100,,,99975,100
2019-06-28 09:48:40.000000000,101073,227,101041,376,101143,227,100817,227,101237,100,100757,100,101273,100,100157,200,101384,100,100093,36,,,100074,100,,,100051,49,,,99993,100,,,99979,100,,,99975,100
2019-06-28 09:48:50.000000000,101073,186,101041,335,101143,184,100817,184,101237,184,100757,184,101273,100,100157,200,101384,100,100093,36,,,100074,100,,,100051,49,,,99993,100,,,99979,100,,,99975,100
2019-06-28 09:49:00.000000000,101073,354,101041,503,101143,100,100817,100,101237,100,100757,100,101273,100,100157,200,101384,100,100093,36,,,100074,100,,,100051,49,,,99993,100,,,99979,100,,,99975,100
2019-06-28 09:49:10.000000000,101073,151,101041,300,101143,151,100817,151,101237,151,100757,151,101273,151,100157,251,101384,151,100093,87,,,100074,100,,,100051,49,,,99993,100,,,99979,100,,,99975,100
2019-06-28 09:49:20.000000000,101073,164,101041,313,101143,164,100817,164,101237,164,100757,164,101273,164,100157,264,101384,100,100093,36,,,100074,100,,,100051,49,,,99993,100,,,99979,100,,,99975,100
2019-06-28 09:49:24.404873334,101073,164,101041,313,101143,164,100817,164,101237,164,100757,164,101273,164,100157,264,101317,100,100093,36,101384,100,100074,100,,,100051,49,,,99993,100,,,99979,100,,,99975,100
2019-06-28 09:49:28.808775280,101073,164,101041,313,101143,164,100817,164,101237,164,100757,164,101273,164,100157,264,101317,100,100093,36,101384,100,100074,100,101487,100,99993,100,,,99979,100,,,99975,100,,,99949,100
2019-06-28 09:49:30.000000000,101073,164,101041,313,101143,164,100817,164,101237,164,100757,164,101273,164,100157,264,101317,100,100093,36,101384,100,100074,100,101487,100,99993,100,,,99979,100,,,99975,100,,,99949,100
2019-06-28 09:49:36.656296069,101073,64,101041,313,101143,164,100817,164,101237,164,100757,164,101273,164,100157,264,101317,100,100093,36,101384,100,100074,100,101487,100,99993,100,,,99979,100,,,99975,100,,,99949,100
2019-06-28 09:49:40.000000000,101143,227,101041,376,101237,227,100817,227,101273,100,100757,100,101317,100,100157,200,101384,100,100093,36,101487,100,100074,100,,,99993,100,,,99979,100,,,99975,100,,,99949,100
2019-06-28 09:49:50.000000000,101143,186,101041,335,101237,184,100817,184,101273,184,100757,184,101317,100,100157,200,101384,100,100093,36,101487,100,100074,100,,,99993,100,,,99979,100,,,99975,100,,,99949,100
2019-06-28 09:50:00.000000000,101143,151,101041,300,101237,151,100817,151,101273,151,100757,151,101317,151,100157,251,101384,151,100093,87,101487,100,100074,100,,,99993,100,,,99979,100,,,99975,100,,,99949,100
2019-06-28 09:50:01.689907288,101143,151,101069,100,101237,151,101041,300,101273,151,100817,151,101317,151,100757,151,101384,151,100157,251,101487,100,100093,87,,,100074,100,,,99993,100,,,99979,100,,,99975,100
2019-06-28 09:50:05.951671596,101143,151,101041,300,101237,151,100817,151,101273,151,100757,151,101317,151,100157,251,101384,151,100093,87,101487,100,100074,100,,,99993,100,,,99979,100,,,99975,100,,,99949,100
2019-06-28 09:50:06.242072066,101143,151,101069,100,101237,151,101041,300,101273,151,100817,151,101317,151,100757,151,101384,151,100157,251,101487,100,100093,87,,,100074,100,,,99993,100,,,99979,100,,,99975,100
2019-06-28 09:50:10.000000000,101143,164,101069,164,101237,164,101041,313,101273,164,100817,164,101317,164,100757,164,101384,100,100157,200,101487,100,100093,36,,,100074,100,,,99993,100,,,99979,100,,,99975,100
2019-06-28 09:50:15.952668660,101143,164,101069,64,101237,164,101041,313,101273,164,100817,164,101317,164,100757,164,101384,100,100157,200,101487,100,100093,36,,,100074,100,,,99993,100,,,99979,100,,,99975,100
2019-06-28 09:50:20.000000000,101143,354,101041,503,101237,100,100817,100,101273,100,100757,100,101317,100,100157,200,101384,100,100093,36,101487,100,100074,100,,,99993,100,,,99979,100,,,99975,100,,,99949,100
2019-06-28 09:50:30.000000000,101143,164,101041,313,101237,164,100817,164,101273,164,100757,164,101317,164,100157,264,101384,100,100093,36,101487,100,100074,100,,,99993,100,,,99979,100,,,99975,100,,,99949,100
2019-06-28 09:50:40.000000000,101143,151,101041,300,101237,151,100817,151,101273,151,100757,151,101317,151,100157,251,101384,151,100093,87,101487,100,100074,100,,,99993,100,,,99979,100,,,99975,100,,,99949,100
2019-06-28 09:50:50.000000000,101143,151,101041,300,101237,151,100817,151,101273,151,100757,151,101317,151,100157,251,101384,151,100093,87,101487,100,100074,100,,,99993,100,,,99979,100,,,99975,100,,,99949,100
2019-06-28 09:50:54.691098270,101143,151,101070,100,101237,151,101041,300,101273,151,100817,151,101317,151,100757,151,101384,151,100157,251,101487,100,100093,87,,,100074,100,,,99993,100,,,99979,100,,,99975,100
2019-06-28 09:51:00.000000000,101143,227,101070,227,101237,227,101041,376,101273,100,100817,100,101317,100,100757,100,101384,100,100157,200,101487,100,100093,36,,,100074,100,,,99993,100,,,99979,100,,,99975,100
2019-06-28 09:51:10.000000000,101143,164,101070,164,101237,164,101041,313,101273,164,100817,164,101317,164,100757,164,101384,100,100157,200,101487,100,100093,36,,,100074,100,,,99993,100,,,99979,100,,,99975,100
2019-06-28 09:51:17.504291114,101143,164,101070,64,101237,164,101041,313,101273,164,100817,164,101317,164,100757,64,101384,100,100157,200,101487,100,100093,36,,,100074,100,,,99993,100,,,99979,100,,,99975,100
2019-06-28 09:51:20.000000000,101143,164,101041,313,101237,164,100817,164,101273,164,100157,264,101317,164,100093,100,101384,100,100074,100,101487,100,99993,100,,,99979,100,,,99975,100,,,99949,100,,,99939,100
2019-06-28 09:51:30.000000000,101143,354,101041,503,101237,100,100817,100,101273,100,100157,200,101317,100,100093,36,101384,100,100074,100,101487,100,99993,100,,,99979,100,,,99975,100,,,99949,100,,,99939,100
2019-06-28 09:51:33.929749176,101143,354,101041,403,101237,100,100817,100,101273,100,100157,200,101317,100,100093,36,101487,100,100074,100,,,99993,100,,,99979,100,,,99975,100,,,99949,100,,,99939,100
2019-06-28 09:51:40.000000000,101143,186,101041,235,101237,184,100817,184,101273,184,100157,284,101317,100,100093,36,101487,100,100074,100,,,99993,100,,,99979,100,,,99975,100,,,99949,100,,,99939,100
2019-06-28 09:51:45.706354588,101143,186,101041,135,101237,184,100817,184,101273,184,100157,284,101317,100,100093,36,101487,100,100074,100,,,99993,100,,,99979,100,,,99975,100,,,99949,100,,,99939,100
2019-06-28 09:51:50.000000000,101143,186,101041,135,101237,184,100817,184,101273,184,100157,284,101317,100,100093,36,101487,100,100074,100,,,99993,100,,,99979,100,,,99975,100,,,99949,100,,,99939,100
2019-06-28 09:51:50.305300866,101143,186,101041,135,101237,184,100873,100,101273,184,100817,184,101317,100,100157,284,101487,100,100093,36,,,100074,100,,,99993,100,,,99979,100,,,99975,100,,,99949,100
2019-06-28 09:52:00.000000000,101143,186,101041,135,101237,184,100873,184,101273,184,100817,184,101317,100,100157,200,101487,100,100093,36,,,100074,100,,,99993,100,,,99979,100,,,99975,100,,,99949,100
2019-06-28 09:52:05.723923236,101143,186,101041,35,101237,184,100873,184,101273,184,100817,184,101317,100,100157,200,101487,100,100074,100,,,99993,100,,,99979,100,,,99975,100,,,99949,100,,,99939,100
2019-06-28 09:52:10.000000000,101143,186,100873,186,101237,184,100817,184,101273,184,100157,284,101317,100,100074,100,101487,100,99993,100,,,99979,100,,,99975,100,,,99949,100,,,99939,100,,,99927,100
2019-06-28 09:52:20.000000000,101143,186,100873,186,101237,184,100817,184,101273,184,100157,284,101317,100,100074,100,101487,100,99993,100,,,99979,100,,,99975,100,,,99949,100,,,99939,100,,,99927,100
2019-06-28 09:52:30.000000000,101143,227,100873,227,101237,227,100817,227,101273,100,100157,200,101317,100,100074,100,101487,100,99993,100,,,99979,100,,,99975,100,,,99949,100,,,99939,100,,,99927,100
2019-06-28 09:52:40.000000000,101143,227,100873,227,101237,227,100817,227,101273,100,100157,200,101317,100,100074,100,101487,100,99993,100,,,99979,100,,,99975,100,,,99949,100,,,99939,100,,,99927,100
2019-06-28 09:52:50.000000000,101143,186,100873,186,101237,184,100817,184,101273,184,100157,284,101317,100,100074,100,101487,100,99993,100,,,99979,100,,,99975,100,,,99949,100,,,99939,100,,,99927,100
2019-06-28 09:52:52.388301885,101040,100,100873,186,101143,186,100817,184,101237,184,100157,284,101273,184,100074,100,101317,100,99993,100,101487,100,99979,100,,,99975,100,,,99949,100,,,99939,100,,,99927,100
2019-06-28 09:53:00.000000000,101040,227,100873,227,101143,227,100817,227,101237,100,100157,200,101273,100,100074,100,101317,100,99993,100,101487,100,99979,100,,,99975,100,,,99949,100,,,99939,100,,,99927,100
2019-06-28 09:53:10.000000000,101040,354,100873,354,101143,100,100817,100,101237,100,100157,200,101273,100,100074,100,101317,100,99993,100,101487,100,99979,100,,,99975,100,,,99949,100,,,99939,100,,,99927,100
2019-06-28 09:53:20.000000000,101040,164,100873,164,101143,164,100817,164,101237,164,100157,264,101273,164,100074,164,101317,100,99993,100,101487,100,99979,100,,,99975,100,,,99949,100,,,99939,100,,,99927,100
2019-06-28 09:53:30.000000000,101040,227,100873,227,101143,227,100817,227,101237,100,100157,200,101273,100,100074,100,101317,100,99993,100,101487,100,99979,100,,,99975,100,,,99949,100,,,99939,100,,,99927,100
2019-06-28 09:53:31.805512998,101040,127,100873,227,101143,227,100817,227,101237,100,100157,200,101273,100,100074,100,101317,100,99993,100,101487,100,99979,100,,,99975,100,,,99949,100,,,99939,100,,,99927,100
2019-06-28 09:53:40.000000000,101143,151,100873,151,101237,151,100817,151,101273,151,100157,251,101317,151,100074,151,101487,151,99993,151,,,99979,100,,,99975,100,,,99949,100,,,99939,100,,,99927,100
2019-06-28 09:53:50.000000000,101143,164,100873,164,101237,164,100817,164,101273,164,100157,264,101317,164,100074,164,101487,100,99993,100,,,99979,100,,,99975,100,,,99949,100,,,99939,100,,,99927,100
2019-06-28 09:53:55.672006357,101143,164,100873,164,101237,164,100817,164,101273,164,100157,264,101300,100,100074,164,101317,164,99993,100,101487,100,99979,100,,,99975,100,,,99949,100,,,99939,100,,,99927,100
2019-06-28 09:54:00.000000000,101143,151,100873,151,101237,151,100817,151,101273,151,100157,251,101300,151,100074,151,101317,151,99993,151,101487,100,99979,100,,,99975,100,,,99949,100,,,99939,100,,,99927,100
2019-06-28 09:54:07.564368060,101143,151,100873,51,101237,151,100817,151,101273,151,100157,251,101300,151,100074,151,101317,151,99993,151,101487,100,99979,100,,,99975,100,,,99949,100,,,99939,100,,,99927,100
2019-06-28 09:54:09.899065907,101039,100,100873,51,101143,151,100817,151,101237,151,100157,251,101273,151,100074,151,101300,151,99993,151,101317,151,99979,100,101487,100,99975,100,,,99949,100,,,99939,100,,,99904,100
2019-06-28 09:54:10.000000000,101039,164,100817,164,101143,164,100157,264,101237,164,100074,164,101273,164,99993,164,101300,100,99979,100,101317,100,99975,100,101487,100,99949,100,,,99939,100,,,99904,100,,,99892,100
2019-06-28 09:54:15.925738398,100934,100,100817,164,101039,164,100157,264,101143,164,100074,164,101237,164,99993,164,101273,164,99979,100,101300,100,99975,100,101317,100,99949,100,101487,100,99939,100,,,99904,100,,,99892,100
2019-06-28 09:54:20.000000000,100934,227,100817,227,101039,227,100157,327,101143,100,100074,100,101237,100,99993,100,101273,100,99979,100,101300,100,99975,100,101317,100,99949,100,101487,100,99939,100,,,99904,100,,,99892,100
2019-06-28 09:54:20.402882353,100934,227,100817,227,101039,227,100814,100,101143,100,100157,327,101237,100,100074,100,101273,100,99993,100,101300,100,99979,100,101317,100,99975,100,101487,100,99949,100,,,99939,100,,,99904,100
2019-06-28 09:54:30.000000000,100934,151,100817,151,101039,151,100814,151,101143,151,100157,251,101237,151,100074,151,101273,151,99993,151,101300,100,99979,100,101317,100,99975,100,101487,100,99949,100,,,99939,100,,,99904,100
2019-06-28 09:54:40.000000000,100934,164,100817,164,101039,164,100814,164,101143,164,100157,264,101237,164,100074,164,101273,100,99993,100,101300,100,99979,100,101317,100,99975,100,101487,100,99949,100,,,99939,100,,,99904,100
2019-06-28 09:54:42.952300029,100934,164,100817,164,101039,164,100814,164,101143,164,100601,100,101237,164,100157,264,101273,100,100074,164,101300,100,99993,100,101317,100,99979,100,101487,100,99975,100,,,99949,100,,,99939,100
2019-06-28 09:54:50.000000000,100934,164,100817,164,101039,164,100814,164,101143,164,100601,164,101237,164,100157,264,101273,100,100074,100,101300,100,99993,100,101317,100,99979,100,101487,100,99975,100,,,99949,100,,,99939,100
2019-06-28 09:55:00.000000000,100934,354,100817,354,101039,100,100814,100,101143,100,100601,100,101237,100,100157,200,101273,100,100074,100,101300,100,99993,100,101317,100,99979,100,101487,100,99975,100,,,99949,100,,,99939,100
2019-06-28 09:55:10.000000000,100934,227,100817,227,101039,227,100814,227,101143,100,100601,100,101237,100,100157,200,101273,100,100074,100,101300,100,99993,100,101317,100,99979,100,101487,100,99975,100,,,99949,100,,,99939,100
2019-06-28 09:55:20.000000000,100934,164,100817,164,101039,164,100814,164,101143,164,100601,164,101237,164,100157,264,101273,100,100074,100,101300,100,99993,100,101317,100,99979,100,101487,100,99975,100,,,99949,100,,,99939,100
2019-06-28 09:55:22.424754366,100934,164,100817,164,101039,264,100814,164,101143,164,100601,164,101237,164,100157,264,101273,100,100074,100,101300,100,99993,100,101317,100,99979,100,101487,100,99975,100,,,99949,100,,,99939,100
2019-06-28 09:55:30.000000000,100934,354,100817,354,101039,200,100814,100,101143,100,100601,100,101237,100,100157,200,101273,100,100074,100,101300,100,99993,100,101317,100,99979,100,101487,100,99975,100,,,99949,100,,,99939,100
2019-06-28 09:55:39.207268593,100934,354,100817,354,101039,300,100814,100,101143,100,100601,100,101237,100,100157,100,101273,100,100074,100,101300,100,99993,100,101317,100,99979,100,101487,100,99975,100,,,99949,100,,,99939,100
2019-06-28 09:55:40.000000000,100934,164,100817,164,101039,364,100814,164,101143,164,100601,164,101237,164,100157,164,101273,100,100074,100,101300,100,99993,100,101317,100,99979,100,101487,100,99975,100,,,99949,100,,,99939,100
2019-06-28 09:55:50.000000000,100934,164,100817,164,101039,364,100814,164,101143,164,100601,164,101237,164,100157,164,101273,100,100074,100,101300,100,99993,100,101317,100,99979,100,101487,100,99975,100,,,99949,100,,,99939,100
2019-06-28 09:55:59.581299263,100934,164,100817,64,101039,364,100814,164,101143,164,100601,164,101237,164,100157,164,101273,100,100074,100,101300,100,99993,100,101317,100,99979,100,101487,100,99975,100,,,99949,100,,,99939,100
2019-06-28 09:56:00.000000000,100934,186,100814,186,101039,384,100601,184,101143,184,100157,184,101237,100,100074,100,101273,100,99993,100,101300,100,99979,100,101317,100,99975,100,101487,100,99949,100,,,99939,100,,,99904,100
2019-06-28 09:56:05.295626671,100873,100,100814,186,100934,186,100601,184,101039,384,100157,184,101143,184,100074,100,101237,100,99993,100,101273,100,99979,100,101300,100,99975,100,101317,100,99949,100,101487,100,99939,100,,,99904,100
2019-06-28 09:56:10.000000000,100873,186,100814,186,100934,184,100601,184,101039,384,100157,184,101143,100,100074,100,101237,100,99993,100,101273,100,99979,100,101300,100,99975,100,101317,100,99949,100,101487,100,99939,100,,,99904,100
2019-06-28 09:56:20.000000000,100873,151,100814,151,100934,151,100601,151,101039,351,100157,151,101143,151,100074,151,101237,151,99993,151,101273,100,99979,100,101300,100,99975,100,101317,100,99949,100,101487,100,99939,100,,,99904,100
2019-06-28 09:56:21.748959995,100873,151,100814,51,100934,151,100601,151,101039,351,100157,151,101143,151,100074,151,101237,151,99993,151,101273,100,99979,100,101300,100,99975,100,101317,100,99949,100,101487,100,99939,100,,,99904,100
2019-06-28 09:56:30.000000000,100873,354,100601,354,100934,100,100157,100,101039,300,100074,100,101143,100,99993,100,101237,100,99979,100,101273,100,99975,100,101300,100,99949,100,101317,100,99939,100,101487,100,99904,100,,,99892,100
2019-06-28 09:56:40.000000000,100873,151,100601,151,100934,151,100157,151,101039,351,100074,151,101143,151,99993,151,101237,151,99979,151,101273,100,99975,100,101300,100,99949,100,101317,100,99939,100,101487,100,99904,100,,,99892,100
2019-06-28 09:56:49.840011784,100817,100,100601,151,100873,151,100157,151,100934,151,100074,151,101039,251,99993,151,101143,151,99979,151,101237,151,99975,100,101273,100,99949,100,101300,100,99939,100,101317,100,99904,100,101487,100,99892,100
2019-06-28 09:56:50.000000000,100817,151,100601,151,100873,151,100157,151,100934,151,100074,151,101039,251,99993,151,101143,151,99979,151,101237,100,99975,100,101273,100,99949,100,101300,100,99939,100,101317,100,99904,100,101487,100,99892,100
2019-06-28 09:57:00.000000000,100817,354,100601,354,100873,100,100157,100,100934,100,100074,100,101039,200,99993,100,101143,100,99979,100,101237,100,99975,100,101273,100,99949,100,101300,100,99939,100,101317,100,99904,100,101487,100,99892,100
2019-06-28 09:57:10.000000000,100817,151,100601,151,100873,151,100157,151,100934,151,100074,151,101039,251,99993,151,101143,151,99979,151,101237,100,99975,100,101273,100,99949,100,101300,100,99939,100,101317,100,99904,100,101487,100,99892,100
2019-06-28 09:57:20.000000000,100817,151,100601,151,100873,151,100157,151,100934,151,100074,151,101039,251,99993,151,101143,151,99979,151,101237,100,99975,100,101273,100,99949,100,101300,100,99939,100,101317,100,99904,100,101487,100,99892,100
2019-06-28 09:57:24.307514023,100817,151,100601,51,100873,151,100157,151,100934,151,100074,151,101039,251,99993,151,101143,151,99979,151,101237,100,99975,100,101273,100,99949,100,101300,100,99939,100,101317,100,99904,100,101487,100,99892,100
2019-06-28 09:57:30.000000000,100817,227,100157,227,100873,227,100074,227,100934,100,99993,100,101039,200,99979,100,101143,100,99975,100,101237,100,99949,100,101273,100,99939,100,101300,100,99904,100,101317,100,99892,100,101487,100,99867,100
2019-06-28 09:57:30.971352624,100177,100,100157,227,100817,227,100074,227,100873,227,99993,100,100934,100,99979,100,101039,200,99975,100,101143,100,99949,100,101237,100,99939,100,101273,100,99904,100,101300,100,99892,100,101317,100,99867,100
2019-06-28 09:57:40.000000000,100177,164,100157,164,100817,164,100074,164,100873,164,99993,164,100934,164,99979,164,101039,200,99975,100,101143,100,99949,100,101237,100,99939,100,101273,100,99904,100,101300,100,99892,100,101317,100,99867,100
2019-06-28 09:57:40.771156840,100177,164,100157,164,100814,100,100074,164,100817,164,99993,164,100873,164,99979,164,100934,164,99975,100,101039,200,99949,100,101143,100,99939,100,101237,100,99904,100,101273,100,99892,100,101300,100,99867,100
2019-06-28 09:57:46.993183149,100177,164,100157,164,100814,100,100074,164,100817,164,100029,100,100873,164,99993,164,100934,164,99979,164,101039,200,99975,100,101143,100,99949,100,101237,100,99939,100,101273,100,99904,100,101300,100,99892,100
2019-06-28 09:57:50.000000000,100177,164,100157,164,100814,164,100074,164,100817,164,100029,164,100873,164,99993,164,100934,100,99979,100,101039,200,99975,100,101143,100,99949,100,101237,100,99939,100,101273,100,99904,100,101300,100,99892,100
2019-06-28 09:57:59.804371892,100177,164,100157,164,100241,100,100074,164,100814,164,100029,164,100817,164,99993,164,100873,164,99979,100,100934,100,99975,100,101039,200,99949,100,101143,100,99939,100,101237,100,99904,100,101273,100,99892,100
2019-06-28 09:58:00.000000000,100177,164,100157,164,100241,164,100074,164,100814,164,100029,164,100817,164,99993,164,100873,100,99979,100,100934,100,99975,100,101039,200,99949,100,101143,100,99939,100,101237,100,99904,100,101273,100,99892,100
2019-06-28 09:58:05.484521222,100177,164,100157,64,100241,164,100074,164,100814,164,100029,164,100817,164,99993,164,100873,100,99979,100,100934,100,99975,100,101039,200,99949,100,101143,100,99939,100,101237,100,99904,100,101273,100,99892,100
2019-06-28 09:58:10.000000000,100177,151,100074,151,100241,151,100029,151,100814,151,99993,151,100817,151,99979,151,100873,151,99975,151,100934,100,99949,100,101039,200,99939,100,101143,100,99904,100,101237,100,99892,100,101273,100,99867,100
2019-06-28 09:58:20.000000000,100177,227,100074,227,100241,227,100029,227,100814,100,99993,100,100817,100,99979,100,100873,100,99975,100,100934,100,99949,100,101039,200,99939,100,101143,100,99904,100,101237,100,99892,100,101273,100,99867,100
2019-06-28 09:58:30.000000000,100177,227,100074,227,100241,227,100029,227,100814,100,99993,100,100817,100,99979,100,100873,100,99975,100,100934,100,99949,100,101039,200,99939,100,101143,100,99904,100,101237,100,99892,100,101273,100,99867,100
2019-06-28 09:58:40.000000000,100177,186,100074,186,100241,184,100029,184,100814,184,99993,184,100817,100,99979,100,100873,100,99975,100,100934,100,99949,100,101039,200,99939,100,101143,100,99904,100,101237,100,99892,100,101273,100,99867,100
2019-06-28 09:58:50.000000000,100177,164,100074,164,100241,164,100029,164,100814,164,99993,164,100817,164,99979,164,100873,100,99975,100,100934,100,99949,100,101039,200,99939,100,101143,100,99904,100,101237,100,99892,100,101273,100,99867,100
2019-06-28 09:59:00.000000000,100177,164,100074,164,100241,164,100029,164,100814,164,99993,164,100817,164,99979,164,100873,100,99975,100,100934,100,99949,100,101039,200,99939,100,101143,100,99904,100,101237,100,99892,100,101273,100,99867,100
2019-06-28 09:59:07.560159636,100177,164,100074,164,100241,164,100029,164,100814,164,99993,164,100817,164,99992,100,100873,100,99979,164,100934,100,99975,100,101039,200,99949,100,101143,100,99939,100,101237,100,99904,100,101273,100,99892,100
2019-06-28 09:59:10.000000000,100177,164,100074,164,100241,164,100029,164,100814,164,99993,164,100817,164,99992,164,100873,100,99979,100,100934,100,99975,100,101039,200,99949,100,101143,100,99939,100,101237,100,99904,100,101273,100,99892,100
2019-06-28 09:59:16.722662178,100177,64,100074,164,100241,164,100029,164,100814,164,99993,164,100817,164,99992,164,100873,100,99979,100,100934,100,99975,100,101039,200,99949,100,101143,100,99939,100,101237,100,99904,100,101273,100,99892,100
2019-06-28 09:59:17.882013627,100177,64,100074,164,100241,164,100029,164,100443,100,99993,164,100814,164,99992,164,100817,164,99979,100,100873,100,99975,100,100934,100,99949,100,101039,200,99939,100,101143,100,99904,100,101237,100,99892,100
2019-06-28 09:59:20.000000000,100241,164,100074,164,100443,164,100029,164,100814,164,99993,164,100817,164,99992,164,100873,100,99979,100,100934,100,99975,100,101039,200,99949,100,101143,100,99939,100,101237,100,99904,100,101273,100,99892,100
2019-06-28 09:59:25.828934616,100241,164,100075,100,100443,164,100074,164,100814,164,100029,164,100817,164,99993,164,100873,100,99992,164,100934,100,99979,100,101039,200,99975,100,101143,100,99949,100,101237,100,99939,100,101273,100,99904,100
2019-06-28 09:59:30.000000000,100241,354,100075,354,100443,100,100074,100,100814,100,100029,100,100817,100,99993,100,100873,100,99992,100,100934,100,99979,100,101039,200,99975,100,101143,100,99949,100,101237,100,99939,100,101273,100,99904,100
2019-06-28 09:59:39.459788966,100241,354,100158,100,100443,100,100075,354,100814,100,100074,100,100817,100,100029,100,100873,100,99993,100,100934,100,99992,100,101039,200,99979,100,101143,100,99975,100,101237,100,99949,100,101273,100,99939,100
2019-06-28 09:59:40.000000000,100241,151,100158,151,100443,151,100075,151,100814,151,100074,151,100817,151,100029,151,100873,151,99993,151,100934,100,99992,100,101039,200,99979,100,101143,100,99975,100,101237,100,99949,100,101273,100,99939,100
2019-06-28 09:59:50.000000000,100241,354,100158,354,100443,100,100075,100,100814,100,100074,100,100817,100,100029,100,100873,100,99993,100,100934,100,99992,100,101039,200,99979,100,101143,100,99975,100,101237,100,99949,100,101273,100,99939,100
2019-06-28 10:00:00.000000000,100241,164,100158,164,100443,164,100075,164,100814,164,100074,164,100817,164,100029,164,100873,100,99993,100,100934,100,99992,100,101039,200,99979,100,101143,100,99975,100,101237,100,99949,100,101273,100,99939,100
2019-06-28 10:00:06.460593033,100176,100,100158,164,100241,164,100075,164,100443,164,100074,164,100814,164,100029,164,100817,164,99993,100,100873,100,99992,100,100934,100,99979,100,101039,200,99975,100,101143,100,99949,100,101237,100,99939,100
2019-06-28 10:00:10.000000000,100176,151,100158,151,100241,151,100075,151,100443,151,100074,151,100814,151,100029,151,100817,151,99993,151,100873,100,99992,100,100934,100,99979,100,101039,200,99975,100,101143,100,99949,100,101237,100,99939,100
2019-06-28 10:00:14.666798666,100176,151,100158,151,100241,151,100075,151,100443,151,100074,151,100814,151,100029,151,100817,151,99993,151,100873,100,99992,100,100934,100,99979,100,101039,200,99975,100,101143,100,99949,100,101237,100,99939,100
2019-06-28 10:00:20.000000000,100176,354,100158,354,100241,100,100075,100,100443,100,100074,100,100814,100,100029,100,100817,100,99993,100,100873,100,99992,100,100934,100,99979,100,101039,200,99975,100,101143,100,99949,100,101237,100,99939,100
2019-06-28 10:00:30.000000000,100176,164,100158,164,100241,164,100075,164,100443,164,100074,164,100814,164,100029,164,100817,100,99993,100,100873,100,99992,100,100934,100,99979,100,101039,200,99975,100,101143,100,99949,100,101237,100,99939,100
2019-06-28 10:00:32.487888018,100176,164,100158,164,100241,164,100075,164,100443,164,100074,164,100814,164,100029,164,100817,100,99993,100,100873,100,99992,100,100934,100,99979,100,101039,200,99975,100,101143,100,99949,100,101237,100,99939,100
2019-06-28 10:00:40.000000000,100176,164,100158,164,100241,164,100075,164,100443,164,100074,164,100814,164,100029,164,100817,100,99993,100,100873,100,99992,100,100934,100,99979,100,101039,200,99975,100,101143,100,99949,100,101237,100,99939,100
2019-06-28 10:00:50.000000000,100176,227,100158,227,100241,227,100075,227,100443,100,100074,100,100814,100,100029,100,100817,100,99993,100,100873,100,99992,100,100934,100,99979,100,101039,200,99975,100,101143,100,99949,100,101237,100,99939,100
2019-06-28 10:00:58.374677433,100176,227,100158,227,100241,227,100075,227,100443,100,100074,100,100814,100,100029,100,100817,100,99992,100,100873,100,99979,100,100934,100,99975,100,101039,200,99949,100,101143,100,99939,100,101237,100,99904,100
2019-06-28 10:01:00.000000000,100176,186,100158,186,100241,184,100075,184,100443,184,100074,184,100814,100,100029,100,100817,100,99992,100,100873,100,99979,100,100934,100,99975,100,101039,200,99949,100,101143,100,99939,100,101237,100,99904,100
2019-06-28 10:01:10.000000000,100176,164,100158,164,100241,164,100075,164,100443,164,100074,164,100814,164,100029,164,100817,100,99992,100,100873,100,99979,100,100934,100,99975,100,101039,200,99949,100,101143,100,99939,100,101237,100,99904,100
2019-06-28 10:01:11.565576402,100176,164,100158,164,100241,164,100075,164,100443,164,100074,164,100814,164,100029,164,100817,100,99992,100,100873,100,99979,100,100934,100,99975,100,101039,200,99949,100,101143,100,99939,100,101237,100,99904,100
2019-06-28 10:01:14.325030527,100176,264,100158,164,100241,164,100075,164,100443,164,100074,164,100814,164,100029,164,100817,100,99992,100,100873,100,99979,100,100934,100,99975,100,101039,200,99949,100,101143,100,99939,100,101237,100,99904,100
2019-06-28 10:01:18.317227718,100176,264,100158,64,100241,64,100075,164,100443,164,100074,164,100814,164,100029,164,100817,100,99992,100,100873,100,99979,100,100934,100,99975,100,101039,200,99949,100,101143,100,99939,100,101237,100,99904,100
2019-06-28 10:01:20.000000000,100176,327,100075,227,100443,227,100074,227,100814,100,100029,100,100817,100,99992,100,100873,100,99979,100,100934,100,99975,100,101039,200,99949,100,101143,100,99939,100,101237,100,99904,100,101273,100,99892,100
2019-06-28 10:01:22.925704060,100176,327,100075,127,100443,127,100074,227,100814,100,100029,100,100817,100,99992,100,100873,100,99979,100,100934,100,99975,100,101039,200,99949,100,101143,100,99939,100,101237,100,99904,100,101273,100,99892,100
2019-06-28 10:01:30.000000000,100176,251,100074,151,100814,151,100029,151,100817,151,99992,151,100873,151,99979,151,100934,151,99975,151,101039,200,99949,100,101143,100,99939,100,101237,100,99904,100,101273,100,99892,100,101300,100,99867,100
2019-06-28 10:01:40.000000000,100176,286,100074,186,100814,184,100029,184,100817,184,99992,184,100873,100,99979,100,100934,100,99975,100,101039,200,99949,100,101143,100,99939,100,101237,100,99904,100,101273,100,99892,100,101300,100,99867,100
2019-06-28 10:01:50.000000000,100176,286,100074,186,100814,184,100029,184,100817,184,99992,184,100873,100,99979,100,100934,100,99975,100,101039,200,99949,100,101143,100,99939,100,101237,100,99904,100,101273,100,99892,100,101300,100,99867,100
2019-06-28 10:02:00.000000000,100176,286,100074,186,100814,184,100029,184,100817,184,99992,184,100873,100,99979,100,100934,100,99975,100,101039,200,99949,100,101143,100,99939,100,101237,100,99904,100,101273,100,99892,100,101300,100,99867,100
2019-06-28 10:02:10.000000000,100176,286,100074,186,100814,184,100029,184,100817,184,99992,184,100873,100,99979,100,100934,100,99975,100,101039,200,99949,100,101143,100,99939,100,101237,100,99904,100,101273,100,99892,100,101300,100,99867,100
2019-06-28 10:02:17.197879548,100176,286,100159,100,100814,184,100074,186,100817,184,100029,184,100873,100,99992,184,100934,100,99979,100,101039,200,99975,100,101143,100,99949,100,101237,100,99939,100,101273,100,99904,100,101300,100,99892,100
2019-06-28 10:02:20.000000000,100176,327,100159,227,100814,227,100074,227,100817,100,100029,100,100873,100,99992,100,100934,100,99979,100,101039,200,99975,100,101143,100,99949,100,101237,100,99939,100,101273,100,99904,100,101300,100,99892,100
2019-06-28 10:02:30.000000000,100176,264,100159,164,100814,164,100074,164,100817,164,100029,164,100873,164,99992,164,100934,100,99979,100,101039,200,99975,100,101143,100,99949,100,101237,100,99939,100,101273,100,99904,100,101300,100,99892,100
2019-06-28 10:02:32.867895850,100176,164,100159,164,100814,164,100074,164,100817,164,100029,164,100873,164,99992,164,100934,100,99979,100,101039,200,99975,100,101143,100,99949,100,101237,100,99939,100,101273,100,99904,100,101300,100,99892,100
2019-06-28 10:02:33.336718367,100176,164,100159,164,100274,100,100074,164,100814,164,100029,164,100817,164,99992,164,100873,164,99979,100,100934,100,99975,100,101039,200,99949,100,101237,100,99939,100,101273,100,99904,100,101300,100,99892,100
2019-06-28 10:02:40.000000000,100176,164,100159,164,100274,164,100074,164,100814,164,100029,164,100817,164,99992,164,100873,100,99979,100,100934,100,99975,100,101039,200,99949,100,101237,100,99939,100,101273,100,99904,100,101300,100,99892,100
2019-06-28 10:02:50.000000000,100176,227,100159,227,100274,227,100074,227,100814,100,100029,100,100817,100,99992,100,100873,100,99979,100,100934,100,99975,100,101039,200,99949,100,101237,100,99939,100,101273,100,99904,100,101300,100,99892,100
2019-06-28 10:02:53.663669849,100176,227,100169,100,100274,227,100159,227,100814,100,100074,227,100817,100,100029,100,100873,100,99992,100,100934,100,99979,100,101039,200,99975,100,101237,100,99949,100,101273,100,99939,100,101300,100,99904,100
2019-06-28 10:02:54.127183793,100176,227,100169,100,100258,100,100159,227,100274,227,100074,227,100814,100,100029,100,100817,100,99992,100,100873,100,99979,100,100934,100,99975,100,101039,200,99949,100,101237,100,99939,100,101273,100,99904,100
2019-06-28 10:02:58.076344015,100176,227,100169,100,100255,100,100159,227,100258,100,100074,227,100274,227,100029,100,100814,100,99992,100,100817,100,99979,100,100873,100,99975,100,100934,100,99949,100,101039,200,99939,100,101237,100,99904,100
2019-06-28 10:03:00.000000000,100176,151,100169,151,100255,151,100159,151,100258,151,100074,151,100274,151,100029,151,100814,151,99992,151,100817,100,99979,100,100873,100,99975,100,100934,100,99949,100,101039,200,99939,100,101237,100,99904,100
2019-06-28 10:03:10.000000000,100176,227,100169,227,100255,227,100159,227,100258,100,100074,100,100274,100,100029,100,100814,100,99992,100,100817,100,99979,100,100873,100,99975,100,100934,100,99949,100,101039,200,99939,100,101237,100,99904,100
2019-06-28 10:03:20.000000000,100176,164,100169,164,100255,164,100159,164,100258,164,100074,164,100274,164,100029,164,100814,100,99992,100,100817,100,99979,100,100873,100,99975,100,100934,100,99949,100,101039,200,99939,100,101237,100,99904,100
2019-06-28 10:03:21.976049294,100176,164,100169,64,100255,164,100159,164,100258,164,100074,164,100274,164,100029,164,100814,100,99992,100,100817,100,99979,100,100873,100,99975,100,100934,100,99949,100,101039,200,99939,100,101237,100,99904,100
2019-06-28 10:03:27.101147570,100176,164,100169,64,100255,164,100159,164,100258,164,100074,164,100274,164,100029,164,100814,100,99992,100,100817,100,99979,100,100873,100,99975,100,100934,100,99949,100,101039,200,99939,100,101237,100,99904,100
2019-06-28 10:03:27.864377484,100176,164,100169,64,100185,100,100159,164,100255,164,100074,164,100258,164,100029,164,100274,164,99992,100,100814,100,99979,100,100817,100,99975,100,100873,100,99949,100,100934,100,99939,100,101039,200,99904,100
2019-06-28 10:03:30.000000000,100176,354,100159,354,100185,100,100074,100,100255,100,100029,100,100258,100,99992,100,100274,100,99979,100,100814,100,99975,100,100817,100,99949,100,100873,100,99939,100,100934,100,99904,100,101039,200,99892,100
2019-06-28 10:03:40.000000000,100176,186,100159,186,100185,184,100074,184,100255,184,100029,184,100258,100,99992,100,100274,100,99979,100,100814,100,99975,100,100817,100,99949,100,100873,100,99939,100,100934,100,99904,100,101039,200,99892,100
2019-06-28 10:03:50.000000000,100176,186,100159,186,100185,184,100074,184,100255,184,100029,184,100258,100,99992,100,100274,100,99979,100,100814,100,99975,100,100817,100,99949,100,100873,100,99939,100,100934,100,99904,100,101039,200,99892,100
2019-06-28 10:04:00.000000000,100176,227,100159,227,100185,227,100074,227,100255,100,100029,100,100258,100,99992,100,100274,100,99979,100,100814,100,99975,100,100817,100,99949,100,100873,100,99939,100,100934,100,99904,100,101039,200,99892,100
2019-06-28 10:04:10.000000000,100176,354,100159,354,100185,100,100074,100,100255,100,100029,100,100258,100,99992,100,100274,100,99979,100,100814,100,99975,100,100817,100,99949,100,100873,100,99939,100,100934,100,99904,100,101039,200,99892,100
2019-06-28 10:04:20.000000000,100176,186,100159,186,100185,184,100074,184,100255,184,100029,184,100258,100,99992,100,100274,100,99979,100,100814,100,99975,100,100817,100,99949,100,100873,100,99939,100,100934,100,99904,100,101039,200,99892,100
2019-06-28 10:04:30.000000000,100176,151,100159,151,100185,151,100074,151,100255,151,100029,151,100258,151,99992,151,100274,151,99979,151,100814,100,99975,100,100817,100,99949,100,100873,100,99939,100,100934,100,99904,100,101039,200,99892,100
2019-06-28 10:04:40.000000000,100176,354,100159,354,100185,100,100074,100,100255,100,100029,100,100258,100,99992,100,100274,100,99979,100,100814,100,99975,100,100817,100,99949,100,100873,100,99939,100,100934,100,99904,100,101039,200,99892,100
2019-06-28 10:04:48.829324381,100176,354,100159,354,100185,100,100074,100,100255,100,100029,100,100258,100,99992,100,100274,100,99979,100,100814,100,99975,100,100817,100,99949,100,100873,100,99939,100,100934,100,99904,100,101039,200,99892,100
2019-06-28 10:04:50.000000000,100176,186,100159,186,100185,184,100074,184,100255,184,100029,184,100258,100,99992,100,100274,100,99979,100,100814,100,99975,100,100817,100,99949,100,100873,100,99939,100,100934,100,99904,100,101039,200,99892,100
2019-06-28 10:04:50.791452970,100176,186,100159,186,100185,184,100074,184,100255,184,100029,184,100258,100,99992,100,100274,100,99979,100,100814,100,99975,100,100817,100,99949,100,100873,100,99939,100,100934,100,99918,100,101039,200,99904,100
2019-06-28 10:04:58.303454340,100169,100,100159,186,100176,186,100074,184,100185,184,100029,184,100255,184,99992,100,100258,100,99975,100,100274,100,99949,100,100814,100,99939,100,100817,100,99918,100,100873,100,99904,100,100934,100,99892,100
2019-06-28 10:05:00.000000000,100169,227,100159,227,100176,227,100074,227,100185,100,100029,100,100255,100,99992,100,100258,100,99975,100,100274,100,99949,100,100814,100,99939,100,100817,100,99918,100,100873,100,99904,100,100934,100,99892,100
2019-06-28 10:05:10.000000000,100169,227,100159,227,100176,227,100074,227,100185,100,100029,100,100255,100,99992,100,100258,100,99975,100,100274,100,99949,100,100814,100,99939,100,100817,100,99918,100,100873,100,99904,100,100934,100,99892,100
2019-06-28 10:05:20.000000000,100169,186,100159,186,100176,184,100074,184,100185,184,100029,184,100255,100,99992,100,100258,100,99975,100,100274,100,99949,100,100814,100,99939,100,100817,100,99918,100,100873,100,99904,100,100934,100,99892,100
2019-06-28 10:05:25.200563754,100169,186,100159,186,100176,184,100074,184,100185,184,100068,100,100255,100,100029,184,100258,100,99992,100,100274,100,99975,100,100814,100,99949,100,100817,100,99939,100,100873,100,99918,100,100934,100,99904,100
2019-06-28 10:05:30.000000000,100169,354,100159,354,100176,100,100074,100,100185,100,100068,100,100255,100,100029,100,100258,100,99992,100,100274,100,99975,100,100814,100,99949,100,100817,100,99939,100,100873,100,99918,100,100934,100,99904,100
2019-06-28 10:05:40.000000000,100169,186,100159,186,100176,184,100074,184,100185,184,100068,184,100255,100,100029,100,100258,100,99992,100,100274,100,99975,100,100814,100,99949,100,100817,100,99939,100,100873,100,99918,100,100934,100,99904,100
2019-06-28 10:05:44.286705530,100169,186,100159,86,100176,184,100074,184,100185,184,100068,184,100255,100,100029,100,100258,100,99992,100,100274,100,99975,100,100814,100,99949,100,100817,100,99939,100,100873,100,99918,100,100934,100,99904,100
2019-06-28 10:05:49.174355564,100169,186,100159,86,100176,184,100074,184,100177,100,100068,184,100185,184,100029,100,100255,100,99992,100,100258,100,99975,100,100274,100,99949,100,100814,100,99939,100,100817,100,99918,100,100873,100,99904,100
2019-06-28 10:05:50.000000000,100169,151,100074,151,100176,151,100068,151,100177,151,100029,151,100185,151,99992,151,100255,151,99975,151,100258,100,99949,100,100274,100,99939,100,100814,100,99918,100,100817,100,99904,100,100873,100,99892,100
2019-06-28 10:06:00.000000000,100169,227,100074,227,100176,227,100068,227,100177,100,100029,100,100185,100,99992,100,100255,100,99975,100,100258,100,99949,100,100274,100,99939,100,100814,100,99918,100,100817,100,99904,100,100873,100,99892,100
2019-06-28 10:06:06.317866448,100168,100,100074,227,100169,227,100068,227,100176,227,100029,100,100177,100,99992,100,100185,100,99975,100,100255,100,99949,100,100258,100,99939,100,100274,100,99918,100,100814,100,99904,100,100817,100,99892,100
2019-06-28 10:06:10.000000000,100168,227,100074,227,100169,227,100068,227,100176,100,100029,100,100177,100,99992,100,100185,100,99975,100,100255,100,99949,100,100258,100,99939,100,100274,100,99918,100,100814,100,99904,100,100817,100,99892,100
2019-06-28 10:06:15.207939047,100168,227,100074,127,100169,227,100068,227,100176,100,100029,100,100177,100,99992,100,100185,100,99975,100,100255,100,99949,100,100258,100,99939,100,100274,100,99918,100,100814,100,99904,100,100817,100,99892,100
2019-06-28 10:06:20.000000000,100168,151,100068,151,100169,151,100029,151,100176,151,99992,151,100177,151,99975,151,100185,151,99949,151,100255,100,99939,100,100258,100,99918,100,100274,100,99904,100,100814,100,99892,100,100817,100,99882,100
2019-06-28 10:06:29.417914012,100168,151,100068,151,100169,151,100029,151,100176,151,99992,151,100177,51,99975,151,100185,151,99949,151,100255,100,99939,100,100258,100,99918,100,100274,100,99904,100,100814,100,99892,100,100817,100,99882,100
2019-06-28 10:06:30.000000000,100168,164,100068,164,100169,164,100029,164,100176,164,99992,164,100185,164,99975,164,100255,100,99949,100,100258,100,99939,100,100274,100,99918,100,100814,100,99904,100,100817,100,99892,100,100873,100,99882,100
2019-06-28 10:06:39.204550952,100168,164,100068,164,100169,164,100029,164,100176,164,99992,164,100185,164,99975,164,100255,100,99949,100,100258,100,99939,100,100274,100,99918,100,100814,100,99904,100,100817,100,99892,100,100873,100,99882,100
2019-06-28 10:06:40.000000000,100168,227,100068,227,100169,227,100029,227,100176,100,99992,100,100185,100,99975,100,100255,100,99949,100,100258,100,99939,100,100274,100,99918,100,100814,100,99904,100,100817,100,99892,100,100873,100,99882,100
2019-06-28 10:06:46.408258685,100168,227,100068,227,100169,227,100029,227,100176,100,99992,100,100185,100,99975,100,100216,100,99949,100,100255,100,99939,100,100258,100,99918,100,100274,100,99904,100,100814,100,99892,100,100817,100,99882,100
2019-06-28 10:06:50.000000000,100168,227,100068,227,100169,227,100029,227,100176,100,99992,100,100185,100,99975,100,100216,100,99949,100,100255,100,99939,100,100258,100,99918,100,100274,100,99904,100,100814,100,99892,100,100817,100,99882,100
2019-06-28 10:06:55.304110079,100105,100,100068,227,100168,227,100029,227,100169,227,99992,100,100176,100,99975,100,100185,100,99949,100,100216,100,99939,100,100255,100,99918,100,100258,100,99904,100,100274,100,99892,100,100814,100,99882,100
2019-06-28 10:07:00.000000000,100105,151,100068,151,100168,151,100029,151,100169,151,99992,151,100176,151,99975,151,100185,151,99949,151,100216,100,99939,100,100255,100,99918,100,100258,100,99904,100,100274,100,99892,100,100814,100,99882,100
2019-06-28 10:07:01.238419707,100105,151,100068,151,100159,100,100029,151,100168,151,99992,151,100169,151,99975,151,100176,151,99949,151,100185,151,99939,100,100216,100,99918,100,100255,100,99904,100,100258,100,99892,100,100274,100,99882,100
2019-06-28 10:07:09.706791860,100105,51,100068,151,100159,100,100029,151,100168,151,99992,151,100169,151,99975,151,100176,151,99949,151,100185,151,99918,100,100216,100,99904,100,100255,100,99892,100,100258,100,99882,100,100274,100,99867,100
2019-06-28 10:07:10.000000000,100159,164,100068,164,100168,164,100029,164,100169,164,99992,164,100176,164,99975,164,100185,100,99949,100,100216,100,99918,100,100255,100,99904,100,100258,100,99892,100,100274,100,99882,100,100814,100,99867,100
2019-06-28 10:07:20.000000000,100159,227,100068,227,100168,227,100029,227,100169,100,99992,100,100176,100,99975,100,100185,100,99949,100,100216,100,99918,100,100255,100,99904,100,100258,100,99892,100,100274,100,99882,100,100814,100,99867,100
2019-06-28 10:07:30.000000000,100159,354,100068,354,100168,100,100029,100,100169,100,99992,100,100176,100,99975,100,100185,100,99949,100,100216,100,99918,100,100255,100,99904,100,100258,100,99892,100,100274,100,99882,100,100814,100,99867,100
2019-06-28 10:07:30.540839806,100159,254,100068,354,100168,100,100029,100,100169,100,99992,100,100176,100,99975,100,100185,100,99949,100,100216,100,99918,100,100255,100,99904,100,100258,100,99892,100,100274,100,99882,100,100814,100,99867,100
2019-06-28 10:07:40.000000000,100168,151,100068,151,100169,151,100029,151,100176,151,99992,151,100185,151,99975,151,100216,151,99949,151,100255,100,99918,100,100258,100,99904,100,100274,100,99892,100,100814,100,99882,100,100817,100,99867,100
2019-06-28 10:07:48.021982680,100168,151,100068,151,100169,151,100029,151,100176,151,99992,151,100185,151,99975,151,100216,151,99949,151,100255,100,99918,100,100258,100,99904,100,100274,100,99892,100,100814,100,99882,100,100817,100,99867,100
2019-06-28 10:07:50.000000000,100168,164,100068,164,100169,164,100029,164,100176,164,99992,164,100185,164,99975,164,100216,100,99949,100,100255,100,99918,100,100258,100,99904,100,100274,100,99892,100,100814,100,99882,100,100817,100,99867,100
2019-06-28 10:08:00.000000000,100168,164,100068,164,100169,164,100029,164,100176,164,99992,164,100185,164,99975,164,100216,100,99949,100,100255,100,99918,100,100258,100,99904,100,100274,100,99892,100,100814,100,99882,100,100817,100,99867,100
2019-06-28 10:08:10.000000000,100168,151,100068,151,100169,151,100029,151,100176,151,99992,151,100185,151,99975,151,100216,151,99949,151,100255,100,99918,100,100258,100,99904,100,100274,100,99892,100,100814,100,99882,100,100817,100,99867,100
2019-06-28 10:08:13.768953520,100168,151,100068,151,100169,51,100029,151,100176,151,99992,151,100185,151,99975,151,100216,151,99949,151,100255,100,99918,100,100258,100,99904,100,100274,100,99892,100,100814,100,99882,100,100817,100,99867,100
