,ask_price_1,ask_size_1,bid_price_1,bid_size_1,ask_price_2,ask_size_2,bid_price_2,bid_size_2,ask_price_3,ask_size_3,bid_price_3,bid_size_3,ask_price_4,ask_size_4,bid_price_4,bid_size_4,ask_price_5,ask_size_5,bid_price_5,bid_size_5,ask_price_6,ask_size_6,bid_price_6,bid_size_6,ask_price_7,ask_size_7,bid_price_7,bid_size_7,ask_price_8,ask_size_8,bid_price_8,bid_size_8,ask_price_9,ask_size_9,bid_price_9,bid_size_9,ask_price_10,ask_size_10,bid_price_10,bid_size_10
2019-06-28 09:30:00.000000000,99950,100,,,100061,100,,,100081,100,,,,,,,,,,,,,,,,,,,,,,,,,,,,,,
2019-06-28 09:30:00.000000001,100061,100,,,100081,100,,,,,,,,,,,,,,,,,,,,,,,,,,,,,,,,,,
2019-06-28 09:30:00.000000002,100061,100,100031,100,100081,100,99956,100,,,,,,,,,,,,,,,,,,,,,,,,,,,,,,,,
2019-06-28 09:30:00.000000005,100061,100,100031,100,100081,100,99956,100,,,99885,100,,,,,,,,,,,,,,,,,,,,,,,,,,,,
2019-06-28 09:30:00.000000007,100061,100,100031,100,100081,100,99956,100,100082,100,99886,100,,,99885,100,,,,,,,,,,,,,,,,,,,,,,,,
2019-06-28 09:30:00.000000008,100061,100,100031,100,100081,100,100026,100,100082,100,99956,100,100089,100,99886,100,,,99885,100,,,,,,,,,,,,,,,,,,,,
2019-06-28 09:30:00.000000009,100061,100,100031,100,100078,100,100026,100,100081,100,99956,100,100082,100,99886,100,100089,100,99885,100,,,,,,,,,,,,,,,,,,,,
2019-06-28 09:30:00.000000015,100061,100,100031,100,100078,100,100026,100,100081,100,99956,100,100082,100,99886,100,100089,100,99885,100,100095,100,,,100173,100,,,,,,,,,,,,,,
2019-06-28 09:30:00.000000017,100061,100,100031,100,100078,100,100026,100,100081,100,99956,100,100082,100,99914,100,100089,100,99886,100,100095,100,99885,100,100173,100,,,,,,,,,,,,,,
2019-06-28 09:30:00.000000020,100061,100,100031,100,100078,100,100026,100,100081,100,99956,100,100082,100,99953,100,100089,100,99914,100,100095,100,99886,100,100173,100,99885,100,,,,,,,,,,,,
2019-06-28 09:30:00.000000021,100061,100,100031,100,100075,100,100026,100,100078,100,99956,100,100081,100,99953,100,100082,100,99951,100,100089,100,99914,100,100095,100,99886,100,100173,100,99885,100,,,,,,,,
2019-06-28 09:30:00.000000022,100061,100,100031,100,100075,100,100026,100,100078,100,99956,100,100081,100,99953,100,100082,100,99951,100,100089,100,99914,100,100095,100,99886,100,100173,100,99885,100,,,99869,100,,,,
2019-06-28 09:30:00.000000024,100061,100,100031,100,100075,100,100026,100,100078,100,99956,100,100081,100,99953,100,100082,100,99951,100,100089,100,99914,100,100095,100,99886,100,100137,100,99885,100,100173,100,99869,100,,,,
2019-06-28 09:30:00.000000026,100061,100,100031,100,100075,100,100026,100,100078,100,99956,100,100081,100,99953,100,100082,100,99951,100,100089,100,99914,100,100095,100,99886,100,100125,100,99885,100,100137,100,99869,100,100173,100,,
2019-06-28 09:30:00.000000027,100061,100,100031,100,100075,100,100026,100,100078,100,99956,100,100081,100,99953,100,100082,100,99951,100,100089,100,99914,100,100095,100,99888,100,100125,100,99886,100,100137,100,99885,100,100173,100,99869,100
2019-06-28 09:30:00.000000028,100061,100,100026,100,100075,100,99956,100,100078,100,99953,100,100081,100,99951,100,100082,100,99914,100,100089,100,99888,100,100095,100,99886,100,100125,100,99885,100,100137,100,99869,100,100173,100,,
2019-06-28 09:30:00.000000030,100043,100,100026,100,100061,100,99956,100,100075,100,99953,100,100078,100,99951,100,100081,100,99914,100,100082,100,99888,100,100089,100,99886,100,100095,100,99885,100,100125,100,99869,100,100137,100,,
2019-06-28 09:30:00.000000031,100043,100,100026,100,100046,100,99956,100,100061,100,99953,100,100075,100,99951,100,100078,100,99914,100,100081,100,99888,100,100082,100,99886,100,100089,100,99885,100,100095,100,99869,100,100125,100,,
2019-06-28 09:30:00.000000032,100043,100,100026,100,100046,100,99956,100,100061,100,99953,100,100075,100,99951,100,100078,100,99914,100,100081,100,99888,100,100082,100,99886,100,100089,100,99885,100,100095,100,99869,100,100125,100,,
2019-06-28 09:30:00.000000033,100043,100,100026,100,100046,100,99956,100,100061,100,99953,100,100074,100,99951,100,100075,100,99914,100,100078,100,99888,100,100081,100,99886,100,100082,100,99885,100,100089,100,99869,100,100095,100,,
2019-06-28 09:30:00.000000034,100043,100,100026,100,100046,100,99956,100,100061,100,99953,100,100074,100,99951,100,100075,100,99927,100,100078,100,99914,100,100081,100,99888,100,100082,100,99886,100,100089,100,99885,100,100095,100,99869,100
2019-06-28 09:30:00.000000035,100043,100,100026,100,100046,100,99956,100,100061,100,99953,100,100074,100,99951,100,100075,100,99927,100,100078,100,99914,100,100081,100,99888,100,100082,100,99886,100,100089,100,99885,100,100095,100,99869,100
2019-06-28 09:30:00.000000036,100043,100,100026,100,100046,100,99994,100,100061,100,99956,100,100074,100,99953,100,100075,100,99951,100,100078,100,99927,100,100081,100,99914,100,100082,100,99888,100,100089,100,99886,100,100095,100,99885,100
2019-06-28 09:30:00.000000038,100027,100,100026,100,100043,100,99994,100,100046,100,99956,100,100061,100,99953,100,100074,100,99951,100,100075,100,99927,100,100078,100,99914,100,100081,100,99888,100,100082,100,99886,100,100089,100,99885,100
2019-06-28 09:30:00.000000045,100027,100,100026,100,100043,100,100021,100,100046,100,99994,100,100061,100,99956,100,100074,100,99953,100,100075,100,99951,100,100078,100,99927,100,100081,100,99914,100,100082,100,99888,100,100089,100,99886,100
2019-06-28 09:30:00.000000046,100027,100,100026,100,100043,100,100021,100,100045,100,99994,100,100046,100,99956,100,100061,100,99953,100,100074,100,99951,100,100075,100,99927,100,100078,100,99914,100,100081,100,99888,100,100082,100,99886,100
2019-06-28 09:30:00.000000047,100027,100,100026,100,100043,100,100021,100,100045,100,100002,100,100046,100,99994,100,100061,100,99956,100,100074,100,99953,100,100075,100,99951,100,100078,100,99927,100,100081,100,99914,100,100082,100,99888,100
2019-06-28 09:30:00.000000048,100027,100,100026,100,100043,100,100021,100,100045,100,100002,100,100046,100,99994,100,100061,100,99956,100,100074,100,99953,100,100075,100,99951,100,100078,100,99927,100,100081,100,99914,100,100082,100,99888,100
2019-06-28 09:30:00.000000049,100027,100,100021,100,100043,100,100002,100,100045,100,99994,100,100046,100,99956,100,100061,100,99953,100,100074,100,99951,100,100075,100,99927,100,100078,100,99914,100,100081,100,99888,100,100082,100,99886,100
2019-06-28 09:30:00.000000052,100027,100,100021,100,100031,100,100002,100,100043,100,99994,100,100045,100,99956,100,100046,100,99953,100,100061,100,99951,100,100074,100,99927,100,100075,100,99914,100,100078,100,99888,100,100081,100,99886,100
2019-06-28 09:30:00.000000053,100026,100,100021,100,100027,100,100002,100,100031,100,99994,100,100043,100,99956,100,100045,100,99953,100,100046,100,99951,100,100061,100,99927,100,100074,100,99914,100,100075,100,99888,100,100078,100,99886,100
2019-06-28 09:30:00.000000056,100026,100,100021,100,100027,100,100002,100,100031,100,99994,100,100043,100,99956,100,100045,100,99953,100,100046,100,99951,100,100061,100,99933,100,100074,100,99927,100,100075,100,99914,100,100078,100,99888,100
2019-06-28 09:30:00.000000059,100027,100,100021,100,100031,100,100002,100,100043,100,99994,100,100045,100,99956,100,100046,100,99953,100,100061,100,99951,100,100074,100,99933,100,100075,100,99927,100,100078,100,99914,100,100081,100,99888,100
2019-06-28 09:30:00.000000060,100027,100,100021,100,100031,100,100002,100,100043,100,99994,100,100045,100,99956,100,100046,100,99953,100,100061,100,99951,100,100074,100,99933,100,100075,100,99927,100,100078,100,99914,100,100081,100,99888,100
2019-06-28 09:30:00.000000062,100026,100,100021,100,100027,100,100002,100,100031,100,99994,100,100043,100,99956,100,100045,100,99953,100,100046,100,99951,100,100061,100,99933,100,100074,100,99927,100,100075,100,99914,100,100078,100,99903,100
2019-06-28 09:30:00.000000063,100026,100,100002,100,100027,100,99999,100,100031,100,99994,100,100043,100,99956,100,100045,100,99953,100,100046,100,99951,100,100061,100,99933,100,100074,100,99927,100,100075,100,99914,100,100078,100,99903,100
2019-06-28 09:30:00.000000066,100027,100,100002,100,100031,100,99999,100,100043,100,99994,100,100045,100,99956,100,100046,100,99953,100,100061,100,99951,100,100074,100,99933,100,100075,100,99927,100,100078,100,99914,100,100081,100,99903,100
2019-06-28 09:30:00.000000067,100006,100,100002,100,100027,100,99999,100,100031,100,99994,100,100043,100,99956,100,100045,100,99953,100,100046,100,99951,100,100061,100,99933,100,100074,100,99927,100,100075,100,99914,100,100078,100,99903,100
2019-06-28 09:30:00.000000068,100006,100,100002,100,100027,100,99999,100,100031,100,99994,100,100043,100,99956,100,100045,100,99953,100,100046,100,99951,100,100061,100,99933,100,100074,100,99927,100,100075,100,99914,100,100078,100,99903,100
2019-06-28 09:30:00.000000069,100006,100,99999,100,100027,100,99994,100,100031,100,99956,100,100043,100,99953,100,100045,100,99951,100,100046,100,99933,100,100061,100,99927,100,100074,100,99914,100,100075,100,99903,100,100078,100,99888,100
2019-06-28 09:30:00.000000071,100006,100,99999,100,100023,100,99994,100,100027,100,99956,100,100031,100,99953,100,100043,100,99951,100,100045,100,99933,100,100046,100,99927,100,100061,100,99914,100,100074,100,99903,100,100075,100,99888,100
2019-06-28 09:30:00.000000073,100006,100,100002,100,100023,100,99999,100,100027,100,99994,100,100031,100,99956,100,100043,100,99953,100,100045,100,99951,100,100046,100,99933,100,100061,100,99927,100,100074,100,99914,100,100075,100,99903,100
2019-06-28 09:30:00.000000076,100006,100,100002,100,100023,100,99999,100,100027,100,99994,100,100031,100,99956,100,100043,100,99953,100,100045,100,99951,100,100046,100,99933,100,100061,100,99927,100,100074,100,99914,100,100075,100,99903,100
2019-06-28 09:30:00.000000078,100006,100,100002,100,100023,100,99999,100,100027,100,99994,100,100031,100,99956,100,100043,100,99953,100,100045,100,99951,100,100046,100,99933,100,100061,100,99927,100,100074,100,99914,100,100075,100,99903,100
2019-06-28 09:30:00.000000079,100006,100,100002,100,100023,100,99999,100,100027,100,99994,100,100031,100,99992,100,100043,100,99956,100,100045,100,99953,100,100046,100,99951,100,100061,100,99933,100,100074,100,99927,100,100075,100,99914,100
2019-06-28 09:30:00.000000082,100006,100,99999,100,100023,100,99994,100,100027,100,99992,100,100031,100,99956,100,100043,100,99953,100,100045,100,99951,100,100046,100,99933,100,100061,200,99927,100,100074,100,99914,100,100075,100,99903,100
2019-06-28 09:30:00.000000088,100002,100,99999,100,100006,100,99994,100,100023,100,99992,100,100027,100,99956,100,100031,100,99953,100,100043,100,99951,100,100045,100,99933,100,100046,100,99927,100,100061,200,99914,100,100074,100,99903,100
2019-06-28 09:30:00.000000092,100002,100,99999,100,100006,100,99994,100,100023,100,99992,100,100027,100,99956,100,100031,100,99953,100,100043,100,99951,100,100045,100,99933,100,100046,100,99927,100,100061,200,99914,100,100074,100,99903,100
2019-06-28 09:30:00.000000093,100002,100,99999,100,100006,100,99994,100,100023,100,99992,100,100027,100,99956,100,100031,100,99953,100,100043,100,99951,100,100045,100,99946,100,100046,100,99933,100,100061,200,99927,100,100074,100,99914,100
2019-06-28 09:30:00.000000098,100002,100,99999,100,100006,100,99994,100,100023,100,99992,100,100027,100,99956,100,100031,100,99954,100,100043,100,99953,100,100045,100,99951,100,100046,100,99946,100,100061,200,99933,100,100074,100,99927,100
2019-06-28 09:30:00.000000099,100002,100,99999,100,100006,100,99994,100,100023,100,99992,100,100027,100,99956,100,100031,100,99954,100,100043,100,99953,100,100045,100,99951,100,100046,100,99946,100,100061,200,99939,100,100074,100,99933,100
2019-06-28 09:30:10.000000000,100002,169,99999,169,100006,169,99994,169,100023,169,99992,169,100027,169,99956,169,100031,169,99954,169,100043,100,99953,100,100045,100,99951,100,100046,100,99946,100,100061,200,99939,100,100074,100,99933,100
2019-06-28 09:30:20.000000000,100002,186,99999,186,100006,186,99994,186,100023,186,99992,186,100027,186,99956,186,100031,100,99954,100,100043,100,99953,100,100045,100,99951,100,100046,100,99946,100,100061,200,99939,100,100074,100,99933,100
2019-06-28 09:30:24.494823360,100002,186,99999,186,100006,186,99994,186,100023,186,99992,186,100027,186,99956,186,100031,100,99954,100,100043,100,99953,100,100045,100,99951,100,100046,100,99946,100,100061,200,99939,100,100074,100,99933,100
2019-06-28 09:30:30.000000000,100002,217,99999,217,100006,213,99994,213,100023,213,99992,213,100027,100,99956,100,100031,100,99954,100,100043,100,99953,100,100045,100,99951,100,100046,100,99946,100,100061,200,99939,100,100074,100,99933,100
2019-06-28 09:30:40.000000000,100002,217,99999,217,100006,213,99994,213,100023,213,99992,213,100027,100,99956,100,100031,100,99954,100,100043,100,99953,100,100045,100,99951,100,100046,100,99946,100,100061,200,99939,100,100074,100,99933,100
2019-06-28 09:30:50.000000000,100002,272,99999,272,100006,272,99994,272,100023,100,99992,100,100027,100,99956,100,100031,100,99954,100,100043,100,99953,100,100045,100,99951,100,100046,100,99946,100,100061,200,99939,100,100074,100,99933,100
2019-06-28 09:30:58.627613416,100002,172,99999,272,100006,272,99994,272,100023,100,99992,100,100027,100,99956,100,100031,100,99954,100,100043,100,99953,100,100045,100,99951,100,100046,100,99946,100,100061,200,99939,100,100074,100,99933,100
2019-06-28 09:31:00.000000000,100006,169,99999,169,100023,169,99994,169,100027,169,99992,169,100031,169,99956,169,100043,169,99954,169,100045,100,99953,100,100046,100,99951,100,100061,200,99946,100,100074,100,99939,100,100075,100,99933,100
2019-06-28 09:31:10.000000000,100006,443,99999,443,100023,100,99994,100,100027,100,99992,100,100031,100,99956,100,100043,100,99954,100,100045,100,99953,100,100046,100,99951,100,100061,200,99946,100,100074,100,99939,100,100075,100,99933,100
2019-06-28 09:31:20.000000000,100006,169,99999,169,100023,169,99994,169,100027,169,99992,169,100031,169,99956,169,100043,169,99954,169,100045,100,99953,100,100046,100,99951,100,100061,200,99946,100,100074,100,99939,100,100075,100,99933,100
2019-06-28 09:31:30.000000000,100006,217,99999,217,100023,213,99994,213,100027,213,99992,213,100031,100,99956,100,100043,100,99954,100,100045,100,99953,100,100046,100,99951,100,100061,200,99946,100,100074,100,99939,100,100075,100,99933,100
2019-06-28 09:31:33.282952383,100006,217,99999,217,100023,213,99994,213,100027,213,99992,213,100031,100,99956,100,100043,100,99954,100,100045,100,99953,100,100046,100,99951,100,100061,200,99946,100,100074,100,99939,100,100075,100,99933,100
2019-06-28 09:31:40.000000000,100006,217,99999,217,100023,213,99994,213,100027,213,99992,213,100031,100,99956,100,100043,100,99954,100,100045,100,99953,100,100046,100,99951,100,100061,200,99946,100,100074,100,99939,100,100075,100,99933,100
2019-06-28 09:31:50.000000000,100006,217,99999,217,100023,213,99994,213,100027,213,99992,213,100031,100,99956,100,100043,100,99954,100,100045,100,99953,100,100046,100,99951,100,100061,200,99946,100,100074,100,99939,100,100075,100,99933,100
2019-06-28 09:31:54.041269068,100006,217,100002,100,100023,213,99999,217,100027,213,99994,213,100031,100,99992,213,100043,100,99956,100,100045,100,99954,100,100046,100,99953,100,100061,200,99951,100,100074,100,99946,100,100075,100,99939,100
2019-06-28 09:32:00.000000000,100006,169,100002,169,100023,169,99999,169,100027,169,99994,169,100031,169,99992,169,100043,169,99956,169,100045,100,99954,100,100046,100,99953,100,100061,200,99951,100,100074,100,99946,100,100075,100,99939,100
2019-06-28 09:32:10.000000000,100006,169,100002,169,100023,169,99999,169,100027,169,99994,169,100031,169,99992,169,100043,169,99956,169,100045,100,99954,100,100046,100,99953,100,100061,200,99951,100,100074,100,99946,100,100075,100,99939,100
2019-06-28 09:32:20.000000000,100006,186,100002,186,100023,186,99999,186,100027,186,99994,186,100031,186,99992,186,100043,100,99956,100,100045,100,99954,100,100046,100,99953,100,100061,200,99951,100,100074,100,99946,100,100075,100,99939,100
2019-06-28 09:32:30.000000000,100006,443,100002,443,100023,100,99999,100,100027,100,99994,100,100031,100,99992,100,100043,100,99956,100,100045,100,99954,100,100046,100,99953,100,100061,200,99951,100,100074,100,99946,100,100075,100,99939,100
2019-06-28 09:32:40.000000000,100006,186,100002,186,100023,186,99999,186,100027,186,99994,186,100031,186,99992,186,100043,100,99956,100,100045,100,99954,100,100046,100,99953,100,100061,200,99951,100,100074,100,99946,100,100075,100,99939,100
2019-06-28 09:32:48.486904723,100006,86,100002,186,100023,186,99999,186,100027,186,99994,186,100031,186,99992,186,100043,100,99956,100,100045,100,99954,100,100046,100,99953,100,100061,200,99951,100,100074,100,99946,100,100075,100,99939,100
2019-06-28 09:32:50.000000000,100023,186,100002,186,100027,186,99999,186,100031,186,99994,186,100043,186,99992,186,100045,100,99956,100,100046,100,99954,100,100061,200,99953,100,100074,100,99951,100,100075,100,99946,100,100078,100,99939,100
2019-06-28 09:32:56.609220137,100023,186,100002,186,100027,86,99999,186,100031,186,99994,186,100043,186,99992,186,100045,100,99956,100,100046,100,99954,100,100061,200,99953,100,100074,100,99951,100,100075,100,99946,100,100078,100,99939,100
2019-06-28 09:33:00.000000000,100023,186,100002,186,100031,186,99999,186,100043,186,99994,186,100045,186,99992,186,100046,100,99956,100,100061,200,99954,100,100074,100,99953,100,100075,100,99951,100,100078,100,99946,100,100081,100,99939,100
2019-06-28 09:33:10.000000000,100023,217,100002,217,100031,213,99999,213,100043,213,99994,213,100045,100,99992,100,100046,100,99956,100,100061,200,99954,100,100074,100,99953,100,100075,100,99951,100,100078,100,99946,100,100081,100,99939,100
2019-06-28 09:33:18.811715514,100023,217,100003,100,100031,213,100002,217,100043,213,99999,213,100045,100,99994,213,100046,100,99992,100,100061,200,99956,100,100074,100,99954,100,100075,100,99953,100,100078,100,99951,100,100081,100,99946,100
2019-06-28 09:33:20.000000000,100023,217,100003,217,100031,213,100002,213,100043,213,99999,213,100045,100,99994,100,100046,100,99992,100,100061,200,99956,100,100074,100,99954,100,100075,100,99953,100,100078,100,99951,100,100081,100,99946,100
2019-06-28 09:33:30.000000000,100023,186,100003,186,100031,186,100002,186,100043,186,99999,186,100045,186,99994,186,100046,100,99992,100,100061,200,99956,100,100074,100,99954,100,100075,100,99953,100,100078,100,99951,100,100081,100,99946,100
2019-06-28 09:33:40.000000000,100023,217,100003,217,100031,213,100002,213,100043,213,99999,213,100045,100,99994,100,100046,100,99992,100,100061,200,99956,100,100074,100,99954,100,100075,100,99953,100,100078,100,99951,100,100081,100,99946,100
2019-06-28 09:33:50.000000000,100023,272,100003,272,100031,272,100002,272,100043,100,99999,100,100045,100,99994,100,100046,100,99992,100,100061,200,99956,100,100074,100,99954,100,100075,100,99953,100,100078,100,99951,100,100081,100,99946,100
2019-06-28 09:33:57.267155739,100023,272,100003,272,100031,272,100002,272,100043,100,99999,100,100045,100,99994,100,100046,100,99992,100,100061,200,99956,100,100074,100,99954,100,100075,100,99953,100,100078,100,99951,100,100081,100,99946,100
2019-06-28 09:33:59.775914180,100023,172,100003,272,100031,272,100002,272,100043,100,99999,100,100045,100,99994,100,100046,100,99992,100,100061,200,99956,100,100074,100,99954,100,100075,100,99953,100,100078,100,99951,100,100081,100,99946,100
2019-06-28 09:34:00.000000000,100031,169,100003,169,100043,169,100002,169,100045,169,99999,169,100046,169,99994,169,100061,269,99992,169,100074,100,99956,100,100075,100,99954,100,100078,100,99953,100,100081,100,99951,100,100082,100,99946,100
2019-06-28 09:34:04.725537787,100031,169,100003,169,100043,169,100002,169,100045,169,99999,169,100046,169,99994,169,100061,269,99992,169,100074,100,99956,100,100075,100,99954,100,100081,100,99953,100,100082,100,99951,100,100089,100,99946,100
2019-06-28 09:34:06.419055252,100031,169,100003,169,100043,169,100002,169,100045,169,99999,169,100046,169,99994,169,100061,269,99992,169,100074,100,99956,100,100075,100,99954,100,100081,100,99953,100,100082,100,99951,100,100089,100,99946,100
2019-06-28 09:34:10.000000000,100031,186,100003,186,100043,186,100002,186,100045,186,99999,186,100046,186,99994,186,100061,200,99992,100,100074,100,99956,100,100075,100,99954,100,100081,100,99953,100,100082,100,99951,100,100089,100,99946,100
2019-06-28 09:34:20.000000000,100031,272,100003,272,100043,272,100002,272,100045,100,99999,100,100046,100,99994,100,100061,200,99992,100,100074,100,99956,100,100075,100,99954,100,100081,100,99953,100,100082,100,99951,100,100089,100,99946,100
2019-06-28 09:34:30.000000000,100031,217,100003,217,100043,213,100002,213,100045,213,99999,213,100046,100,99994,100,100061,200,99992,100,100074,100,99956,100,100075,100,99954,100,100081,100,99953,100,100082,100,99951,100,100089,100,99946,100
2019-06-28 09:34:40.000000000,100031,272,100003,272,100043,272,100002,272,100045,100,99999,100,100046,100,99994,100,100061,200,99992,100,100074,100,99956,100,100075,100,99954,100,100081,100,99953,100,100082,100,99951,100,100089,100,99946,100
2019-06-28 09:34:50.000000000,100031,443,100003,443,100043,100,100002,100,100045,100,99999,100,100046,100,99994,100,100061,200,99992,100,100074,100,99956,100,100075,100,99954,100,100081,100,99953,100,100082,100,99951,100,100089,100,99946,100
2019-06-28 09:35:00.000000000,100031,169,100003,169,100043,169,100002,169,100045,169,99999,169,100046,169,99994,169,100061,269,99992,169,100074,100,99956,100,100075,100,99954,100,100081,100,99953,100,100082,100,99951,100,100089,100,99946,100
2019-06-28 09:35:01.294327667,100031,69,100003,169,100043,169,100002,169,100045,169,99999,169,100046,169,99994,169,100061,269,99992,69,100074,100,99956,100,100075,100,99954,100,100081,100,99953,100,100082,100,99951,100,100089,100,99946,100
2019-06-28 09:35:04.207731441,100031,69,100023,100,100043,169,100003,169,100045,169,100002,169,100046,169,99999,169,100061,269,99994,169,100074,100,99992,69,100075,100,99956,100,100081,100,99954,100,100082,100,99953,100,100089,100,99951,100
2019-06-28 09:35:10.000000000,100043,272,100023,272,100045,272,100003,272,100046,100,100002,100,100061,200,99999,100,100074,100,99994,100,100075,100,99956,100,100081,100,99954,100,100082,100,99953,100,100089,100,99951,100,100095,100,99946,100
2019-06-28 09:35:17.530246884,100043,172,100023,272,100045,272,100003,272,100046,100,100002,100,100061,200,99999,100,100074,100,99994,100,100075,100,99956,100,100081,100,99954,100,100082,100,99953,100,100089,100,99951,100,100095,100,99946,100
2019-06-28 09:35:20.000000000,100045,217,100023,217,100046,213,100003,213,100061,313,100002,213,100074,100,99999,100,100075,100,99994,100,100081,100,99956,100,100082,100,99954,100,100089,100,99953,100,100095,100,99951,100,100110,200,99946,100
2019-06-28 09:35:23.730779957,100045,117,100023,217,100046,213,100003,213,100061,313,100002,213,100074,100,99999,100,100075,100,99994,100,100081,100,99956,100,100082,100,99954,100,100089,100,99953,100,100095,100,99951,100,100110,200,99946,100
2019-06-28 09:35:27.625469774,100045,117,100023,217,100046,213,100003,113,100061,313,100002,213,100074,100,99999,100,100075,100,99994,100,100081,100,99956,100,100082,100,99954,100,100089,100,99953,100,100095,100,99951,100,100110,200,99946,100
2019-06-28 09:35:30.000000000,100046,272,100023,272,100061,372,100002,272,100074,100,99999,100,100075,100,99994,100,100081,100,99956,100,100082,100,99954,100,100089,100,99953,100,100095,100,99951,100,100110,200,99946,100,100125,100,99933,100
2019-06-28 09:35:30.330680842,100046,172,100023,272,100061,372,100002,272,100075,100,99999,100,100081,100,99994,100,100082,100,99956,100,100089,100,99954,100,100095,100,99953,100,100110,200,99951,100,100125,100,99946,100,100132,100,99933,100
2019-06-28 09:35:40.000000000,100061,317,100023,217,100075,213,100002,213,100081,213,99999,213,100082,100,99994,100,100089,100,99956,100,100095,100,99954,100,100110,200,99953,100,100125,100,99951,100,100132,100,99946,100,100136,100,99933,100
2019-06-28 09:35:50.000000000,100061,543,100023,443,100075,100,100002,100,100081,100,99999,100,100082,100,99994,100,100089,100,99956,100,100095,100,99954,100,100110,200,99953,100,100125,100,99951,100,100132,100,99946,100,100136,100,99933,100
2019-06-28 09:36:00.000000000,100061,269,100023,169,100075,169,100002,169,100081,169,99999,169,100082,169,99994,169,100089,169,99956,169,100095,100,99954,100,100110,200,99953,100,100125,100,99951,100,100132,100,99946,100,100136,100,99933,100
2019-06-28 09:36:10.000000000,100061,269,100023,169,100075,169,100002,169,100081,169,99999,169,100082,169,99994,169,100089,169,99956,169,100095,100,99954,100,100110,200,99953,100,100125,100,99951,100,100132,100,99946,100,100136,100,99933,100
2019-06-28 09:36:20.000000000,100061,286,100023,186,100075,186,100002,186,100081,186,99999,186,100082,186,99994,186,100089,100,99956,100,100095,100,99954,100,100110,200,99953,100,100125,100,99951,100,100132,100,99946,100,100136,100,99933,100
2019-06-28 09:36:30.000000000,100061,543,100023,443,100075,100,100002,100,100081,100,99999,100,100082,100,99994,100,100089,100,99956,100,100095,100,99954,100,100110,200,99953,100,100125,100,99951,100,100132,100,99946,100,100136,100,99933,100
2019-06-28 09:36:39.625939744,100044,100,100023,443,100061,543,100002,100,100075,100,99999,100,100081,100,99994,100,100082,100,99956,100,100089,100,99954,100,100095,100,99953,100,100110,200,99951,100,100125,100,99946,100,100132,100,99933,100
2019-06-28 09:36:40.000000000,100044,443,100023,443,100061,200,100002,100,100075,100,99999,100,100081,100,99994,100,100082,100,99956,100,100089,100,99954,100,100095,100,99953,100,100110,200,99951,100,100125,100,99946,100,100132,100,99933,100
2019-06-28 09:36:50.000000000,100044,169,100023,169,100061,269,100002,169,100075,169,99999,169,100081,169,99994,169,100082,169,99956,169,100089,100,99954,100,100095,100,99953,100,100110,200,99951,100,100125,100,99946,100,100132,100,99933,100
2019-06-28 09:36:58.753048091,100044,169,100023,169,100061,269,100002,169,100075,169,99999,169,100081,169,99994,169,100082,169,99956,169,100089,100,99954,100,100095,100,99953,100,100110,200,99951,100,100125,100,99946,100,100132,100,99933,100
2019-06-28 09:37:00.000000000,100044,186,100023,186,100061,286,100002,186,100075,186,99999,186,100081,186,99994,186,100082,100,99956,100,100089,100,99954,100,100095,100,99953,100,100110,200,99951,100,100125,100,99946,100,100132,100,99933,100
2019-06-28 09:37:03.960752511,100044,186,100023,86,100061,286,100002,186,100075,186,99999,186,100081,186,99994,186,100082,100,99956,100,100089,100,99954,100,100095,100,99953,100,100110,200,99951,100,100125,100,99946,100,100132,100,99933,100
2019-06-28 09:37:10.000000000,100044,217,100002,217,100061,313,99999,213,100075,213,99994,213,100081,100,99956,100,100082,100,99954,100,100089,100,99953,100,100095,100,99951,100,100110,200,99946,100,100125,100,99933,100,100132,100,99927,100
2019-06-28 09:37:20.000000000,100044,217,100002,217,100061,313,99999,213,100075,213,99994,213,100081,100,99956,100,100082,100,99954,100,100089,100,99953,100,100095,100,99951,100,100110,200,99946,100,100125,100,99933,100,100132,100,99927,100
2019-06-28 09:37:30.000000000,100044,186,100002,186,100061,286,99999,186,100075,186,99994,186,100081,186,99956,186,100082,100,99954,100,100089,100,99953,100,100095,100,99951,100,100110,200,99946,100,100125,100,99933,100,100132,100,99927,100
2019-06-28 09:37:40.000000000,100044,272,100002,272,100061,372,99999,272,100075,100,99994,100,100081,100,99956,100,100082,100,99954,100,100089,100,99953,100,100095,100,99951,100,100110,200,99946,100,100125,100,99933,100,100132,100,99927,100
2019-06-28 09:37:40.770109065,100044,272,100002,172,100061,372,99999,272,100075,100,99994,100,100081,100,99956,100,100082,100,99954,100,100089,100,99953,100,100095,100,99951,100,100110,200,99946,100,100125,100,99933,100,100132,100,99927,100
2019-06-28 09:37:42.045200380,100044,272,100002,172,100061,372,99999,272,100075,100,99994,100,100081,100,99956,100,100082,100,99954,100,100089,100,99953,100,100095,100,99951,100,100110,200,99946,100,100125,100,99933,100,100132,100,99927,100
2019-06-28 09:37:45.996112217,100044,272,100002,72,100061,372,99999,272,100075,100,99994,100,100081,100,99956,100,100082,100,99954,100,100089,100,99953,100,100095,100,99951,100,100110,200,99946,100,100125,100,99933,100,100132,100,99927,100
2019-06-28 09:37:50.000000000,100044,169,99999,169,100061,269,99994,169,100075,169,99956,169,100081,169,99954,169,100082,169,99953,169,100089,100,99951,100,100095,100,99946,100,100110,200,99933,100,100125,100,99927,100,100132,100,99914,100
2019-06-28 09:37:59.538042353,100044,169,100003,100,100061,269,99999,169,100075,169,99994,169,100081,169,99956,169,100082,169,99954,169,100089,100,99953,169,100095,100,99951,100,100110,200,99946,100,100125,100,99933,100,100132,100,99927,100
2019-06-28 09:38:00.000000000,100044,169,100003,169,100061,269,99999,169,100075,169,99994,169,100081,169,99956,169,100082,169,99954,169,100089,100,99953,100,100095,100,99951,100,100110,200,99946,100,100125,100,99933,100,100132,100,99927,100
2019-06-28 09:38:06.596438741,100044,169,100003,169,100061,269,99999,169,100075,169,99994,169,100081,169,99956,169,100082,169,99954,169,100089,100,99953,100,100095,100,99951,100,100110,100,99946,100,100125,100,99933,100,100132,100,99927,100
2019-06-28 09:38:10.000000000,100044,217,100003,217,100061,313,99999,213,100075,213,99994,213,100081,100,99956,100,100082,100,99954,100,100089,100,99953,100,100095,100,99951,100,100110,100,99946,100,100125,100,99933,100,100132,100,99927,100
2019-06-28 09:38:20.000000000,100044,217,100003,217,100061,313,99999,213,100075,213,99994,213,100081,100,99956,100,100082,100,99954,100,100089,100,99953,100,100095,100,99951,100,100110,100,99946,100,100125,100,99933,100,100132,100,99927,100
2019-06-28 09:38:22.306788496,100044,117,100003,217,100061,313,99999,213,100075,213,99994,213,100081,100,99956,100,100082,100,99954,100,100089,100,99953,100,100095,100,99951,100,100110,100,99946,100,100132,100,99933,100,100136,100,99927,100
2019-06-28 09:38:28.699747936,100044,117,100003,217,100061,313,99999,213,100075,213,99994,213,100081,100,99956,100,100082,100,99954,100,100089,100,99953,100,100095,100,99951,100,100116,100,99946,100,100132,100,99933,100,100136,100,99927,100
2019-06-28 09:38:30.000000000,100061,269,100003,169,100075,169,99999,169,100081,169,99994,169,100082,169,99956,169,100089,169,99954,169,100095,100,99953,100,100116,100,99951,100,100132,100,99946,100,100136,100,99933,100,100164,100,99927,100
2019-06-28 09:38:40.000000000,100061,269,100003,169,100075,169,99999,169,100081,169,99994,169,100082,169,99956,169,100089,169,99954,169,100095,100,99953,100,100116,100,99951,100,100132,100,99946,100,100136,100,99933,100,100164,100,99927,100
2019-06-28 09:38:50.000000000,100061,269,100003,169,100075,169,99999,169,100081,169,99994,169,100082,169,99956,169,100089,169,99954,169,100095,100,99953,100,100116,100,99951,100,100132,100,99946,100,100136,100,99933,100,100164,100,99927,100
2019-06-28 09:39:00.000000000,100061,286,100003,186,100075,186,99999,186,100081,186,99994,186,100082,186,99956,186,100089,100,99954,100,100095,100,99953,100,100116,100,99951,100,100132,100,99946,100,100136,100,99933,100,100164,100,99927,100
2019-06-28 09:39:10.000000000,100061,543,100003,443,100075,100,99999,100,100081,100,99994,100,100082,100,99956,100,100089,100,99954,100,100095,100,99953,100,100116,100,99951,100,100132,100,99946,100,100136,100,99933,100,100164,100,99927,100
2019-06-28 09:39:20.000000000,100061,286,100003,186,100075,186,99999,186,100081,186,99994,186,100082,186,99956,186,100089,100,99954,100,100095,100,99953,100,100116,100,99951,100,100132,100,99946,100,100136,100,99933,100,100164,100,99927,100
2019-06-28 09:39:27.001839126,100061,286,100006,100,100075,186,100003,186,100081,186,99999,186,100082,186,99994,186,100089,100,99956,186,100095,100,99954,100,100116,100,99953,100,100132,100,99951,100,100136,100,99946,100,100164,100,99933,100
2019-06-28 09:39:30.000000000,100061,317,100006,217,100075,213,100003,213,100081,213,99999,213,100082,100,99994,100,100089,100,99956,100,100095,100,99954,100,100116,100,99953,100,100132,100,99951,100,100136,100,99946,100,100164,100,99933,100
2019-06-28 09:39:37.794596407,100061,217,100006,217,100075,213,100003,213,100081,213,99999,213,100082,100,99994,100,100089,100,99956,100,100095,100,99954,100,100116,100,99953,100,100132,100,99951,100,100136,100,99946,100,100164,100,99933,100
2019-06-28 09:39:40.000000000,100061,217,100006,217,100075,213,100003,213,100081,213,99999,213,100082,100,99994,100,100089,100,99956,100,100095,100,99954,100,100116,100,99953,100,100132,100,99951,100,100136,100,99946,100,100164,100,99933,100
2019-06-28 09:39:50.000000000,100061,272,100006,272,100075,272,100003,272,100081,100,99999,100,100082,100,99994,100,100089,100,99956,100,100095,100,99954,100,100116,100,99953,100,100132,100,99951,100,100136,100,99946,100,100164,100,99933,100
2019-06-28 09:40:00.000000000,100061,186,100006,186,100075,186,100003,186,100081,186,99999,186,100082,186,99994,186,100089,100,99956,100,100095,100,99954,100,100116,100,99953,100,100132,100,99951,100,100136,100,99946,100,100164,100,99933,100
2019-06-28 09:40:10.000000000,100061,186,100006,186,100075,186,100003,186,100081,186,99999,186,100082,186,99994,186,100089,100,99956,100,100095,100,99954,100,100116,100,99953,100,100132,100,99951,100,100136,100,99946,100,100164,100,99933,100
2019-06-28 09:40:20.000000000,100061,443,100006,443,100075,100,100003,100,100081,100,99999,100,100082,100,99994,100,100089,100,99956,100,100095,100,99954,100,100116,100,99953,100,100132,100,99951,100,100136,100,99946,100,100164,100,99933,100
2019-06-28 09:40:25.603495948,100061,343,100006,443,100075,100,100003,100,100081,100,99999,100,100082,100,99994,100,100089,100,99956,100,100095,100,99954,100,100116,100,99953,100,100132,100,99951,100,100136,100,99946,100,100164,100,99933,100
2019-06-28 09:40:30.000000000,100075,272,100006,272,100081,272,100003,272,100082,100,99999,100,100089,100,99994,100,100095,100,99956,100,100116,100,99954,100,100132,100,99953,100,100136,100,99951,100,100164,100,99946,100,100173,100,99933,100
2019-06-28 09:40:30.420799463,100075,172,100006,272,100081,272,100003,272,100082,100,99999,100,100089,100,99994,100,100095,100,99956,100,100116,100,99954,100,100132,100,99953,100,100136,100,99951,100,100164,100,99946,100,100173,100,99933,100
2019-06-28 09:40:40.000000000,100081,169,100006,169,100082,169,100003,169,100089,169,99999,169,100095,169,99994,169,100116,169,99956,169,100132,100,99954,100,100136,100,99953,100,100164,100,99951,100,100173,100,99946,100,100199,100,99933,100
2019-06-28 09:40:48.378357178,100081,169,100006,169,100082,169,100003,169,100089,169,99999,169,100095,169,99994,169,100116,169,99956,169,100132,100,99954,100,100136,100,99953,100,100164,100,99946,100,100173,100,99933,100,100199,100,99927,100
2019-06-28 09:40:50.000000000,100081,272,100006,272,100082,272,100003,272,100089,100,99999,100,100095,100,99994,100,100116,100,99956,100,100132,100,99954,100,100136,100,99953,100,100164,100,99946,100,100173,100,99933,100,100199,100,99927,100
2019-06-28 09:41:00.000000000,100081,186,100006,186,100082,186,100003,186,100089,186,99999,186,100095,186,99994,186,100116,100,99956,100,100132,100,99954,100,100136,100,99953,100,100164,100,99946,100,100173,100,99933,100,100199,100,99927,100
2019-06-28 09:41:10.000000000,100081,169,100006,169,100082,169,100003,169,100089,169,99999,169,100095,169,99994,169,100116,169,99956,169,100132,100,99954,100,100136,100,99953,100,100164,100,99946,100,100173,100,99933,100,100199,100,99927,100
2019-06-28 09:41:10.361025029,100081,69,100006,169,100082,169,100003,169,100089,169,99999,169,100095,169,99994,169,100116,169,99956,169,100132,100,99954,100,100136,100,99953,100,100164,100,99946,100,100173,100,99933,100,100199,100,99927,100
2019-06-28 09:41:16.800764459,100082,169,100081,31,100089,169,100006,169,100095,169,100003,169,100116,169,99999,169,100132,100,99994,169,100136,100,99956,169,100164,100,99954,100,100173,100,99953,100,100571,100,99946,100,101103,100,99933,100
2019-06-28 09:41:20.000000000,100082,169,100081,100,100089,169,100006,169,100095,169,100003,169,100116,169,99999,169,100132,169,99994,169,100136,100,99956,100,100164,100,99954,100,100173,100,99953,100,100571,100,99946,100,101103,100,99933,100
2019-06-28 09:41:23.622093761,100082,169,100081,100,100089,169,100006,169,100095,169,100003,169,100116,169,99999,169,100132,169,99994,169,100136,100,99956,100,100164,100,99954,100,100173,100,99953,100,100523,100,99946,100,100571,100,99933,100
2019-06-28 09:41:30.000000000,100082,217,100081,148,100089,213,100006,213,100095,213,100003,213,100116,100,99999,100,100132,100,99994,100,100136,100,99956,100,100164,100,99954,100,100173,100,99953,100,100523,100,99946,100,100571,100,99933,100
2019-06-28 09:41:40.000000000,100082,272,100081,203,100089,272,100006,272,100095,100,100003,100,100116,100,99999,100,100132,100,99994,100,100136,100,99956,100,100164,100,99954,100,100173,100,99953,100,100523,100,99946,100,100571,100,99933,100
2019-06-28 09:41:49.900387213,100082,272,100081,203,100089,272,100006,272,100095,100,100003,100,100116,100,99999,100,100132,100,99994,100,100136,100,99956,100,100164,100,99954,100,100173,100,99953,100,100523,100,99946,100,100706,100,99933,100
2019-06-28 09:41:50.000000000,100082,186,100081,117,100089,186,100006,186,100095,186,100003,186,100116,186,99999,186,100132,100,99994,100,100136,100,99956,100,100164,100,99954,100,100173,100,99953,100,100523,100,99946,100,100706,100,99933,100
2019-06-28 09:42:00.000000000,100082,443,100081,374,100089,100,100006,100,100095,100,100003,100,100116,100,99999,100,100132,100,99994,100,100136,100,99956,100,100164,100,99954,100,100173,100,99953,100,100523,100,99946,100,100706,100,99933,100
2019-06-28 09:42:10.000000000,100082,186,100081,117,100089,186,100006,186,100095,186,100003,186,100116,186,99999,186,100132,100,99994,100,100136,100,99956,100,100164,100,99954,100,100173,100,99953,100,100523,100,99946,100,100706,100,99933,100
2019-06-28 09:42:13.908894756,100082,86,100081,117,100089,186,100006,186,100095,186,100003,186,100116,186,99999,186,100132,100,99994,100,100136,100,99956,100,100164,100,99954,100,100173,100,99953,100,100523,100,99946,100,100706,100,99933,100
2019-06-28 09:42:19.646417328,100082,86,100081,117,100089,186,100006,186,100095,186,100003,186,100116,186,99999,186,100132,100,99994,100,100136,100,99956,100,100164,100,99954,100,100173,100,99946,100,100523,100,99933,100,100706,100,99927,100
2019-06-28 09:42:20.000000000,100089,169,100081,100,100095,169,100006,169,100116,169,100003,169,100132,169,99999,169,100136,169,99994,169,100164,100,99956,100,100173,100,99954,100,100523,100,99946,100,100706,100,99933,100,100710,100,99927,100
2019-06-28 09:42:23.350337245,100089,69,100081,100,100095,169,100006,169,100116,169,100003,169,100132,169,99999,169,100136,169,99994,169,100164,100,99956,100,100173,100,99954,100,100523,100,99946,100,100706,100,99933,100,100710,100,99927,100
2019-06-28 09:42:30.000000000,100095,443,100081,374,100116,100,100006,100,100132,100,100003,100,100136,100,99999,100,100164,100,99994,100,100173,100,99956,100,100523,100,99954,100,100706,100,99946,100,100710,100,99933,100,101103,100,99927,100
2019-06-28 09:42:40.000000000,100095,443,100081,374,100116,100,100006,100,100132,100,100003,100,100136,100,99999,100,100164,100,99994,100,100173,100,99956,100,100523,100,99954,100,100706,100,99946,100,100710,100,99933,100,101103,100,99927,100
2019-06-28 09:42:50.000000000,100095,443,100081,374,100116,100,100006,100,100132,100,100003,100,100136,100,99999,100,100164,100,99994,100,100173,100,99956,100,100523,100,99954,100,100706,100,99946,100,100710,100,99933,100,101103,100,99927,100
2019-06-28 09:43:00.000000000,100095,169,100081,100,100116,169,100006,169,100132,169,100003,169,100136,169,99999,169,100164,169,99994,169,100173,100,99956,100,100523,100,99954,100,100706,100,99946,100,100710,100,99933,100,101103,100,99927,100
2019-06-28 09:43:01.246601020,100095,169,100081,100,100116,169,100006,169,100132,169,100003,169,100136,169,99999,169,100164,169,99994,169,100173,100,99956,100,100706,100,99954,100,100710,100,99946,100,101103,100,99933,100,101167,100,99927,100
2019-06-28 09:43:02.675063317,100095,169,100082,100,100116,169,100081,100,100132,169,100006,169,100136,169,100003,169,100164,169,99999,169,100173,100,99994,169,100706,100,99956,100,100710,100,99954,100,101103,100,99946,100,101167,100,99933,100
2019-06-28 09:43:10.000000000,100095,186,100082,186,100116,186,100081,117,100132,186,100006,186,100136,186,100003,186,100164,100,99999,100,100173,100,99994,100,100706,100,99956,100,100710,100,99954,100,101103,100,99946,100,101167,100,99933,100
2019-06-28 09:43:11.072144971,100095,186,100082,186,100116,186,100081,117,100132,186,100006,186,100136,186,100003,186,100164,100,99999,100,100173,100,99994,100,100706,100,99956,100,100710,100,99954,100,101103,100,99946,100,101167,100,99933,100
2019-06-28 09:43:11.772159634,100095,86,100082,186,100116,186,100081,117,100132,186,100006,186,100136,186,100003,186,100164,100,99999,100,100173,100,99994,100,100706,100,99956,100,100710,100,99954,100,101103,100,99946,100,101167,100,99933,100
2019-06-28 09:43:20.000000000,100116,186,100082,186,100132,186,100081,117,100136,186,100006,186,100164,186,100003,186,100173,100,99999,100,100706,100,99994,100,100710,100,99956,100,101103,100,99954,100,101167,100,99946,100,101297,100,99933,100
2019-06-28 09:43:30.000000000,100116,217,100082,217,100132,213,100081,144,100136,213,100006,213,100164,100,100003,100,100173,100,99999,100,100706,100,99994,100,100710,100,99956,100,101103,100,99954,100,101167,100,99946,100,101297,100,99933,100
2019-06-28 09:43:31.108696029,100116,117,100082,217,100132,213,100081,144,100136,213,100006,213,100173,100,100003,100,100706,100,99999,100,100710,100,99994,100,101103,100,99956,100,101167,100,99954,100,101297,100,99946,100,,,99933,100
2019-06-28 09:43:40.000000000,100132,272,100082,272,100136,272,100081,203,100173,100,100006,100,100706,100,100003,100,100710,100,99999,100,101103,100,99994,100,101167,100,99956,100,101297,100,99954,100,,,99946,100,,,99933,100
2019-06-28 09:43:42.561361596,100132,272,100082,272,100136,272,100081,203,100173,100,100006,100,100706,100,100003,100,100710,100,99999,100,101103,100,99994,100,101167,100,99956,100,101297,100,99954,100,101369,100,99946,100,,,99933,100
2019-06-28 09:43:43.235561484,100132,272,100082,272,100136,272,100081,203,100173,100,100006,100,100706,100,100003,100,100710,100,99999,100,101167,100,99994,100,101297,100,99956,100,101313,100,99954,100,101369,100,99946,100,,,99933,100
2019-06-28 09:43:50.000000000,100132,169,100082,169,100136,169,100081,100,100173,169,100006,169,100706,169,100003,169,100710,169,99999,169,101167,100,99994,100,101297,100,99956,100,101313,100,99954,100,101369,100,99946,100,,,99933,100
2019-06-28 09:43:55.218942950,100132,169,100082,169,100136,169,100081,100,100173,169,100006,169,100706,169,100003,169,100710,169,99999,169,101167,100,99994,100,101297,100,99956,100,101313,100,99954,100,101369,100,99946,100,101625,100,99933,100
2019-06-28 09:44:00.000000000,100132,443,100082,443,100136,100,100081,31,100173,100,100006,100,100706,100,100003,100,100710,100,99999,100,101167,100,99994,100,101297,100,99956,100,101313,100,99954,100,101369,100,99946,100,101625,100,99933,100
2019-06-28 09:44:06.965282687,100132,443,100082,443,100136,100,100081,31,100173,100,100006,100,100706,100,100003,100,100710,100,99999,100,101167,100,99994,100,101297,100,99956,100,101313,100,99954,100,101369,100,99946,100,101597,100,99933,100
2019-06-28 09:44:10.000000000,100132,443,100082,443,100136,100,100081,31,100173,100,100006,100,100706,100,100003,100,100710,100,99999,100,101167,100,99994,100,101297,100,99956,100,101313,100,99954,100,101369,100,99946,100,101597,100,99933,100
2019-06-28 09:44:20.000000000,100132,169,100082,169,100136,169,100081,100,100173,169,100006,169,100706,169,100003,169,100710,169,99999,169,101167,100,99994,100,101297,100,99956,100,101313,100,99954,100,101369,100,99946,100,101597,100,99933,100
2019-06-28 09:44:20.948547024,100132,169,100095,100,100136,169,100082,169,100173,169,100081,100,100706,169,100006,169,100710,169,100003,169,101167,100,99999,169,101297,100,99994,100,101313,100,99956,100,101369,100,99954,100,101597,100,99946,100
2019-06-28 09:44:30.000000000,100132,272,100095,272,100136,272,100082,272,100173,100,100081,31,100706,100,100006,100,100710,100,100003,100,101167,100,99999,100,101297,100,99994,100,101313,100,99956,100,101369,100,99954,100,101597,100,99946,100
2019-06-28 09:44:40.000000000,100132,217,100095,217,100136,213,100082,213,100173,213,100081,144,100706,100,100006,100,100710,100,100003,100,101167,100,99999,100,101297,100,99994,100,101313,100,99956,100,101369,100,99954,100,101597,100,99946,100
2019-06-28 09:44:50.000000000,100132,443,100095,443,100136,100,100082,100,100173,100,100081,31,100706,100,100006,100,100710,100,100003,100,101167,100,99999,100,101297,100,99994,100,101313,100,99956,100,101369,100,99954,100,101597,100,99946,100
2019-06-28 09:45:00.000000000,100132,443,100095,443,100136,100,100082,100,100173,100,100081,31,100706,100,100006,100,100710,100,100003,100,101167,100,99999,100,101297,100,99994,100,101313,100,99956,100,101369,100,99954,100,101597,100,99946,100
2019-06-28 09:45:10.000000000,100132,272,100095,272,100136,272,100082,272,100173,100,100081,31,100706,100,100006,100,100710,100,100003,100,101167,100,99999,100,101297,100,99994,100,101313,100,99956,100,101369,100,99954,100,101597,100,99946,100
2019-06-28 09:45:10.989278242,100132,272,100095,272,100136,272,100082,272,100706,100,100081,31,100710,100,100006,100,101167,100,100003,100,101297,100,99999,100,101313,100,99994,100,101369,100,99956,100,101597,100,99954,100,101625,100,99946,100
2019-06-28 09:45:20.000000000,100132,186,100095,186,100136,186,100082,186,100706,186,100081,117,100710,186,100006,186,101167,100,100003,100,101297,100,99999,100,101313,100,99994,100,101369,100,99956,100,101597,100,99954,100,101625,100,99946,100
2019-06-28 09:45:20.082625316,100132,86,100095,186,100136,186,100082,186,100706,186,100081,117,100710,186,100006,186,101167,100,100003,100,101297,100,99999,100,101369,100,99994,100,101597,100,99956,100,101625,100,99954,100,102739,100,99946,100
2019-06-28 09:45:28.316284866,100132,86,100095,186,100136,186,100082,186,100706,186,100081,117,100710,186,100006,186,101167,100,100003,100,101297,100,99999,100,101369,100,99994,100,101625,100,99956,100,102645,100,99954,100,102739,100,99946,100
2019-06-28 09:45:30.000000000,100136,272,100095,272,100706,272,100082,272,100710,100,100081,31,101167,100,100006,100,101297,100,100003,100,101369,100,99999,100,101625,100,99994,100,102645,100,99956,100,102739,100,99954,100,,,99946,100
2019-06-28 09:45:33.143643965,100136,172,100095,272,100706,272,100082,272,100710,100,100081,31,101167,100,100006,100,101297,100,100003,100,101369,100,99999,100,101625,100,99994,100,102645,100,99956,100,102739,100,99954,100,,,99946,100
2019-06-28 09:45:40.000000000,100706,217,100095,217,100710,213,100082,213,101167,213,100081,144,101297,100,100006,100,101369,100,100003,100,101625,100,99999,100,102645,100,99994,100,102739,100,99956,100,,,99954,100,,,99946,100
2019-06-28 09:45:50.000000000,100706,443,100095,443,100710,100,100082,100,101167,100,100081,31,101297,100,100006,100,101369,100,100003,100,101625,100,99999,100,102645,100,99994,100,102739,100,99956,100,,,99954,100,,,99946,100
2019-06-28 09:45:53.899075759,100706,343,100095,443,100710,100,100082,100,101167,100,100081,31,101297,100,100006,100,101369,100,100003,100,101625,100,99999,100,102645,100,99994,100,102739,100,99956,100,,,99954,100,,,99946,100
2019-06-28 09:45:56.670020837,100706,343,100136,100,100710,100,100095,443,101167,100,100082,100,101297,100,100081,31,101369,100,100006,100,101625,100,100003,100,102645,100,99999,100,102739,100,99994,100,,,99956,100,,,99954,100
2019-06-28 09:46:00.000000000,100710,186,100136,186,101167,186,100095,186,101297,186,100082,186,101369,186,100081,117,101625,100,100006,100,102645,100,100003,100,102739,100,99999,100,,,99994,100,,,99956,100,,,99954,100
2019-06-28 09:46:08.487810632,100710,186,100136,186,101167,186,100095,186,101297,186,100082,186,101369,186,100081,117,101625,100,100006,100,102067,100,100003,100,102645,100,99999,100,102739,100,99994,100,,,99956,100,,,99954,100
2019-06-28 09:46:10.000000000,100710,443,100136,443,101167,100,100095,100,101297,100,100082,100,101369,100,100081,31,101625,100,100006,100,102067,100,100003,100,102645,100,99999,100,102739,100,99994,100,,,99956,100,,,99954,100
2019-06-28 09:46:16.747230710,100710,443,100136,543,101167,100,100095,100,101297,100,100082,100,101369,100,100081,31,101625,100,100006,100,102067,100,100003,100,102645,100,99999,100,102739,100,99994,100,,,99956,100,,,99954,100
2019-06-28 09:46:20.000000000,100710,217,100136,317,101167,213,100095,213,101297,213,100082,213,101369,100,100081,31,101625,100,100006,100,102067,100,100003,100,102645,100,99999,100,102739,100,99994,100,,,99956,100,,,99954,100
2019-06-28 09:46:30.000000000,100710,169,100136,269,101167,169,100095,169,101297,169,100082,169,101369,169,100081,100,101625,169,100006,169,102067,100,100003,100,102645,100,99999,100,102739,100,99994,100,,,99956,100,,,99954,100
2019-06-28 09:46:31.358752476,100710,69,100136,269,101167,169,100095,169,101297,169,100082,169,101369,169,100081,100,101625,169,100006,169,102067,100,100003,100,102645,100,99999,100,102739,100,99994,100,,,99956,100,,,99954,100
2019-06-28 09:46:32.544730161,101167,169,100710,31,101297,169,100136,269,101369,169,100095,169,101625,169,100082,169,102067,100,100081,100,102645,100,100006,169,102739,100,100003,100,,,99999,100,,,99994,100,,,99956,100
2019-06-28 09:46:40.000000000,101167,169,100710,100,101297,169,100136,269,101369,169,100095,169,101625,169,100082,169,102067,169,100081,100,102645,100,100006,100,102739,100,100003,100,,,99999,100,,,99994,100,,,99956,100
2019-06-28 09:46:47.960948933,101167,169,100710,100,101297,169,100136,269,101369,169,100095,169,101625,169,100082,169,101925,100,100081,100,102067,169,100006,100,102645,100,100003,100,102739,100,99999,100,,,99994,100,,,99956,100
2019-06-28 09:46:48.134845675,101167,69,100710,100,101297,169,100136,269,101369,169,100095,169,101625,169,100082,169,101925,100,100081,100,102067,169,100006,100,102739,100,100003,100,,,99999,100,,,99994,100,,,99956,100
2019-06-28 09:46:50.000000000,101297,169,100710,100,101369,169,100136,269,101625,169,100095,169,101925,169,100082,169,102067,169,100081,100,102739,100,100006,100,,,100003,100,,,99999,100,,,99994,100,,,99956,100
2019-06-28 09:47:00.000000000,101297,169,100710,100,101369,169,100136,269,101625,169,100095,169,101925,169,100082,169,102067,169,100081,100,102739,100,100006,100,,,100003,100,,,99999,100,,,99994,100,,,99956,100
2019-06-28 09:47:10.000000000,101297,272,100710,203,101369,272,100136,372,101625,100,100095,100,101925,100,100082,100,102067,100,100081,31,102739,100,100006,100,,,100003,100,,,99999,100,,,99994,100,,,99956,100
2019-06-28 09:47:12.283248152,101297,172,100710,203,101369,272,100136,372,101625,100,100095,100,101925,100,100082,100,102067,100,100081,31,102739,100,100006,100,,,100003,100,,,99999,100,,,99994,100,,,99956,100
2019-06-28 09:47:17.393477101,101297,72,100710,203,101369,272,100136,372,101625,100,100095,100,101925,100,100082,100,102067,100,100081,31,102739,100,100006,100,,,100003,100,,,99999,100,,,99994,100,,,99956,100
2019-06-28 09:47:20.000000000,101369,217,100710,148,101625,213,100136,313,101925,213,100095,213,102067,100,100082,100,102739,100,100081,31,,,100006,100,,,100003,100,,,99999,100,,,99994,100,,,99956,100
2019-06-28 09:47:20.214054742,101369,217,100710,148,101625,213,100136,313,101665,100,100095,213,101925,213,100082,100,102067,100,100081,31,102739,100,100006,100,,,100003,100,,,99999,100,,,99994,100,,,99956,100
2019-06-28 09:47:30.000000000,101369,272,100710,203,101625,272,100136,372,101665,100,100095,100,101925,100,100082,100,102067,100,100081,31,102739,100,100006,100,,,100003,100,,,99999,100,,,99994,100,,,99956,100
2019-06-28 09:47:40.000000000,101369,169,100710,100,101625,169,100136,269,101665,169,100095,169,101925,169,100082,169,102067,169,100081,100,102739,100,100006,100,,,100003,100,,,99999,100,,,99994,100,,,99956,100
2019-06-28 09:47:50.000000000,101369,169,100710,100,101625,169,100136,269,101665,169,100095,169,101925,169,100082,169,102067,169,100081,100,102739,100,100006,100,,,100003,100,,,99999,100,,,99994,100,,,99956,100
2019-06-28 09:47:51.516073147,101369,169,100710,100,101625,169,100136,169,101665,169,100095,169,101925,169,100082,169,102067,169,100081,100,102739,100,100006,100,,,100003,100,,,99999,100,,,99994,100,,,99956,100
2019-06-28 09:48:00.000000000,101369,443,100710,374,101625,100,100136,100,101665,100,100095,100,101925,100,100082,100,102067,100,100081,31,102739,100,100006,100,,,100003,100,,,99999,100,,,99994,100,,,99956,100
2019-06-28 09:48:03.560981310,101369,343,100710,374,101625,100,100136,100,101665,100,100095,100,101925,100,100082,100,102067,100,100081,31,102739,100,100006,100,,,100003,100,,,99999,100,,,99994,100,,,99956,100
2019-06-28 09:48:06.905142549,101369,343,100710,374,101625,100,100136,100,101665,100,100095,100,101925,100,100082,100,102040,100,100081,31,102067,100,100006,100,102739,100,100003,100,,,99999,100,,,99994,100,,,99956,100
2019-06-28 09:48:07.300070669,101369,243,100710,374,101625,100,100136,100,101665,100,100095,100,101925,100,100082,100,102067,100,100081,31,102739,100,100006,100,,,100003,100,,,99999,100,,,99994,100,,,99956,100
2019-06-28 09:48:10.000000000,101625,169,100710,100,101665,169,100136,169,101925,169,100095,169,102067,169,100082,169,102739,169,100081,100,,,100006,100,,,100003,100,,,99999,100,,,99994,100,,,99956,100
2019-06-28 09:48:20.000000000,101625,169,100710,100,101665,169,100136,169,101925,169,100095,169,102067,169,100082,169,102739,169,100081,100,,,100006,100,,,100003,100,,,99999,100,,,99994,100,,,99956,100
2019-06-28 09:48:24.496412470,101625,169,101369,100,101665,169,100710,100,101925,169,100136,169,102067,169,100095,169,102739,169,100082,169,,,100081,100,,,100006,100,,,100003,100,,,99999,100,,,99994,100
2019-06-28 09:48:30.000000000,101625,217,101369,217,101665,213,100710,144,101925,213,100136,213,102067,100,100095,100,102739,100,100082,100,,,100081,31,,,100006,100,,,100003,100,,,99999,100,,,99994,100
2019-06-28 09:48:40.000000000,101625,169,101369,169,101665,169,100710,100,101925,169,100136,169,102067,169,100095,169,102739,169,100082,169,,,100081,31,,,100006,100,,,100003,100,,,99999,100,,,99994,100
2019-06-28 09:48:50.000000000,101625,272,101369,272,101665,272,100710,203,101925,100,100136,100,102067,100,100095,100,102739,100,100082,100,,,100081,31,,,100006,100,,,100003,100,,,99999,100,,,99994,100
2019-06-28 09:48:55.944511101,101555,100,101369,272,101625,272,100710,203,101665,272,100136,100,101925,100,100095,100,102067,100,100082,100,102739,100,100081,31,,,100006,100,,,100003,100,,,99999,100,,,99994,100
2019-06-28 09:49:00.000000000,101555,272,101369,272,101625,272,100710,203,101665,100,100136,100,101925,100,100095,100,102067,100,100082,100,102739,100,100081,31,,,100006,100,,,100003,100,,,99999,100,,,99994,100
2019-06-28 09:49:06.430160826,101555,172,101369,272,101625,272,100710,203,101665,100,100136,100,101925,100,100095,100,102067,100,100082,100,102739,100,100081,31,,,100006,100,,,100003,100,,,99999,100,,,99994,100
2019-06-28 09:49:10.000000000,101625,186,101369,186,101665,186,100710,117,101925,186,100136,186,102067,186,100095,186,102739,100,100082,100,,,100081,31,,,100006,100,,,100003,100,,,99999,100,,,99994,100
2019-06-28 09:49:20.000000000,101625,272,101369,272,101665,272,100710,203,101925,100,100136,100,102067,100,100095,100,102739,100,100082,100,,,100081,31,,,100006,100,,,100003,100,,,99999,100,,,99994,100
2019-06-28 09:49:30.000000000,101625,169,101369,169,101665,169,100710,100,101925,169,100136,169,102067,169,100095,169,102739,169,100082,169,,,100081,31,,,100006,100,,,100003,100,,,99999,100,,,99994,100
2019-06-28 09:49:40.000000000,101625,217,101369,217,101665,213,100710,144,101925,213,100136,213,102067,100,100095,100,102739,100,100082,100,,,100081,31,,,100006,100,,,100003,100,,,99999,100,,,99994,100
2019-06-28 09:49:48.333314298,101543,100,101369,217,101625,217,100710,144,101665,213,100136,213,101925,213,100095,100,102067,100,100082,100,102739,100,100081,31,,,100006,100,,,100003,100,,,99999,100,,,99994,100
2019-06-28 09:49:50.000000000,101543,443,101369,443,101625,100,100710,31,101665,100,100136,100,101925,100,100095,100,102067,100,100082,100,102739,100,100081,31,,,100006,100,,,100003,100,,,99999,100,,,99994,100
2019-06-28 09:50:00.000000000,101543,272,101369,272,101625,272,100710,203,101665,100,100136,100,101925,100,100095,100,102067,100,100082,100,102739,100,100081,31,,,100006,100,,,100003,100,,,99999,100,,,99994,100
2019-06-28 09:50:10.000000000,101543,217,101369,217,101625,213,100710,144,101665,213,100136,213,101925,100,100095,100,102067,100,100082,100,102739,100,100081,31,,,100006,100,,,100003,100,,,99999,100,,,99994,100
2019-06-28 09:50:20.000000000,101543,272,101369,272,101625,272,100710,203,101665,100,100136,100,101925,100,100095,100,102067,100,100082,100,102739,100,100081,31,,,100006,100,,,100003,100,,,99999,100,,,99994,100
2019-06-28 09:50:30.000000000,101543,186,101369,186,101625,186,100710,117,101665,186,100136,186,101925,186,100095,186,102067,100,100082,100,102739,100,100081,31,,,100006,100,,,100003,100,,,99999,100,,,99994,100
2019-06-28 09:50:40.000000000,101543,186,101369,186,101625,186,100710,117,101665,186,100136,186,101925,186,100095,186,102067,100,100082,100,102739,100,100081,31,,,100006,100,,,100003,100,,,99999,100,,,99994,100
2019-06-28 09:50:48.745480985,101543,186,101369,186,101625,186,100899,100,101665,186,100710,117,101925,186,100136,186,102067,100,100095,186,102739,100,100082,100,,,100081,31,,,100006,100,,,100003,100,,,99999,100
2019-06-28 09:50:50.000000000,101543,272,101369,272,101625,272,100899,272,101665,100,100710,31,101925,100,100136,100,102067,100,100095,100,102739,100,100082,100,,,100081,31,,,100006,100,,,100003,100,,,99999,100
2019-06-28 09:51:00.000000000,101543,272,101369,272,101625,272,100899,272,101665,100,100710,31,101925,100,100136,100,102067,100,100095,100,102739,100,100082,100,,,100081,31,,,100006,100,,,100003,100,,,99999,100
2019-06-28 09:51:10.000000000,101543,169,101369,169,101625,169,100899,169,101665,169,100710,100,101925,169,100136,169,102067,169,100095,169,102739,100,100082,100,,,100081,31,,,100006,100,,,100003,100,,,99999,100
2019-06-28 09:51:20.000000000,101543,443,101369,443,101625,100,100899,100,101665,100,100710,31,101925,100,100136,100,102067,100,100095,100,102739,100,100082,100,,,100081,31,,,100006,100,,,100003,100,,,99999,100
2019-06-28 09:51:30.000000000,101543,443,101369,443,101625,100,100899,100,101665,100,100710,31,101925,100,100136,100,102067,100,100095,100,102739,100,100082,100,,,100081,31,,,100006,100,,,100003,100,,,99999,100
2019-06-28 09:51:40.000000000,101543,186,101369,186,101625,186,100899,186,101665,186,100710,117,101925,186,100136,186,102067,100,100095,100,102739,100,100082,100,,,100081,31,,,100006,100,,,100003,100,,,99999,100
2019-06-28 09:51:45.058359869,101543,186,101369,86,101625,186,100899,186,101665,186,100710,117,101925,186,100136,186,102067,100,100095,100,102739,100,100082,100,,,100081,31,,,100006,100,,,100003,100,,,99999,100
2019-06-28 09:51:49.296379788,101543,186,101369,86,101625,186,100899,186,101665,186,100710,117,101925,186,100217,100,102067,100,100136,186,102739,100,100095,100,,,100082,100,,,100081,31,,,100006,100,,,100003,100
2019-06-28 09:51:49.627957381,101543,186,101369,86,101625,186,100899,186,101665,186,100710,117,101925,186,100220,100,102067,100,100217,100,102739,100,100136,186,,,100095,100,,,100082,100,,,100081,31,,,100006,100
2019-06-28 09:51:50.000000000,101543,186,100899,186,101625,186,100710,117,101665,186,100220,186,101925,186,100217,186,102067,100,100136,100,102739,100,100095,100,,,100082,100,,,100081,31,,,100006,100,,,100003,100
2019-06-28 09:52:00.000000000,101543,217,100899,217,101625,213,100710,144,101665,213,100220,213,101925,100,100217,100,102067,100,100136,100,102739,100,100095,100,,,100082,100,,,100081,31,,,100006,100,,,100003,100
2019-06-28 09:52:10.000000000,101543,217,100899,217,101625,213,100710,144,101665,213,100220,213,101925,100,100217,100,102067,100,100136,100,102739,100,100095,100,,,100082,100,,,100081,31,,,100006,100,,,100003,100
2019-06-28 09:52:20.000000000,101543,443,100899,443,101625,100,100710,31,101665,100,100220,100,101925,100,100217,100,102067,100,100136,100,102739,100,100095,100,,,100082,100,,,100081,31,,,100006,100,,,100003,100
2019-06-28 09:52:21.606009119,101543,443,100899,443,101625,100,100710,31,101925,100,100220,100,102067,100,100217,100,102739,100,100136,100,,,100095,100,,,100082,100,,,100081,31,,,100006,100,,,100003,100
2019-06-28 09:52:30.000000000,101543,443,100899,443,101625,100,100710,31,101925,100,100220,100,102067,100,100217,100,102739,100,100136,100,,,100095,100,,,100082,100,,,100081,31,,,100006,100,,,100003,100
2019-06-28 09:52:39.061867286,101543,443,100899,443,101625,100,100710,31,101925,100,100220,100,102067,100,100217,100,102739,100,100136,100,,,100082,100,,,100081,31,,,100006,100,,,100003,100,,,99999,100
2019-06-28 09:52:40.000000000,101543,272,100899,272,101625,272,100710,203,101925,100,100220,100,102067,100,100217,100,102739,100,100136,100,,,100082,100,,,100081,31,,,100006,100,,,100003,100,,,99999,100
2019-06-28 09:52:49.889913790,101543,172,100899,272,101625,272,100710,203,101925,100,100383,100,102067,100,100220,100,102739,100,100217,100,,,100136,100,,,100082,100,,,100081,31,,,100006,100,,,100003,100
2019-06-28 09:52:50.000000000,101625,186,100899,186,101925,186,100710,117,102067,186,100383,186,102739,186,100220,186,,,100217,100,,,100136,100,,,100082,100,,,100081,31,,,100006,100,,,100003,100
2019-06-28 09:53:00.000000000,101625,272,100899,272,101925,272,100710,203,102067,100,100383,100,102739,100,100220,100,,,100217,100,,,100136,100,,,100082,100,,,100081,31,,,100006,100,,,100003,100
2019-06-28 09:53:00.222983526,101625,272,100899,272,101925,272,100710,203,102067,100,100383,100,102739,100,100220,100,,,100217,100,,,100204,100,,,100136,100,,,100082,100,,,100081,31,,,100006,100
2019-06-28 09:53:04.068009858,101542,100,100899,272,101625,272,100710,203,101925,272,100383,100,102067,100,100220,100,102739,100,100217,100,,,100204,100,,,100136,100,,,100082,100,,,100081,31,,,100006,100
2019-06-28 09:53:10.000000000,101542,217,100899,217,101625,213,100710,144,101925,213,100383,213,102067,100,100220,100,102739,100,100217,100,,,100204,100,,,100136,100,,,100082,100,,,100081,31,,,100006,100
2019-06-28 09:53:20.000000000,101542,272,100899,272,101625,272,100710,203,101925,100,100383,100,102067,100,100220,100,102739,100,100217,100,,,100204,100,,,100136,100,,,100082,100,,,100081,31,,,100006,100
2019-06-28 09:53:30.000000000,101542,186,100899,186,101625,186,100710,117,101925,186,100383,186,102067,186,100220,186,102739,100,100217,100,,,100204,100,,,100136,100,,,100082,100,,,100081,31,,,100006,100
2019-06-28 09:53:31.692780154,101542,186,100899,186,101625,186,100710,117,101925,186,100383,186,102067,186,100220,186,102739,100,100217,100,,,100204,100,,,100136,100,,,100082,100,,,100081,31,,,100006,100
2019-06-28 09:53:40.000000000,101542,186,100899,186,101625,186,100710,117,101925,186,100383,186,102067,186,100220,186,102739,100,100217,100,,,100204,100,,,100136,100,,,100082,100,,,100081,31,,,100006,100
2019-06-28 09:53:44.272130806,101542,286,100899,186,101625,186,100710,117,101925,186,100383,186,102067,186,100220,186,102739,100,100217,100,,,100204,100,,,100136,100,,,100082,100,,,100081,31,,,100006,100
2019-06-28 09:53:50.000000000,101542,286,100899,186,101625,186,100710,117,101925,186,100383,186,102067,186,100220,186,102739,100,100217,100,,,100204,100,,,100136,100,,,100082,100,,,100081,31,,,100006,100
2019-06-28 09:54:00.000000000,101542,286,100899,186,101625,186,100710,117,101925,186,100383,186,102067,186,100220,186,102739,100,100217,100,,,100204,100,,,100136,100,,,100082,100,,,100081,31,,,100006,100
2019-06-28 09:54:10.000000000,101542,543,100899,443,101625,100,100710,31,101925,100,100383,100,102067,100,100220,100,102739,100,100217,100,,,100204,100,,,100136,100,,,100082,100,,,100081,31,,,100006,100
2019-06-28 09:54:20.000000000,101542,543,100899,443,101625,100,100710,31,101925,100,100383,100,102067,100,100220,100,102739,100,100217,100,,,100204,100,,,100136,100,,,100082,100,,,100081,31,,,100006,100
2019-06-28 09:54:30.000000000,101542,317,100899,217,101625,213,100710,144,101925,213,100383,213,102067,100,100220,100,102739,100,100217,100,,,100204,100,,,100136,100,,,100082,100,,,100081,31,,,100006,100
2019-06-28 09:54:32.582185788,100933,100,100899,217,101542,317,100710,144,101625,113,100383,213,101925,213,100220,100,102067,100,100217,100,102739,100,100204,100,,,100136,100,,,100082,100,,,100081,31,,,100006,100
2019-06-28 09:54:33.983499020,100933,100,100899,217,101542,417,100710,144,101625,113,100383,213,101925,213,100220,100,102067,100,100217,100,102739,100,100204,100,,,100136,100,,,100082,100,,,100081,31,,,100006,100
2019-06-28 09:54:40.000000000,100933,217,100899,217,101542,413,100710,144,101925,213,100383,213,102067,100,100220,100,102739,100,100217,100,,,100204,100,,,100136,100,,,100082,100,,,100081,31,,,100006,100
2019-06-28 09:54:50.000000000,100933,217,100899,217,101542,413,100710,144,101925,213,100383,213,102067,100,100220,100,102739,100,100217,100,,,100204,100,,,100136,100,,,100082,100,,,100081,31,,,100006,100
2019-06-28 09:55:00.000000000,100933,186,100899,186,101542,386,100710,117,101925,186,100383,186,102067,186,100220,186,102739,100,100217,100,,,100204,100,,,100136,100,,,100082,100,,,100081,31,,,100006,100
2019-06-28 09:55:10.000000000,100933,186,100899,186,101542,386,100710,117,101925,186,100383,186,102067,186,100220,186,102739,100,100217,100,,,100204,100,,,100136,100,,,100082,100,,,100081,31,,,100006,100
2019-06-28 09:55:20.000000000,100933,443,100899,443,101542,300,100710,31,101925,100,100383,100,102067,100,100220,100,102739,100,100217,100,,,100204,100,,,100136,100,,,100082,100,,,100081,31,,,100006,100
2019-06-28 09:55:30.000000000,100933,169,100899,169,101542,369,100710,100,101925,169,100383,169,102067,169,100220,169,102739,169,100217,169,,,100204,100,,,100136,100,,,100082,100,,,100081,31,,,100006,100
2019-06-28 09:55:37.881632538,100933,169,100899,169,101542,469,100710,100,101925,169,100383,169,102067,169,100220,169,102739,169,100217,169,,,100204,100,,,100136,100,,,100082,100,,,100081,31,,,100006,100
2019-06-28 09:55:40.000000000,100933,217,100899,217,101542,513,100710,144,101925,213,100383,213,102067,100,100220,100,102739,100,100217,100,,,100204,100,,,100136,100,,,100082,100,,,100081,31,,,100006,100
2019-06-28 09:55:46.074655182,100933,217,100899,117,101542,513,100710,113,101925,213,100383,213,102067,100,100220,100,102739,100,100217,100,,,100204,100,,,100136,100,,,100082,100,,,100081,31,,,100006,100
2019-06-28 09:55:50.000000000,100933,169,100383,169,101542,469,100220,169,101925,169,100217,169,102067,169,100204,169,102739,169,100136,169,,,100082,100,,,100081,31,,,100006,100,,,99999,100,,,99994,100
2019-06-28 09:56:00.000000000,100933,217,100383,217,101542,513,100220,213,101925,213,100217,213,102067,100,100204,100,102739,100,100136,100,,,100082,100,,,100081,31,,,100006,100,,,99999,100,,,99994,100
2019-06-28 09:56:10.000000000,100933,186,100383,186,101542,486,100220,186,101925,186,100217,186,102067,186,100204,186,102739,100,100136,100,,,100082,100,,,100081,31,,,100006,100,,,99999,100,,,99994,100
2019-06-28 09:56:20.000000000,100933,272,100383,272,101542,572,100220,272,101925,100,100217,100,102067,100,100204,100,102739,100,100136,100,,,100082,100,,,100081,31,,,100006,100,,,99999,100,,,99994,100
2019-06-28 09:56:25.594777344,100933,272,100383,272,101369,100,100220,272,101542,572,100217,100,101925,100,100204,100,102067,100,100136,100,102739,100,100081,31,,,100006,100,,,99999,100,,,99994,100,,,99954,100
2019-06-28 09:56:30.000000000,100933,169,100383,169,101369,169,100220,169,101542,469,100217,169,101925,169,100204,169,102067,169,100136,169,102739,100,100081,31,,,100006,100,,,99999,100,,,99994,100,,,99954,100
2019-06-28 09:56:34.336606369,100933,169,100383,69,101369,169,100220,169,101542,469,100217,69,101925,169,100204,169,102067,169,100136,169,102739,100,100081,31,,,100006,100,,,99999,100,,,99994,100,,,99954,100
2019-06-28 09:56:40.000000000,100933,272,100220,272,101369,272,100204,272,101542,400,100136,100,101925,100,100081,31,102067,100,100006,100,102739,100,99999,100,,,99994,100,,,99954,100,,,99946,100,,,99933,100
2019-06-28 09:56:47.477336528,100251,100,100220,272,100933,272,100204,272,101369,272,100136,100,101542,400,100081,31,101925,100,100006,100,102739,100,99999,100,,,99994,100,,,99954,100,,,99946,100,,,99933,100
2019-06-28 09:56:50.000000000,100251,169,100220,169,100933,169,100204,169,101369,169,100136,169,101542,469,100081,100,101925,169,100006,169,102739,100,99999,100,,,99994,100,,,99954,100,,,99946,100,,,99933,100
2019-06-28 09:56:55.068487744,100251,69,100220,169,100933,169,100204,169,101369,169,100136,169,101542,469,100081,100,101925,169,100006,169,102739,100,99999,100,,,99994,100,,,99954,100,,,99946,100,,,99933,100
2019-06-28 09:57:00.000000000,100933,272,100220,272,101369,272,100204,272,101542,400,100136,100,101925,100,100081,31,102739,100,100006,100,,,99999,100,,,99994,100,,,99954,100,,,99946,100,,,99933,100
2019-06-28 09:57:05.282696963,100933,272,100229,100,101369,272,100220,272,101542,400,100204,272,101925,100,100136,100,102739,100,100081,31,,,100006,100,,,99999,100,,,99994,100,,,99954,100,,,99946,100
2019-06-28 09:57:10.000000000,100933,169,100229,169,101369,169,100220,169,101542,469,100204,169,101925,169,100136,169,102739,169,100081,100,,,100006,100,,,99999,100,,,99994,100,,,99954,100,,,99946,100
2019-06-28 09:57:20.000000000,100933,443,100229,443,101369,100,100220,100,101542,400,100204,100,101925,100,100136,100,102739,100,100081,31,,,100006,100,,,99999,100,,,99994,100,,,99954,100,,,99946,100
2019-06-28 09:57:27.733575966,100646,100,100229,443,100933,443,100220,100,101369,100,100204,100,101542,400,100136,100,101925,100,100081,31,102739,100,100006,100,,,99999,100,,,99994,100,,,99954,100,,,99946,100
2019-06-28 09:57:28.709368329,100646,100,100229,443,100659,100,100204,100,100933,443,100136,100,101369,100,100081,31,101542,400,100006,100,101925,100,99999,100,102739,100,99994,100,,,99954,100,,,99946,100,,,99933,100
2019-06-28 09:57:30.000000000,100646,272,100229,272,100659,272,100204,272,100933,100,100136,100,101369,100,100081,31,101542,400,100006,100,101925,100,99999,100,102739,100,99994,100,,,99954,100,,,99946,100,,,99933,100
2019-06-28 09:57:30.473055014,100630,100,100229,272,100646,272,100204,272,100659,272,100136,100,100933,100,100081,31,101369,100,100006,100,101542,400,99999,100,101925,100,99994,100,102739,100,99954,100,,,99946,100,,,99933,100
2019-06-28 09:57:40.000000000,100630,186,100229,186,100646,186,100204,186,100659,186,100136,186,100933,186,100081,117,101369,100,100006,100,101542,400,99999,100,101925,100,99994,100,102739,100,99954,100,,,99946,100,,,99933,100
2019-06-28 09:57:40.634127779,100630,86,100229,186,100646,186,100204,186,100659,186,100136,186,100933,186,100081,117,101369,100,100006,100,101542,400,99999,100,101925,100,99994,100,102739,100,99954,100,,,99946,100,,,99933,100
2019-06-28 09:57:50.000000000,100646,217,100229,217,100659,213,100204,213,100933,213,100136,213,101369,100,100081,31,101542,400,100006,100,101925,100,99999,100,102739,100,99994,100,,,99954,100,,,99946,100,,,99933,100
2019-06-28 09:58:00.000000000,100646,272,100229,272,100659,272,100204,272,100933,100,100136,100,101369,100,100081,31,101542,400,100006,100,101925,100,99999,100,102739,100,99994,100,,,99954,100,,,99946,100,,,99933,100
2019-06-28 09:58:10.000000000,100646,443,100229,443,100659,100,100204,100,100933,100,100136,100,101369,100,100081,31,101542,400,100006,100,101925,100,99999,100,102739,100,99994,100,,,99954,100,,,99946,100,,,99933,100
2019-06-28 09:58:20.000000000,100646,186,100229,186,100659,186,100204,186,100933,186,100136,186,101369,186,100081,117,101542,400,100006,100,101925,100,99999,100,102739,100,99994,100,,,99954,100,,,99946,100,,,99933,100
2019-06-28 09:58:30.000000000,100646,186,100229,186,100659,186,100204,186,100933,186,100136,186,101369,186,100081,117,101542,400,100006,100,101925,100,99999,100,102739,100,99994,100,,,99954,100,,,99946,100,,,99933,100
2019-06-28 09:58:40.000000000,100646,169,100229,169,100659,169,100204,169,100933,169,100136,169,101369,169,100081,100,101542,469,100006,169,101925,100,99999,100,102739,100,99994,100,,,99954,100,,,99946,100,,,99933,100
2019-06-28 09:58:40.083678463,100646,69,100229,169,100659,169,100204,169,100933,169,100136,169,101369,169,100081,100,101542,469,100006,169,101925,100,99999,100,102739,100,99994,100,,,99954,100,,,99946,100,,,99933,100
2019-06-28 09:58:40.384047280,100659,169,100646,31,100933,169,100229,169,101369,169,100204,169,101542,469,100136,169,101925,100,100081,69,102739,100,100006,169,,,99999,100,,,99994,100,,,99954,100,,,99946,100
2019-06-28 09:58:50.000000000,100659,272,100646,203,100933,272,100229,272,101369,100,100204,100,101542,400,100136,100,101925,100,100006,100,102739,100,99999,100,,,99994,100,,,99954,100,,,99946,100,,,99933,100
2019-06-28 09:58:51.202309060,100659,272,100646,303,100933,272,100229,272,101369,100,100204,100,101542,400,100136,100,101925,100,100006,100,102739,100,99999,100,,,99994,100,,,99954,100,,,99946,100,,,99933,100
2019-06-28 09:58:59.238863538,100659,172,100646,303,100933,272,100229,272,101369,100,100204,100,101542,400,100136,100,101925,100,100006,100,102739,100,99999,100,,,99994,100,,,99954,100,,,99946,100,,,99933,100
2019-06-28 09:59:00.000000000,100933,272,100646,303,101369,272,100229,272,101542,400,100204,100,101925,100,100136,100,102739,100,100006,100,,,99999,100,,,99994,100,,,99954,100,,,99946,100,,,99933,100
2019-06-28 09:59:10.000000000,100933,217,100646,248,101369,213,100229,213,101542,513,100204,213,101925,100,100136,100,102739,100,100006,100,,,99999,100,,,99994,100,,,99954,100,,,99946,100,,,99933,100
2019-06-28 09:59:12.782973663,100933,117,100646,248,101369,213,100229,213,101542,513,100204,213,101925,100,100136,100,102739,100,100006,100,,,99999,100,,,99994,100,,,99954,100,,,99946,100,,,99933,100
2019-06-28 09:59:19.606948711,100840,100,100646,248,100933,117,100229,213,101369,213,100204,213,101542,513,100136,100,101925,100,100006,100,102739,100,99999,100,,,99994,100,,,99954,100,,,99946,100,,,99933,100
2019-06-28 09:59:20.000000000,100840,186,100646,217,101369,186,100229,186,101542,486,100204,186,101925,186,100136,186,102739,100,100006,100,,,99999,100,,,99994,100,,,99954,100,,,99946,100,,,99933,100
2019-06-28 09:59:21.534476915,100840,186,100646,217,100969,100,100229,186,101369,186,100204,186,101542,486,100136,186,101925,186,100006,100,102739,100,99999,100,,,99994,100,,,99954,100,,,99946,100,,,99933,100
2019-06-28 09:59:22.128605976,100840,186,100646,217,100969,100,100229,186,101369,186,100204,186,101542,386,100136,186,101925,186,100006,100,102739,100,99999,100,,,99994,100,,,99954,100,,,99946,100,,,99933,100
2019-06-28 09:59:27.072560625,100840,186,100646,217,100969,100,100229,186,101051,100,100204,186,101369,186,100136,186,101542,386,100006,100,101925,186,99999,100,102739,100,99994,100,,,99954,100,,,99946,100,,,99933,100
2019-06-28 09:59:28.886346291,100840,186,100646,217,100969,100,100229,186,101051,100,100204,186,101127,100,100136,186,101369,186,100006,100,101542,386,99999,100,101925,186,99994,100,102739,100,99954,100,,,99946,100,,,99933,100
2019-06-28 09:59:30.000000000,100840,217,100646,248,100969,213,100229,213,101051,213,100204,213,101127,100,100136,100,101369,100,100006,100,101542,300,99999,100,101925,100,99994,100,102739,100,99954,100,,,99946,100,,,99933,100
2019-06-28 09:59:30.773101391,100840,217,100646,248,100969,213,100229,213,101051,213,100204,213,101127,100,100136,100,101369,100,100006,100,101542,300,99999,100,101925,100,99994,100,102739,100,99954,100,,,99946,100,,,99933,100
2019-06-28 09:59:40.000000000,100840,186,100646,217,100969,186,100229,186,101051,186,100204,186,101127,186,100136,186,101369,100,100006,100,101542,300,99999,100,101925,100,99994,100,102739,100,99954,100,,,99946,100,,,99933,100
2019-06-28 09:59:40.086667292,100840,186,100646,217,100902,100,100229,186,100969,186,100204,186,101051,186,100136,186,101127,186,100006,100,101369,100,99999,100,101542,300,99994,100,101925,100,99954,100,102739,100,99946,100,,,99933,100
2019-06-28 09:59:44.893888720,100840,186,100836,100,100902,100,100646,217,100969,186,100229,186,101051,186,100204,186,101127,186,100136,186,101369,100,100006,100,101542,300,99999,100,101925,100,99994,100,102739,100,99954,100,,,99946,100
2019-06-28 09:59:50.000000000,100840,272,100836,272,100902,272,100646,303,100969,100,100229,100,101051,100,100204,100,101127,100,100136,100,101369,100,100006,100,101542,300,99999,100,101925,100,99994,100,102739,100,99954,100,,,99946,100
2019-06-28 09:59:52.525407530,100840,272,100836,272,100902,272,100782,100,100969,100,100646,303,101051,100,100229,100,101127,100,100204,100,101369,100,100136,100,101542,300,100006,100,101925,100,99999,100,102739,100,99994,100,,,99954,100
2019-06-28 09:59:59.621775381,100840,172,100836,272,100902,272,100782,100,100969,100,100646,303,101051,100,100229,100,101127,100,100204,100,101369,100,100136,100,101542,300,100006,100,101925,100,99999,100,102739,100,99994,100,,,99954,100
2019-06-28 10:00:00.000000000,100902,217,100836,217,100969,213,100782,213,101051,213,100646,244,101127,100,100229,100,101369,100,100204,100,101542,300,100136,100,101925,100,100006,100,102739,100,99999,100,,,99994,100,,,99954,100
2019-06-28 10:00:07.483729039,100902,217,100836,217,100969,213,100782,213,101051,213,100655,100,101127,100,100646,244,101369,100,100229,100,101542,300,100136,100,101925,100,100006,100,102739,100,99999,100,,,99994,100,,,99954,100
2019-06-28 10:00:07.830056542,100902,217,100836,217,100969,213,100782,213,101051,213,100759,100,101127,100,100655,100,101369,100,100646,244,101542,300,100229,100,101925,100,100136,100,102739,100,100006,100,,,99999,100,,,99994,100
2019-06-28 10:00:10.000000000,100902,186,100836,186,100969,186,100782,186,101051,186,100759,186,101127,186,100655,186,101369,100,100646,131,101542,300,100229,100,101925,100,100136,100,102739,100,100006,100,,,99999,100,,,99994,100
2019-06-28 10:00:18.218597644,100902,186,100836,186,100969,186,100782,186,101051,186,100759,186,101127,186,100725,100,101369,100,100655,186,101542,300,100646,131,101925,100,100229,100,102739,100,100136,100,,,100006,100,,,99999,100
2019-06-28 10:00:20.000000000,100902,169,100836,169,100969,169,100782,169,101051,169,100759,169,101127,169,100725,169,101369,169,100655,169,101542,300,100646,131,101925,100,100229,100,102739,100,100136,100,,,100006,100,,,99999,100
2019-06-28 10:00:23.740815546,100902,169,100836,169,100969,169,100782,169,101051,169,100759,169,101084,100,100725,169,101127,69,100655,169,101369,169,100646,131,101542,300,100229,100,101925,100,100136,100,102739,100,100006,100,,,99999,100
2019-06-28 10:00:27.296940813,100902,69,100836,169,100969,169,100782,169,101051,169,100759,169,101084,100,100725,169,101127,69,100655,169,101369,169,100646,131,101542,300,100229,100,101925,100,100136,100,102739,100,100006,100,,,99999,100
2019-06-28 10:00:30.000000000,100969,169,100836,169,101051,169,100782,169,101084,169,100759,169,101369,169,100725,169,101542,369,100655,169,101925,100,100646,131,102739,100,100229,100,,,100136,100,,,100006,100,,,99999,100
2019-06-28 10:00:40.000000000,100969,169,100836,169,101051,169,100782,169,101084,169,100759,169,101369,169,100725,169,101542,369,100655,169,101925,100,100646,131,102739,100,100229,100,,,100136,100,,,100006,100,,,99999,100
2019-06-28 10:00:50.000000000,100969,272,100836,272,101051,272,100782,272,101084,100,100759,100,101369,100,100725,100,101542,300,100655,100,101925,100,100646,131,102739,100,100229,100,,,100136,100,,,100006,100,,,99999,100
2019-06-28 10:01:00.000000000,100969,443,100836,443,101051,100,100782,100,101084,100,100759,100,101369,100,100725,100,101542,300,100655,100,101925,100,100646,131,102739,100,100229,100,,,100136,100,,,100006,100,,,99999,100
2019-06-28 10:01:01.823350695,100839,100,100836,443,100969,443,100782,100,101051,100,100759,100,101084,100,100725,100,101369,100,100655,100,101542,300,100646,131,101925,100,100229,100,102739,100,100136,100,,,100006,100,,,99999,100
2019-06-28 10:01:10.000000000,100839,186,100836,186,100969,186,100782,186,101051,186,100759,186,101084,186,100725,186,101369,100,100655,100,101542,300,100646,131,101925,100,100229,100,102739,100,100136,100,,,100006,100,,,99999,100
2019-06-28 10:01:10.498987695,100839,186,100836,186,100969,186,100782,186,101051,186,100759,186,101084,186,100725,186,101369,100,100655,100,101542,300,100646,131,101925,100,100229,100,102739,100,100136,100,,,100131,100,,,100006,100
2019-06-28 10:01:20.000000000,100839,272,100836,272,100969,272,100782,272,101051,100,100759,100,101084,100,100725,100,101369,100,100655,100,101542,300,100646,131,101925,100,100229,100,102739,100,100136,100,,,100131,100,,,100006,100
2019-06-28 10:01:30.000000000,100839,186,100836,186,100969,186,100782,186,101051,186,100759,186,101084,186,100725,186,101369,100,100655,100,101542,300,100646,131,101925,100,100229,100,102739,100,100136,100,,,100131,100,,,100006,100
2019-06-28 10:01:40.000000000,100839,169,100836,169,100969,169,100782,169,101051,169,100759,169,101084,169,100725,169,101369,169,100655,169,101542,300,100646,131,101925,100,100229,100,102739,100,100136,100,,,100131,100,,,100006,100
2019-06-28 10:01:41.361113023,100839,169,100836,169,100969,169,100782,169,101051,169,100759,169,101084,169,100725,169,101369,169,100655,169,101542,300,100646,131,101925,100,100466,100,102739,100,100229,100,,,100136,100,,,100131,100
2019-06-28 10:01:50.000000000,100839,217,100836,217,100969,213,100782,213,101051,213,100759,213,101084,100,100725,100,101369,100,100655,100,101542,300,100646,131,101925,100,100466,100,102739,100,100229,100,,,100136,100,,,100131,100
2019-06-28 10:02:00.000000000,100839,217,100836,217,100969,213,100782,213,101051,213,100759,213,101084,100,100725,100,101369,100,100655,100,101542,300,100646,131,101925,100,100466,100,102739,100,100229,100,,,100136,100,,,100131,100
2019-06-28 10:02:08.824987867,100839,217,100836,217,100969,213,100782,213,101051,213,100759,213,101084,100,100725,100,101157,100,100655,100,101369,100,100646,131,101542,300,100466,100,101925,100,100229,100,102739,100,100136,100,,,100131,100
2019-06-28 10:02:10.000000000,100839,169,100836,169,100969,169,100782,169,101051,169,100759,169,101084,169,100725,169,101157,169,100655,169,101369,100,100646,131,101542,300,100466,100,101925,100,100229,100,102739,100,100136,100,,,100131,100
2019-06-28 10:02:10.418929900,100839,169,100836,169,100969,169,100782,169,101051,169,100759,169,101052,100,100725,169,101084,169,100655,169,101157,169,100646,131,101369,100,100466,100,101542,300,100229,100,101925,100,100136,100,102739,100,100131,100
2019-06-28 10:02:20.000000000,100839,169,100836,169,100969,169,100782,169,101051,169,100759,169,101052,169,100725,169,101084,169,100655,169,101157,100,100646,131,101369,100,100466,100,101542,300,100229,100,101925,100,100136,100,102739,100,100131,100
2019-06-28 10:02:29.882891025,100839,169,100836,169,100969,169,100782,169,101051,169,100759,169,101052,169,100725,169,101084,169,100655,169,101157,100,100646,131,101369,100,100466,100,101542,300,100229,100,101925,100,100136,100,102739,100,100131,100
2019-06-28 10:02:30.000000000,100839,217,100836,217,100969,213,100782,213,101051,213,100759,213,101052,100,100725,100,101084,100,100655,100,101157,100,100646,131,101369,100,100466,100,101542,300,100229,100,101925,100,100136,100,102739,100,100131,100
2019-06-28 10:02:36.005573253,100839,217,100836,117,100969,213,100782,213,101051,213,100759,213,101052,100,100725,100,101084,100,100655,100,101157,100,100646,131,101369,100,100466,100,101542,300,100229,100,101925,100,100136,100,102739,100,100131,100
2019-06-28 10:02:40.000000000,100839,443,100782,443,100969,100,100759,100,101051,100,100725,100,101052,100,100655,100,101084,100,100646,131,101157,100,100466,100,101369,100,100229,100,101542,300,100136,100,101925,100,100131,100,102739,100,100006,100
2019-06-28 10:02:49.135887955,100839,443,100782,343,100969,100,100759,100,101051,100,100725,100,101052,100,100655,100,101084,100,100646,131,101157,100,100466,100,101369,100,100229,100,101542,300,100136,100,101925,100,100131,100,102739,100,100006,100
2019-06-28 10:02:50.000000000,100839,272,100759,272,100969,272,100725,272,101051,100,100655,100,101052,100,100646,131,101084,100,100466,100,101157,100,100229,100,101369,100,100136,100,101542,300,100131,100,101925,100,100006,100,102739,100,99999,100
2019-06-28 10:02:51.702182870,100839,272,100759,172,100969,272,100725,272,101051,100,100655,100,101052,100,100646,131,101084,100,100466,100,101157,100,100229,100,101369,100,100136,100,101542,300,100131,100,101925,100,100006,100,102739,100,99999,100
2019-06-28 10:03:00.000000000,100839,169,100725,169,100969,169,100655,169,101051,169,100646,200,101052,169,100466,169,101084,169,100229,169,101157,100,100136,100,101369,100,100131,100,101542,300,100006,100,101925,100,99999,100,102739,100,99994,100
2019-06-28 10:03:08.417774148,100839,169,100725,69,100969,169,100655,169,101051,169,100646,200,101052,169,100466,169,101084,169,100229,169,101157,100,100136,100,101369,100,100131,100,101542,300,100006,100,101925,100,99999,100,102739,100,99994,100
2019-06-28 10:03:10.000000000,100839,169,100655,169,100969,169,100646,200,101051,169,100466,169,101052,169,100229,169,101084,169,100136,169,101157,100,100131,100,101369,100,100006,100,101542,300,99999,100,101925,100,99994,100,102739,100,99961,100
2019-06-28 10:03:20.000000000,100839,217,100655,217,100969,213,100646,244,101051,213,100466,213,101052,100,100229,100,101084,100,100136,100,101157,100,100131,100,101369,100,100006,100,101542,300,99999,100,101925,100,99994,100,102739,100,99961,100
2019-06-28 10:03:30.000000000,100839,272,100655,272,100969,272,100646,303,101051,100,100466,100,101052,100,100229,100,101084,100,100136,100,101157,100,100131,100,101369,100,100006,100,101542,300,99999,100,101925,100,99994,100,102739,100,99961,100
2019-06-28 10:03:40.000000000,100839,443,100655,443,100969,100,100646,131,101051,100,100466,100,101052,100,100229,100,101084,100,100136,100,101157,100,100131,100,101369,100,100006,100,101542,300,99999,100,101925,100,99994,100,102739,100,99961,100
2019-06-28 10:03:46.227309776,100839,443,100655,443,100969,100,100650,100,101051,100,100646,131,101052,100,100466,100,101084,100,100229,100,101157,100,100136,100,101369,100,100131,100,101542,300,100006,100,101925,100,99999,100,102739,100,99994,100
2019-06-28 10:03:50.000000000,100839,272,100655,272,100969,272,100650,272,101051,100,100646,131,101052,100,100466,100,101084,100,100229,100,101157,100,100136,100,101369,100,100131,100,101542,300,100006,100,101925,100,99999,100,102739,100,99994,100
2019-06-28 10:03:58.879148048,100839,272,100700,100,100969,272,100655,272,101051,100,100650,272,101052,100,100646,131,101084,100,100466,100,101157,100,100229,100,101369,100,100136,100,101542,300,100131,100,101925,100,100006,100,102739,100,99999,100
2019-06-28 10:04:00.000000000,100839,169,100700,169,100969,169,100655,169,101051,169,100650,169,101052,169,100646,200,101084,169,100466,169,101157,100,100229,100,101369,100,100136,100,101542,300,100131,100,101925,100,100006,100,102739,100,99999,100
2019-06-28 10:04:05.161248416,100839,69,100700,169,100969,169,100655,169,101051,169,100650,169,101052,169,100646,200,101084,169,100466,169,101157,100,100229,100,101369,100,100136,100,101542,300,100131,100,101925,100,100006,100,102739,100,99999,100
2019-06-28 10:04:07.144753218,100838,100,100700,169,100839,69,100655,169,100969,169,100650,169,101051,169,100646,200,101052,169,100466,169,101084,169,100229,100,101157,100,100136,100,101369,100,100131,100,101542,300,100006,100,101925,100,99999,100
2019-06-28 10:04:07.805962343,100838,100,100700,169,100839,69,100655,169,100871,100,100650,169,100969,169,100646,200,101051,169,100466,169,101052,169,100229,100,101084,169,100136,100,101157,100,100131,100,101369,100,100006,100,101542,300,99999,100
2019-06-28 10:04:10.000000000,100838,186,100700,186,100871,186,100655,186,100969,186,100650,186,101051,186,100646,217,101052,100,100466,100,101084,100,100229,100,101157,100,100136,100,101369,100,100131,100,101542,300,100006,100,101925,100,99999,100
2019-06-28 10:04:20.000000000,100838,217,100700,217,100871,213,100655,213,100969,213,100650,213,101051,100,100646,131,101052,100,100466,100,101084,100,100229,100,101157,100,100136,100,101369,100,100131,100,101542,300,100006,100,101925,100,99999,100
2019-06-28 10:04:30.000000000,100838,169,100700,169,100871,169,100655,169,100969,169,100650,169,101051,169,100646,200,101052,169,100466,169,101084,100,100229,100,101157,100,100136,100,101369,100,100131,100,101542,300,100006,100,101925,100,99999,100
2019-06-28 10:04:40.000000000,100838,186,100700,186,100871,186,100655,186,100969,186,100650,186,101051,186,100646,217,101052,100,100466,100,101084,100,100229,100,101157,100,100136,100,101369,100,100131,100,101542,300,100006,100,101925,100,99999,100
2019-06-28 10:04:50.000000000,100838,217,100700,217,100871,213,100655,213,100969,213,100650,213,101051,100,100646,131,101052,100,100466,100,101084,100,100229,100,101157,100,100136,100,101369,100,100131,100,101542,300,100006,100,101925,100,99999,100
2019-06-28 10:04:52.432028733,100838,317,100700,217,100871,213,100655,213,100969,213,100650,213,101051,100,100646,131,101052,100,100466,100,101084,100,100229,100,101157,100,100136,100,101369,100,100131,100,101542,300,100006,100,101925,100,99999,100
2019-06-28 10:05:00.000000000,100838,372,100700,272,100871,272,100655,272,100969,100,100650,100,101051,100,100646,131,101052,100,100466,100,101084,100,100229,100,101157,100,100136,100,101369,100,100131,100,101542,300,100006,100,101925,100,99999,100
2019-06-28 10:05:03.417516223,100838,372,100700,272,100871,272,100655,272,100969,100,100650,100,101051,100,100646,131,101052,100,100466,100,101084,100,100229,100,101157,100,100136,100,101369,100,100131,100,101542,300,100098,100,101925,100,100006,100
2019-06-28 10:05:10.000000000,100838,543,100700,443,100871,100,100655,100,100969,100,100650,100,101051,100,100646,131,101052,100,100466,100,101084,100,100229,100,101157,100,100136,100,101369,100,100131,100,101542,300,100098,100,101925,100,100006,100
2019-06-28 10:05:13.044553566,100838,543,100700,343,100871,100,100655,100,100969,100,100650,100,101051,100,100646,131,101052,100,100466,100,101084,100,100229,100,101157,100,100136,100,101369,100,100131,100,101542,300,100098,100,101925,100,100006,100
2019-06-28 10:05:20.000000000,100838,269,100655,169,100871,169,100650,169,100969,169,100646,200,101051,169,100466,169,101052,169,100229,169,101084,100,100136,100,101157,100,100131,100,101369,100,100098,100,101542,300,100006,100,101925,100,99999,100
2019-06-28 10:05:23.398161483,100838,269,100655,169,100871,169,100650,169,100969,169,100646,200,101051,169,100466,169,101052,169,100229,169,101084,100,100136,100,101157,100,100131,100,101369,100,100098,100,101542,300,100006,100,101925,100,99999,100
2019-06-28 10:05:30.000000000,100838,543,100655,443,100871,100,100650,100,100969,100,100646,131,101051,100,100466,100,101052,100,100229,100,101084,100,100136,100,101157,100,100131,100,101369,100,100098,100,101542,300,100006,100,101925,100,99999,100
2019-06-28 10:05:40.000000000,100838,286,100655,186,100871,186,100650,186,100969,186,100646,217,101051,186,100466,186,101052,100,100229,100,101084,100,100136,100,101157,100,100131,100,101369,100,100098,100,101542,300,100006,100,101925,100,99999,100
2019-06-28 10:05:42.730143108,100838,286,100655,86,100871,186,100650,186,100969,186,100646,217,101051,86,100466,186,101052,100,100229,100,101084,100,100136,100,101157,100,100131,100,101369,100,100098,100,101542,300,100006,100,101925,100,99999,100
2019-06-28 10:05:43.254961453,100655,14,100650,186,100838,286,100646,217,100871,186,100466,186,100969,186,100229,100,101051,86,100136,100,101052,100,100131,100,101084,100,100098,100,101157,100,100006,100,101369,100,99999,100,101542,300,99994,100
2019-06-28 10:05:50.000000000,100655,100,100650,186,100838,286,100646,217,100871,186,100466,186,100969,186,100229,186,101052,100,100136,100,101084,100,100131,100,101157,100,100098,100,101369,100,100006,100,101542,300,99999,100,101925,100,99994,100
2019-06-28 10:05:50.503951936,100655,100,100650,186,100838,286,100646,217,100871,186,100466,186,100969,186,100229,186,101052,100,100136,100,101084,100,100131,100,101157,100,100098,100,101369,100,100006,100,101542,300,99999,100,101925,100,99994,100
2019-06-28 10:06:00.000000000,100655,131,100650,217,100838,313,100646,244,100871,213,100466,213,100969,100,100229,100,101052,100,100136,100,101084,100,100131,100,101157,100,100098,100,101369,100,100006,100,101542,300,99999,100,101925,100,99994,100
2019-06-28 10:06:01.406890304,100655,131,100650,117,100838,313,100646,244,100871,213,100466,213,100969,100,100136,100,101052,100,100131,100,101084,100,100098,100,101157,100,100006,100,101369,100,99999,100,101542,300,99994,100,101925,100,99993,100
2019-06-28 10:06:10.000000000,100655,357,100646,474,100838,200,100466,100,100871,100,100136,100,100969,100,100131,100,101052,100,100098,100,101084,100,100006,100,101157,100,99999,100,101369,100,99994,100,101542,300,99993,100,101925,100,99961,100
2019-06-28 10:06:18.483030936,100654,100,100646,474,100655,357,100466,100,100838,200,100136,100,100871,100,100131,100,100969,100,100098,100,101052,100,100006,100,101084,100,99999,100,101157,100,99994,100,101369,100,99993,100,101542,300,99961,100
2019-06-28 10:06:20.000000000,100654,443,100646,474,100655,14,100466,100,100838,200,100136,100,100871,100,100131,100,100969,100,100098,100,101052,100,100006,100,101084,100,99999,100,101157,100,99994,100,101369,100,99993,100,101542,300,99961,100
2019-06-28 10:06:27.118067421,100654,443,100646,374,100655,14,100466,100,100838,200,100136,100,100871,100,100131,100,100969,100,100098,100,101052,100,100006,100,101084,100,99999,100,101157,100,99994,100,101369,100,99993,100,101542,300,99961,100
2019-06-28 10:06:30.000000000,100654,217,100646,148,100655,127,100466,213,100838,313,100136,213,100871,100,100131,100,100969,100,100098,100,101052,100,100006,100,101084,100,99999,100,101157,100,99994,100,101369,100,99993,100,101542,300,99961,100
2019-06-28 10:06:40.000000000,100654,272,100646,203,100655,186,100466,272,100838,200,100136,100,100871,100,100131,100,100969,100,100098,100,101052,100,100006,100,101084,100,99999,100,101157,100,99994,100,101369,100,99993,100,101542,300,99961,100
2019-06-28 10:06:50.000000000,100654,186,100646,117,100655,100,100466,186,100838,286,100136,186,100871,186,100131,186,100969,100,100098,100,101052,100,100006,100,101084,100,99999,100,101157,100,99994,100,101369,100,99993,100,101542,300,99961,100
2019-06-28 10:07:00.000000000,100654,217,100646,148,100655,127,100466,213,100838,313,100136,213,100871,100,100131,100,100969,100,100098,100,101052,100,100006,100,101084,100,99999,100,101157,100,99994,100,101369,100,99993,100,101542,300,99961,100
2019-06-28 10:07:10.000000000,100654,272,100646,203,100655,186,100466,272,100838,200,100136,100,100871,100,100131,100,100969,100,100098,100,101052,100,100006,100,101084,100,99999,100,101157,100,99994,100,101369,100,99993,100,101542,300,99961,100
2019-06-28 10:07:19.198541652,100654,272,100646,203,100655,186,100466,272,100838,200,100136,100,100871,100,100131,100,100969,100,100098,100,101052,100,100006,100,101084,100,99999,100,101157,100,99994,100,101369,100,99993,100,101542,300,99961,100
2019-06-28 10:07:19.318068892,100654,272,100646,203,100655,186,100466,272,100838,200,100136,100,100871,100,100131,100,100969,100,100098,100,101052,100,100006,100,101084,100,99999,100,101157,100,99994,100,101369,100,99993,100,101542,300,99961,100
2019-06-28 10:07:20.000000000,100654,443,100646,374,100655,14,100466,100,100838,200,100136,100,100871,100,100131,100,100969,100,100098,100,101052,100,100006,100,101084,100,99999,100,101157,100,99994,100,101369,100,99993,100,101542,300,99961,100
2019-06-28 10:07:24.804633220,100650,100,100646,374,100654,443,100466,100,100655,14,100136,100,100838,100,100131,100,100871,100,100098,100,100969,100,100006,100,101052,100,99999,100,101084,100,99994,100,101157,100,99993,100,101369,100,99961,100
2019-06-28 10:07:30.000000000,100650,272,100646,203,100654,272,100466,272,100655,14,100136,100,100838,100,100131,100,100871,100,100098,100,100969,100,100006,100,101052,100,99999,100,101084,100,99994,100,101157,100,99993,100,101369,100,99961,100
2019-06-28 10:07:33.535042730,100650,272,100646,103,100654,272,100466,272,100655,14,100136,100,100838,100,100131,100,100871,100,100098,100,100969,100,100006,100,101052,100,99999,100,101084,100,99994,100,101157,100,99993,100,101369,100,99961,100
2019-06-28 10:07:34.153901132,100650,272,100646,3,100654,272,100466,272,100655,14,100136,100,100838,100,100131,100,100969,100,100098,100,101052,100,100006,100,101084,100,99999,100,101157,100,99994,100,101369,100,99993,100,101542,300,99961,100
2019-06-28 10:07:34.388637550,100650,272,100646,3,100654,272,100466,272,100655,14,100136,100,100838,100,100131,100,100969,100,100098,100,101052,100,100006,100,101084,100,99999,100,101157,100,99994,100,101369,100,99993,100,101542,300,99961,100
2019-06-28 10:07:40.000000000,100650,169,100466,169,100654,169,100136,169,100655,83,100131,169,100838,169,100098,169,100969,169,100006,169,101052,100,99999,100,101084,100,99994,100,101157,100,99993,100,101369,100,99961,100,101542,300,99946,100
2019-06-28 10:07:50.000000000,100650,443,100466,443,100654,100,100136,100,100655,14,100131,100,100838,100,100098,100,100969,100,100006,100,101052,100,99999,100,101084,100,99994,100,101157,100,99993,100,101369,100,99961,100,101542,300,99946,100
2019-06-28 10:08:00.000000000,100650,217,100466,217,100654,213,100136,213,100655,127,100131,213,100838,100,100098,100,100969,100,100006,100,101052,100,99999,100,101084,100,99994,100,101157,100,99993,100,101369,100,99961,100,101542,300,99946,100
2019-06-28 10:08:07.971193363,100650,217,100466,217,100654,213,100136,213,100655,127,100131,213,100838,100,100098,100,100969,100,100006,100,101052,100,99999,100,101084,100,99994,100,101157,100,99993,100,101369,100,99961,100,101542,300,99946,100
2019-06-28 10:08:10.000000000,100650,272,100466,272,100654,272,100136,272,100655,14,100131,100,100838,100,100098,100,100969,100,100006,100,101052,100,99999,100,101084,100,99994,100,101157,100,99993,100,101369,100,99961,100,101542,300,99946,100
2019-06-28 10:08:20.000000000,100650,217,100466,217,100654,213,100136,213,100655,127,100131,213,100838,100,100098,100,100969,100,100006,100,101052,100,99999,100,101084,100,99994,100,101157,100,99993,100,101369,100,99961,100,101542,300,99946,100
2019-06-28 10:08:20.939684957,100650,217,100466,217,100654,213,100136,213,100655,127,100131,213,100838,100,100098,100,100969,100,100006,100,101052,100,99999,100,101084,100,99994,100,101157,100,99993,100,101369,100,99961,100,101542,300,99946,100
2019-06-28 10:08:30.000000000,100650,186,100466,186,100654,186,100136,186,100655,100,100131,186,100838,186,100098,186,100969,100,100006,100,101052,100,99999,100,101084,100,99994,100,101157,100,99993,100,101369,100,99961,100,101542,300,99946,100
2019-06-28 10:08:40.000000000,100650,186,100466,186,100654,186,100136,186,100655,100,100131,186,100838,186,100098,186,100969,100,100006,100,101052,100,99999,100,101084,100,99994,100,101157,100,99993,100,101369,100,99961,100,101542,300,99946,100
2019-06-28 10:08:50.000000000,100650,217,100466,217,100654,213,100136,213,100655,127,100131,213,100838,100,100098,100,100969,100,100006,100,101052,100,99999,100,101084,100,99994,100,101157,100,99993,100,101369,100,99961,100,101542,300,99946,100
2019-06-28 10:09:00.000000000,100650,272,100466,272,100654,272,100136,272,100655,14,100131,100,100838,100,100098,100,100969,100,100006,100,101052,100,99999,100,101084,100,99994,100,101157,100,99993,100,101369,100,99961,100,101542,300,99946,100
