,ask_price_1,ask_size_1,bid_price_1,bid_size_1,ask_price_2,ask_size_2,bid_price_2,bid_size_2,ask_price_3,ask_size_3,bid_price_3,bid_size_3,ask_price_4,ask_size_4,bid_price_4,bid_size_4,ask_price_5,ask_size_5,bid_price_5,bid_size_5,ask_price_6,ask_size_6,bid_price_6,bid_size_6,ask_price_7,ask_size_7,bid_price_7,bid_size_7,ask_price_8,ask_size_8,bid_price_8,bid_size_8,ask_price_9,ask_size_9,bid_price_9,bid_size_9,ask_price_10,ask_size_10,bid_price_10,bid_size_10
2019-06-28 09:30:00.000000003,99953,100,99908,100,,,,,,,,,,,,,,,,,,,,,,,,,,,,,,,,,,,,
2019-06-28 09:30:00.000000004,99953,100,99908,100,,,99902,100,,,99872,100,,,,,,,,,,,,,,,,,,,,,,,,,,,,
2019-06-28 09:30:00.000000005,99953,100,99908,100,100012,100,99902,100,,,99872,100,,,,,,,,,,,,,,,,,,,,,,,,,,,,
2019-06-28 09:30:00.000000006,100012,100,99908,100,100110,100,99902,100,,,99872,100,,,,,,,,,,,,,,,,,,,,,,,,,,,,
2019-06-28 09:30:00.000000007,100012,100,99908,100,100110,100,99902,100,,,99897,100,,,99872,100,,,,,,,,,,,,,,,,,,,,,,,,
2019-06-28 09:30:00.000000011,99973,100,99933,100,100012,100,99908,100,100110,100,99902,100,,,99897,100,,,99872,100,,,,,,,,,,,,,,,,,,,,
2019-06-28 09:30:00.000000013,99973,100,99933,100,100012,100,99908,100,100035,100,99902,100,100110,100,99897,100,,,99872,100,,,,,,,,,,,,,,,,,,,,
2019-06-28 09:30:00.000000014,100012,100,99933,100,100035,100,99908,100,100110,100,99902,100,,,99897,100,,,99872,100,,,,,,,,,,,,,,,,,,,,
2019-06-28 09:30:00.000000015,100012,100,99933,100,100035,100,99908,100,100097,100,99902,100,100110,100,99897,100,,,99872,100,,,,,,,,,,,,,,,,,,,,
2019-06-28 09:30:00.000000019,100012,100,99933,100,100035,100,99931,100,100097,100,99908,100,100099,100,99902,100,100110,100,99897,100,,,99872,100,,,,,,,,,,,,,,,,
2019-06-28 09:30:00.000000020,100012,100,99933,100,100035,100,99931,100,100097,100,99908,100,100099,100,99902,100,100100,100,99897,100,100110,100,99872,100,,,99871,100,,,,,,,,,,,,
2019-06-28 09:30:00.000000026,99973,100,99933,100,100012,100,99931,100,100035,100,99908,100,100097,100,99902,100,100099,100,99897,100,100100,100,99872,100,100110,100,99871,100,,,,,,,,,,,,
2019-06-28 09:30:00.000000027,99973,100,99933,100,100011,100,99931,100,100012,100,99908,100,100035,100,99902,100,100097,100,99897,100,100099,100,99872,100,100100,100,99871,100,100110,100,,,,,,,,,,
2019-06-28 09:30:00.000000031,99973,100,99933,100,100011,100,99931,100,100012,100,99908,100,100030,100,99902,100,100035,100,99897,100,100097,100,99872,100,100099,100,99871,100,100100,100,,,100110,100,,,,,,
2019-06-28 09:30:00.000000037,99973,100,99965,100,99993,100,99933,100,100011,100,99931,100,100012,100,99908,100,100030,100,99902,100,100035,100,99897,100,100097,100,99872,100,100099,100,99871,100,100100,100,,,100110,100,,
2019-06-28 09:30:00.000000038,99973,100,99965,100,99993,100,99933,100,100011,100,99931,100,100012,100,99908,100,100030,100,99902,100,100035,100,99897,100,100081,100,99872,100,100097,100,99871,100,100099,100,,,100100,100,,
2019-06-28 09:30:00.000000041,99973,100,99965,100,99993,100,99933,100,100011,100,99931,100,100012,100,99908,100,100030,100,99902,100,100035,100,99897,100,100081,100,99872,100,100097,100,99871,100,100099,100,,,100100,100,,
2019-06-28 09:30:00.000000043,99973,100,99965,100,99993,100,99953,100,100011,100,99933,100,100012,100,99931,100,100030,100,99908,100,100035,100,99902,100,100081,100,99897,100,100097,100,99872,100,100099,100,99871,100,100100,100,,
2019-06-28 09:30:00.000000049,99973,100,99965,100,99993,100,99953,100,100011,100,99933,100,100012,100,99931,100,100030,100,99908,100,100035,100,99902,100,100057,100,99897,100,100081,100,99872,100,100097,100,99871,100,100099,100,,
2019-06-28 09:30:00.000000053,99973,100,99965,100,99993,100,99953,100,100011,100,99939,100,100012,100,99933,100,100030,100,99931,100,100035,100,99908,100,100057,100,99902,100,100081,100,99897,100,100097,100,99872,100,100099,100,99871,100
2019-06-28 09:30:00.000000054,99993,100,99965,100,100011,100,99953,100,100012,100,99939,100,100030,100,99933,100,100035,100,99931,100,100057,100,99908,100,100081,100,99902,100,100097,100,99897,100,100099,100,99872,100,100100,100,99871,100
2019-06-28 09:30:00.000000055,99993,100,99973,100,100011,100,99965,100,100012,100,99953,100,100030,100,99939,100,100035,100,99933,100,100057,100,99931,100,100081,100,99908,100,100097,100,99902,100,100099,100,99897,100,100100,100,99872,100
2019-06-28 09:30:00.000000057,99993,100,99965,100,100011,100,99953,100,100012,100,99939,100,100030,100,99933,200,100035,100,99931,100,100057,100,99908,100,100081,100,99902,100,100097,100,99897,100,100099,100,99872,100,100100,100,99871,100
2019-06-28 09:30:00.000000061,99993,100,99965,100,100011,100,99953,100,100012,100,99939,100,100030,100,99933,200,100035,100,99931,100,100057,100,99908,100,100081,100,99902,100,100097,100,99897,100,100099,100,99872,100,100100,100,99871,100
2019-06-28 09:30:00.000000063,99993,100,99965,100,100008,100,99953,100,100011,100,99939,100,100012,100,99933,200,100030,100,99931,100,100035,100,99908,100,100057,100,99902,100,100081,100,99897,100,100097,100,99872,100,100099,100,99871,100
2019-06-28 09:30:00.000000067,99993,100,99973,100,100008,100,99965,100,100011,100,99953,100,100012,100,99939,100,100030,100,99933,200,100035,100,99931,100,100057,100,99908,100,100081,100,99902,100,100097,100,99897,100,100099,100,99872,100
2019-06-28 09:30:00.000000071,99993,100,99973,200,100008,100,99965,100,100011,100,99953,100,100012,100,99939,100,100030,100,99933,200,100035,100,99931,100,100057,100,99908,100,100060,100,99902,100,100081,100,99897,100,100097,100,99883,100
2019-06-28 09:30:00.000000072,99993,100,99976,100,100008,100,99973,200,100011,100,99965,100,100012,100,99953,100,100030,100,99939,100,100035,100,99933,200,100057,100,99931,100,100060,100,99908,100,100081,100,99902,100,100097,100,99897,100
2019-06-28 09:30:00.000000073,99993,100,99976,100,100008,100,99973,200,100011,100,99965,100,100012,100,99953,100,100030,100,99939,100,100035,100,99933,200,100057,100,99931,100,100060,100,99908,100,100081,100,99902,100,100097,100,99897,100
2019-06-28 09:30:00.000000074,99993,100,99976,100,100008,100,99973,200,100011,100,99965,100,100012,100,99964,100,100030,100,99953,100,100035,100,99939,100,100057,100,99933,200,100060,100,99931,100,100081,100,99908,100,100097,100,99902,100
2019-06-28 09:30:00.000000078,99993,100,99976,100,100008,100,99973,200,100011,100,99965,100,100012,100,99964,100,100030,100,99953,100,100035,100,99939,100,100057,100,99933,200,100060,100,99931,100,100081,100,99908,100,100097,100,99902,100
2019-06-28 09:30:00.000000081,99993,100,99976,100,100008,100,99973,200,100011,100,99965,100,100012,100,99964,100,100030,100,99957,100,100035,100,99953,100,100057,100,99939,100,100060,100,99933,200,100081,100,99931,100,100097,100,99908,100
2019-06-28 09:30:00.000000083,99993,100,99976,100,100008,100,99973,200,100011,100,99965,100,100012,100,99964,100,100030,100,99957,100,100035,100,99953,100,100038,100,99939,100,100057,100,99933,200,100060,100,99931,100,100081,100,99908,100
2019-06-28 09:30:00.000000085,99993,100,99976,100,100008,100,99973,200,100011,100,99965,100,100012,100,99964,100,100030,100,99957,100,100035,100,99953,100,100038,100,99939,100,100057,100,99933,200,100060,100,99931,100,100081,100,99908,100
2019-06-28 09:30:00.000000086,99993,100,99976,100,100008,100,99973,200,100011,100,99965,100,100012,100,99964,100,100030,100,99957,100,100035,100,99953,100,100038,100,99939,100,100057,100,99933,200,100060,100,99931,100,100081,100,99908,100
2019-06-28 09:30:00.000000087,99993,100,99977,100,100008,100,99976,100,100011,100,99973,200,100012,100,99965,100,100030,100,99964,100,100035,100,99957,100,100038,100,99953,100,100057,100,99939,100,100060,100,99933,200,100081,100,99931,100
2019-06-28 09:30:00.000000090,99993,200,99977,100,100008,100,99976,100,100011,100,99973,200,100012,100,99965,100,100030,100,99964,100,100035,100,99957,100,100038,100,99953,100,100057,100,99939,100,100060,100,99933,200,100081,100,99931,100
2019-06-28 09:30:00.000000091,99992,100,99977,100,99993,200,99976,100,100008,100,99973,200,100011,100,99965,100,100012,100,99964,100,100030,100,99957,100,100035,100,99953,100,100038,100,99939,100,100057,100,99933,200,100060,100,99931,100
2019-06-28 09:30:00.000000092,99992,100,99977,100,99993,200,99976,100,100008,100,99973,200,100011,100,99965,100,100012,100,99964,100,100030,100,99957,100,100035,100,99953,100,100038,100,99939,100,100050,100,99933,200,100057,100,99931,100
2019-06-28 09:30:00.000000093,99992,100,99977,100,99993,200,99976,100,100008,100,99973,200,100011,100,99965,100,100012,100,99964,100,100030,100,99957,100,100035,100,99953,100,100038,200,99939,100,100050,100,99933,200,100057,100,99931,100
2019-06-28 09:30:00.000000094,99993,200,99977,100,100008,100,99976,100,100011,100,99973,200,100012,100,99965,100,100030,100,99964,100,100035,200,99957,100,100038,200,99953,100,100050,100,99939,100,100057,100,99933,200,100060,100,99931,100
2019-06-28 09:30:00.000000095,99993,200,99977,100,100008,100,99976,100,100011,100,99973,200,100012,100,99965,100,100030,100,99964,100,100035,200,99957,100,100038,200,99953,100,100050,100,99939,100,100057,100,99933,200,100060,100,99931,100
2019-06-28 09:30:00.000000096,99993,200,99977,100,100008,100,99976,100,100011,100,99973,200,100012,100,99965,100,100030,100,99964,100,100035,200,99957,100,100038,200,99953,100,100050,100,99939,100,100057,100,99933,200,100059,100,99931,100
2019-06-28 09:30:00.000000098,99993,200,99977,100,100008,100,99976,100,100011,100,99973,200,100012,100,99965,100,100030,100,99964,100,100035,200,99957,100,100038,200,99953,100,100050,100,99939,100,100057,100,99933,200,100059,100,99931,100
2019-06-28 09:30:00.000000099,99992,100,99977,100,99993,200,99976,100,100008,100,99973,200,100011,100,99965,100,100012,100,99964,100,100030,100,99957,100,100033,100,99953,100,100035,200,99939,100,100038,200,99933,200,100050,100,99931,100
2019-06-28 09:30:06.962957531,99992,100,99977,100,99993,200,99976,100,100008,100,99973,200,100011,100,99965,100,100012,100,99964,100,100030,100,99957,100,100033,100,99953,100,100035,200,99939,100,100038,200,99933,200,100050,100,99931,100
2019-06-28 09:30:10.000000000,99992,297,99977,297,99993,397,99976,297,100008,100,99973,200,100011,100,99965,100,100012,100,99964,100,100030,100,99957,100,100033,100,99953,100,100035,200,99939,100,100038,200,99933,200,100050,100,99931,100
2019-06-28 09:30:20.000000000,99992,198,99977,198,99993,298,99976,198,100008,198,99973,298,100011,198,99965,198,100012,100,99964,100,100030,100,99957,100,100033,100,99953,100,100035,200,99939,100,100038,200,99933,200,100050,100,99931,100
2019-06-28 09:30:23.015673574,99992,198,99977,198,99993,298,99976,198,100008,198,99973,298,100011,198,99965,198,100012,100,99964,100,100030,100,99957,100,100033,100,99953,100,100035,200,99939,100,100038,200,99933,200,100050,100,99931,100
2019-06-28 09:30:29.768429750,99992,98,99977,198,99993,298,99976,198,100008,198,99973,298,100011,198,99965,198,100012,100,99964,100,100030,100,99957,100,100033,100,99953,100,100035,200,99939,100,100038,200,99933,200,100050,100,99929,100
2019-06-28 09:30:30.000000000,99993,279,99977,179,100008,179,99976,179,100011,179,99973,279,100012,179,99965,179,100030,179,99964,179,100033,100,99957,100,100035,200,99953,100,100038,200,99939,100,100050,100,99933,200,100057,100,99929,100
2019-06-28 09:30:38.005239819,99993,179,99977,179,100008,179,99976,179,100011,179,99973,279,100012,179,99965,179,100030,179,99964,179,100033,100,99957,100,100035,200,99953,100,100038,200,99939,100,100050,100,99933,200,100057,100,99929,100
2019-06-28 09:30:40.000000000,99993,494,99977,494,100008,100,99976,100,100011,100,99973,200,100012,100,99965,100,100030,100,99964,100,100033,100,99957,100,100035,200,99953,100,100038,200,99939,100,100050,100,99933,200,100057,100,99929,100
2019-06-28 09:30:50.000000000,99993,297,99977,297,100008,297,99976,297,100011,100,99973,200,100012,100,99965,100,100030,100,99964,100,100033,100,99957,100,100035,200,99953,100,100038,200,99939,100,100050,100,99933,200,100057,100,99929,100
2019-06-28 09:31:00.000000000,99993,494,99977,494,100008,100,99976,100,100011,100,99973,200,100012,100,99965,100,100030,100,99964,100,100033,100,99957,100,100035,200,99953,100,100038,200,99939,100,100050,100,99933,200,100057,100,99929,100
2019-06-28 09:31:02.022903872,99993,494,99977,494,100008,100,99976,100,100011,100,99973,200,100012,100,99965,100,100030,100,99964,100,100033,100,99957,100,100035,200,99953,100,100038,200,99939,100,100050,100,99933,200,100057,100,99929,100
2019-06-28 09:31:05.987916341,99993,394,99977,494,100008,100,99976,100,100011,100,99973,200,100012,100,99965,100,100030,100,99964,100,100033,100,99957,100,100035,200,99953,100,100038,200,99939,100,100050,100,99933,200,100057,100,99929,100
2019-06-28 09:31:10.000000000,100008,297,99977,297,100011,297,99976,297,100012,100,99973,200,100030,100,99965,100,100033,100,99964,100,100035,200,99957,100,100038,200,99953,100,100050,100,99939,100,100057,100,99933,200,100059,100,99929,100
2019-06-28 09:31:10.390431861,100008,297,99977,297,100011,297,99976,297,100012,100,99973,200,100030,100,99965,100,100033,100,99964,100,100035,100,99957,100,100038,200,99953,100,100050,100,99939,100,100057,100,99933,200,100059,100,99929,100
2019-06-28 09:31:20.000000000,100008,179,99977,179,100011,179,99976,179,100012,179,99973,279,100030,179,99965,179,100033,179,99964,179,100035,100,99957,100,100038,200,99953,100,100050,100,99939,100,100057,100,99933,200,100059,100,99929,100
2019-06-28 09:31:25.010970309,100008,179,99977,79,100011,179,99976,179,100012,179,99973,279,100030,179,99965,179,100033,179,99964,179,100035,100,99957,100,100038,200,99953,100,100050,100,99933,200,100057,100,99929,100,100059,100,99923,100
2019-06-28 09:31:30.000000000,100008,198,99976,198,100011,198,99973,298,100012,198,99965,198,100030,198,99964,198,100033,100,99957,100,100035,100,99953,100,100038,200,99933,200,100050,100,99929,100,100057,100,99923,100,100059,100,99908,100
2019-06-28 09:31:38.808256665,99992,100,99976,198,100008,198,99973,298,100011,198,99965,198,100012,198,99964,198,100030,198,99957,100,100033,100,99953,100,100035,100,99933,200,100038,200,99929,100,100050,100,99923,100,100057,100,99908,100
2019-06-28 09:31:40.000000000,99992,179,99976,179,100008,179,99973,279,100011,179,99965,179,100012,179,99964,179,100030,179,99957,179,100033,100,99953,100,100035,100,99933,200,100038,200,99929,100,100050,100,99923,100,100057,100,99908,100
2019-06-28 09:31:50.000000000,99992,494,99976,494,100008,100,99973,200,100011,100,99965,100,100012,100,99964,100,100030,100,99957,100,100033,100,99953,100,100035,100,99933,200,100038,200,99929,100,100050,100,99923,100,100057,100,99908,100
2019-06-28 09:31:53.133390481,99992,494,99976,494,100008,100,99973,200,100011,100,99965,100,100012,100,99964,100,100030,100,99957,100,100033,100,99953,100,100038,200,99933,200,100050,100,99929,100,100057,100,99923,100,100059,100,99908,100
2019-06-28 09:32:00.000000000,99992,297,99976,297,100008,297,99973,397,100011,100,99965,100,100012,100,99964,100,100030,100,99957,100,100033,100,99953,100,100038,200,99933,200,100050,100,99929,100,100057,100,99923,100,100059,100,99908,100
2019-06-28 09:32:09.338179525,99992,297,99976,97,100008,297,99973,397,100011,100,99965,100,100012,100,99964,100,100030,100,99957,100,100033,100,99953,100,100038,200,99933,200,100050,100,99929,100,100057,100,99923,100,100059,100,99908,100
2019-06-28 09:32:10.000000000,99992,234,99973,334,100008,230,99965,230,100011,230,99964,230,100012,100,99957,100,100030,100,99953,100,100033,100,99933,200,100038,200,99929,100,100050,100,99923,100,100057,100,99908,100,100059,100,99902,100
2019-06-28 09:32:20.000000000,99992,198,99973,298,100008,198,99965,198,100011,198,99964,198,100012,198,99957,198,100030,100,99953,100,100033,100,99933,200,100038,200,99929,100,100050,100,99923,100,100057,100,99908,100,100059,100,99902,100
2019-06-28 09:32:30.000000000,99992,494,99973,594,100008,100,99965,100,100011,100,99964,100,100012,100,99957,100,100030,100,99953,100,100033,100,99933,200,100038,200,99929,100,100050,100,99923,100,100057,100,99908,100,100059,100,99902,100
2019-06-28 09:32:30.377081784,99977,100,99973,594,99992,494,99965,100,100008,100,99964,100,100011,100,99957,100,100012,100,99953,100,100030,100,99933,200,100033,100,99929,100,100038,200,99923,100,100050,100,99908,100,100057,100,99902,100
2019-06-28 09:32:38.047281065,99977,100,99973,594,99992,494,99965,100,100008,100,99964,100,100011,100,99957,100,100012,100,99953,100,100030,100,99933,200,100033,100,99929,100,100038,200,99923,100,100050,100,99908,100,100057,100,99902,100
2019-06-28 09:32:40.000000000,99977,494,99973,594,99992,100,99965,100,100008,100,99964,100,100011,100,99957,100,100012,100,99953,100,100030,100,99933,200,100033,100,99929,100,100038,200,99923,100,100050,100,99908,100,100057,100,99902,100
2019-06-28 09:32:50.000000000,99977,494,99973,594,99992,100,99965,100,100008,100,99964,100,100011,100,99957,100,100012,100,99953,100,100030,100,99933,200,100033,100,99929,100,100038,200,99923,100,100050,100,99908,100,100057,100,99902,100
2019-06-28 09:33:00.000000000,99977,494,99973,594,99992,100,99965,100,100008,100,99964,100,100011,100,99957,100,100012,100,99953,100,100030,100,99933,200,100033,100,99929,100,100038,200,99923,100,100050,100,99908,100,100057,100,99902,100
2019-06-28 09:33:10.000000000,99977,179,99973,279,99992,179,99965,179,100008,179,99964,179,100011,179,99957,179,100012,179,99953,179,100030,100,99933,200,100033,100,99929,100,100038,200,99923,100,100050,100,99908,100,100057,100,99902,100
2019-06-28 09:33:11.951274235,99977,179,99973,179,99992,179,99965,179,100008,179,99964,179,100011,179,99957,179,100012,179,99953,179,100030,100,99933,200,100033,100,99929,100,100038,200,99923,100,100050,100,99908,100,100057,100,99902,100
2019-06-28 09:33:20.000000000,99977,234,99973,234,99992,230,99965,230,100008,230,99964,230,100011,100,99957,100,100012,100,99953,100,100030,100,99933,200,100033,100,99929,100,100038,200,99923,100,100050,100,99908,100,100057,100,99902,100
2019-06-28 09:33:21.389372493,99977,234,99973,234,99992,230,99965,230,100008,230,99964,230,100011,100,99957,100,100012,100,99953,100,100030,100,99933,200,100033,100,99929,100,100038,200,99923,100,100050,100,99908,100,100057,100,99902,100
2019-06-28 09:33:21.804259737,99976,100,99973,234,99977,234,99965,230,99992,230,99964,230,100008,230,99957,100,100011,100,99953,100,100012,100,99933,200,100030,100,99929,100,100033,100,99923,100,100038,200,99908,100,100050,100,99902,100
2019-06-28 09:33:30.000000000,99976,198,99973,198,99977,198,99965,198,99992,198,99964,198,100008,198,99957,198,100011,100,99953,100,100012,100,99933,200,100030,100,99929,100,100033,100,99923,100,100038,200,99908,100,100050,100,99902,100
2019-06-28 09:33:40.000000000,99976,198,99973,198,99977,198,99965,198,99992,198,99964,198,100008,198,99957,198,100011,100,99953,100,100012,100,99933,200,100030,100,99929,100,100033,100,99923,100,100038,200,99908,100,100050,100,99902,100
2019-06-28 09:33:42.950404656,99976,298,99973,198,99977,198,99965,198,99992,198,99964,198,100008,198,99957,198,100011,100,99953,100,100012,100,99933,200,100030,100,99929,100,100033,100,99923,100,100038,200,99908,100,100050,100,99902,100
2019-06-28 09:33:50.000000000,99976,594,99973,494,99977,100,99965,100,99992,100,99964,100,100008,100,99957,100,100011,100,99953,100,100012,100,99933,200,100030,100,99929,100,100033,100,99923,100,100038,200,99908,100,100050,100,99902,100
2019-06-28 09:33:50.366552398,99976,594,99973,494,99977,100,99965,100,99992,100,99964,100,100008,100,99957,100,100011,100,99953,100,100012,100,99933,200,100030,100,99929,100,100033,100,99923,100,100038,200,99908,100,100050,100,99902,100
2019-06-28 09:33:50.410221030,99976,594,99973,494,99977,100,99965,100,99992,100,99957,100,100008,100,99953,100,100011,100,99933,200,100012,100,99929,100,100030,100,99923,100,100033,100,99908,100,100038,200,99902,100,100050,100,99895,100
2019-06-28 09:34:00.000000000,99976,397,99973,297,99977,297,99965,297,99992,100,99957,100,100008,100,99953,100,100011,100,99933,200,100012,100,99929,100,100030,100,99923,100,100033,100,99908,100,100038,200,99902,100,100050,100,99895,100
2019-06-28 09:34:08.592657151,99976,397,99973,197,99977,297,99965,297,99992,100,99957,100,100008,100,99953,100,100011,100,99933,200,100012,100,99929,100,100030,100,99923,100,100033,100,99908,100,100038,200,99902,100,100050,100,99895,100
2019-06-28 09:34:10.000000000,99976,594,99965,494,99977,100,99957,100,99992,100,99953,100,100008,100,99933,200,100011,100,99929,100,100012,100,99923,100,100030,100,99908,100,100033,100,99902,100,100038,200,99895,100,100050,100,99883,100
2019-06-28 09:34:11.541409599,99976,594,99965,394,99977,100,99957,100,99992,100,99953,100,100008,100,99933,200,100011,100,99929,100,100012,100,99923,100,100030,100,99908,100,100033,100,99902,100,100038,200,99895,100,100050,100,99883,100
2019-06-28 09:34:14.826563172,99976,594,99965,394,99977,100,99957,100,99992,100,99953,100,100008,100,99933,200,100011,100,99929,100,100012,100,99923,100,100030,100,99908,100,100033,100,99902,100,100038,200,99895,100,100050,100,99883,100
2019-06-28 09:34:20.000000000,99976,279,99957,179,99977,179,99953,179,99992,179,99933,279,100008,179,99929,179,100011,179,99923,179,100012,100,99908,100,100030,100,99902,100,100033,100,99895,100,100038,200,99883,100,100050,100,99872,200
2019-06-28 09:34:30.000000000,99976,397,99957,297,99977,297,99953,297,99992,100,99933,200,100008,100,99929,100,100011,100,99923,100,100012,100,99908,100,100030,100,99902,100,100033,100,99895,100,100038,200,99883,100,100050,100,99872,200
2019-06-28 09:34:31.334950963,99976,397,99957,197,99977,297,99953,297,99992,100,99933,200,100008,100,99929,100,100011,100,99923,100,100012,100,99908,100,100030,100,99902,100,100033,100,99895,100,100038,200,99872,200,100050,100,99871,200
2019-06-28 09:34:36.357095755,99976,397,99957,97,99977,297,99953,297,99992,100,99933,200,100008,100,99929,100,100011,100,99923,100,100012,100,99908,100,100030,100,99902,100,100033,100,99895,100,100038,200,99872,200,100050,100,99871,200
2019-06-28 09:34:40.000000000,99976,397,99953,297,99977,297,99933,397,99992,100,99929,100,100008,100,99923,100,100011,100,99908,100,100012,100,99902,100,100030,100,99895,100,100033,100,99872,200,100038,200,99871,200,100050,100,99866,100
2019-06-28 09:34:41.815735214,99957,100,99953,297,99976,397,99933,397,99977,297,99929,100,99992,100,99923,100,100008,100,99908,100,100011,100,99902,100,100012,100,99895,100,100030,100,99872,200,100033,100,99871,200,100038,200,99866,100
2019-06-28 09:34:50.000000000,99957,234,99953,234,99976,330,99933,330,99977,230,99929,230,99992,100,99923,100,100008,100,99908,100,100011,100,99902,100,100012,100,99895,100,100030,100,99872,200,100033,100,99871,200,100038,200,99866,100
2019-06-28 09:35:00.000000000,99957,198,99953,198,99976,298,99933,298,99977,198,99929,198,99992,198,99923,198,100008,100,99908,100,100011,100,99902,100,100012,100,99895,100,100030,100,99872,200,100033,100,99871,200,100038,200,99866,100
2019-06-28 09:35:10.000000000,99957,297,99953,297,99976,397,99933,397,99977,100,99929,100,99992,100,99923,100,100008,100,99908,100,100011,100,99902,100,100012,100,99895,100,100030,100,99872,200,100033,100,99871,200,100038,200,99866,100
2019-06-28 09:35:13.750314621,99957,297,99953,197,99976,397,99933,397,99977,100,99929,100,99992,100,99923,100,100008,100,99908,100,100011,100,99902,100,100012,100,99895,100,100030,100,99872,200,100033,100,99871,200,100038,200,99866,100
2019-06-28 09:35:20.000000000,99957,179,99933,279,99976,279,99929,179,99977,179,99923,179,99992,179,99908,179,100008,179,99902,179,100011,100,99895,100,100012,100,99872,200,100030,100,99871,200,100033,100,99866,100,100038,200,99832,100
2019-06-28 09:35:30.000000000,99957,198,99933,298,99976,298,99929,198,99977,198,99923,198,99992,198,99908,198,100008,100,99902,100,100011,100,99895,100,100012,100,99872,200,100030,100,99871,200,100033,100,99866,100,100038,200,99832,100
2019-06-28 09:35:40.000000000,99957,179,99933,279,99976,279,99929,179,99977,179,99923,179,99992,179,99908,179,100008,179,99902,179,100011,100,99895,100,100012,100,99872,200,100030,100,99871,200,100033,100,99866,100,100038,200,99832,100
2019-06-28 09:35:43.882898498,99946,100,99933,279,99957,179,99929,179,99976,279,99923,179,99977,179,99908,179,99992,179,99902,179,100008,179,99895,100,100011,100,99872,200,100012,100,99871,200,100030,100,99866,100,100033,100,99832,100
2019-06-28 09:35:50.000000000,99946,234,99933,334,99957,230,99929,230,99976,330,99923,230,99977,100,99908,100,99992,100,99902,100,100008,100,99895,100,100011,100,99872,200,100012,100,99871,200,100030,100,99866,100,100033,100,99832,100
2019-06-28 09:35:51.377205889,99946,234,99933,234,99957,230,99929,230,99976,330,99923,230,99977,100,99908,100,99992,100,99902,100,100008,100,99895,100,100011,100,99872,200,100012,100,99871,200,100030,100,99866,100,100033,100,99832,100
2019-06-28 09:36:00.000000000,99946,234,99933,234,99957,230,99929,230,99976,330,99923,230,99977,100,99908,100,99992,100,99902,100,100008,100,99895,100,100011,100,99872,200,100012,100,99871,200,100030,100,99866,100,100033,100,99832,100
2019-06-28 09:36:09.447508468,99946,234,99933,234,99957,230,99929,230,99976,330,99923,230,99977,100,99908,100,99992,100,99902,100,100008,100,99895,100,100011,100,99872,200,100012,100,99871,200,100030,100,99866,100,100033,100,99832,100
2019-06-28 09:36:10.000000000,99946,234,99933,234,99957,230,99929,230,99976,330,99923,230,99977,100,99908,100,99992,100,99902,100,100008,100,99895,100,100011,100,99872,200,100012,100,99871,200,100030,100,99866,100,100033,100,99832,100
2019-06-28 09:36:20.000000000,99946,179,99933,179,99957,179,99929,179,99976,279,99923,179,99977,179,99908,179,99992,179,99902,179,100008,100,99895,100,100011,100,99872,200,100012,100,99871,200,100030,100,99866,100,100033,100,99832,100
2019-06-28 09:36:30.000000000,99946,179,99933,179,99957,179,99929,179,99976,279,99923,179,99977,179,99908,179,99992,179,99902,179,100008,100,99895,100,100011,100,99872,200,100012,100,99871,200,100030,100,99866,100,100033,100,99832,100
2019-06-28 09:36:40.000000000,99946,179,99933,179,99957,179,99929,179,99976,279,99923,179,99977,179,99908,179,99992,179,99902,179,100008,100,99895,100,100011,100,99872,200,100012,100,99871,200,100030,100,99866,100,100033,100,99832,100
2019-06-28 09:36:49.725344190,99946,179,99933,179,99957,179,99929,179,99976,279,99923,179,99977,179,99908,179,99992,179,99902,179,100008,100,99895,100,100011,100,99872,200,100012,100,99871,200,100030,100,99866,100,100033,100,99832,100
2019-06-28 09:36:50.000000000,99946,198,99933,198,99957,198,99929,198,99976,298,99923,198,99977,198,99908,198,99992,100,99902,100,100008,100,99895,100,100011,100,99872,200,100012,100,99871,200,100030,100,99866,100,100033,100,99832,100
2019-06-28 09:37:00.000000000,99946,494,99933,494,99957,100,99929,100,99976,200,99923,100,99977,100,99908,100,99992,100,99902,100,100008,100,99895,100,100011,100,99872,200,100012,100,99871,200,100030,100,99866,100,100033,100,99832,100
2019-06-28 09:37:10.000000000,99946,234,99933,234,99957,230,99929,230,99976,330,99923,230,99977,100,99908,100,99992,100,99902,100,100008,100,99895,100,100011,100,99872,200,100012,100,99871,200,100030,100,99866,100,100033,100,99832,100
2019-06-28 09:37:20.000000000,99946,198,99933,198,99957,198,99929,198,99976,298,99923,198,99977,198,99908,198,99992,100,99902,100,100008,100,99895,100,100011,100,99872,200,100012,100,99871,200,100030,100,99866,100,100033,100,99832,100
2019-06-28 09:37:30.000000000,99946,234,99933,234,99957,230,99929,230,99976,330,99923,230,99977,100,99908,100,99992,100,99902,100,100008,100,99895,100,100011,100,99872,200,100012,100,99871,200,100030,100,99866,100,100033,100,99832,100
2019-06-28 09:37:30.297049105,99946,234,99933,134,99957,230,99929,230,99976,330,99923,230,99977,100,99908,100,99992,100,99902,100,100008,100,99895,100,100011,100,99872,200,100012,100,99871,200,100030,100,99866,100,100033,100,99832,100
2019-06-28 09:37:37.794729552,99946,234,99933,134,99957,230,99929,230,99976,330,99923,230,99977,100,99908,100,99992,100,99902,100,100008,100,99895,100,100011,100,99872,200,100012,100,99871,200,100030,100,99866,100,100033,100,99832,100
2019-06-28 09:37:40.000000000,99946,179,99929,179,99957,179,99923,179,99976,279,99908,179,99977,179,99902,179,99992,179,99895,179,100008,100,99872,200,100011,100,99871,200,100012,100,99866,100,100030,100,99832,100,100033,100,99743,100
2019-06-28 09:37:44.811472217,99946,179,99929,179,99957,179,99923,179,99976,279,99908,179,99977,179,99902,179,99992,179,99895,179,100008,100,99872,200,100011,100,99871,200,100012,100,99866,100,100030,100,99832,100,100033,100,99743,100
2019-06-28 09:37:48.391772780,99946,179,99929,179,99957,179,99923,179,99976,279,99908,179,99977,179,99902,179,99992,179,99895,179,100011,100,99872,200,100012,100,99871,200,100030,100,99866,100,100033,100,99832,100,100038,200,99743,100
2019-06-28 09:37:50.000000000,99946,494,99929,494,99957,100,99923,100,99976,200,99908,100,99977,100,99902,100,99992,100,99895,100,100011,100,99872,200,100012,100,99871,200,100030,100,99866,100,100033,100,99832,100,100038,200,99743,100
2019-06-28 09:37:52.660702746,99946,494,99929,394,99957,100,99923,100,99976,200,99908,100,99977,100,99902,100,99992,100,99895,100,100011,100,99872,200,100012,100,99871,200,100030,100,99866,100,100033,100,99832,100,100038,200,99743,100
2019-06-28 09:38:00.000000000,99946,297,99923,297,99957,297,99908,297,99976,200,99902,100,99977,100,99895,100,99992,100,99872,200,100011,100,99871,200,100012,100,99866,100,100030,100,99832,100,100033,100,99743,100,100038,200,99649,100
2019-06-28 09:38:10.000000000,99946,297,99923,297,99957,297,99908,297,99976,200,99902,100,99977,100,99895,100,99992,100,99872,200,100011,100,99871,200,100012,100,99866,100,100030,100,99832,100,100033,100,99743,100,100038,200,99649,100
2019-06-28 09:38:20.000000000,99946,179,99923,179,99957,179,99908,179,99976,279,99902,179,99977,179,99895,179,99992,179,99872,279,100011,100,99871,200,100012,100,99866,100,100030,100,99832,100,100033,100,99743,100,100038,200,99649,100
2019-06-28 09:38:26.602626669,99946,179,99923,79,99957,179,99908,179,99976,279,99902,179,99977,179,99895,179,99992,179,99872,279,100011,100,99871,200,100012,100,99866,100,100030,100,99832,100,100033,100,99743,100,100038,200,99649,100
2019-06-28 09:38:30.000000000,99946,494,99908,494,99957,100,99902,100,99976,200,99895,100,99977,100,99872,200,99992,100,99871,200,100011,100,99866,100,100012,100,99832,100,100030,100,99743,100,100033,100,99649,100,100038,200,99285,100
2019-06-28 09:38:40.000000000,99946,494,99908,494,99957,100,99902,100,99976,200,99895,100,99977,100,99872,200,99992,100,99871,200,100011,100,99866,100,100012,100,99832,100,100030,100,99743,100,100033,100,99649,100,100038,200,99285,100
2019-06-28 09:38:42.682910687,99946,494,99908,494,99957,100,99902,100,99976,200,99895,100,99977,100,99872,200,99992,100,99871,200,100011,100,99866,100,100012,100,99832,100,100030,100,99743,100,100033,100,99649,100,100038,200,99402,100
2019-06-28 09:38:50.000000000,99946,179,99908,179,99957,179,99902,179,99976,279,99895,179,99977,179,99872,279,99992,179,99871,279,100011,100,99866,100,100012,100,99832,100,100030,100,99743,100,100033,100,99649,100,100038,200,99402,100
2019-06-28 09:38:51.594984812,99946,179,99908,79,99957,179,99902,179,99976,279,99895,179,99977,179,99872,179,99992,179,99871,279,100011,100,99866,100,100012,100,99832,100,100030,100,99743,100,100033,100,99649,100,100038,200,99402,100
2019-06-28 09:39:00.000000000,99946,234,99902,234,99957,230,99895,230,99976,330,99872,230,99977,100,99871,200,99992,100,99866,100,100011,100,99832,100,100012,100,99743,100,100030,100,99649,100,100033,100,99402,100,100038,200,99285,100
2019-06-28 09:39:10.000000000,99946,234,99902,234,99957,230,99895,230,99976,330,99872,230,99977,100,99871,200,99992,100,99866,100,100011,100,99832,100,100012,100,99743,100,100030,100,99649,100,100033,100,99402,100,100038,200,99285,100
2019-06-28 09:39:20.000000000,99946,234,99902,234,99957,230,99895,230,99976,330,99872,230,99977,100,99871,200,99992,100,99866,100,100011,100,99832,100,100012,100,99743,100,100030,100,99649,100,100033,100,99402,100,100038,200,99285,100
2019-06-28 09:39:30.000000000,99946,297,99902,297,99957,297,99895,297,99976,200,99872,100,99977,100,99871,200,99992,100,99866,100,100011,100,99832,100,100012,100,99743,100,100030,100,99649,100,100033,100,99402,100,100038,200,99285,100
2019-06-28 09:39:39.266223910,99923,100,99902,297,99946,297,99895,297,99957,297,99872,100,99976,200,99871,200,99977,100,99866,100,99992,100,99832,100,100011,100,99743,100,100012,100,99649,100,100030,100,99402,100,100033,100,99285,100
2019-06-28 09:39:40.000000000,99923,198,99902,198,99946,198,99895,198,99957,198,99872,198,99976,298,99871,298,99977,100,99866,100,99992,100,99832,100,100011,100,99743,100,100012,100,99649,100,100030,100,99402,100,100033,100,99285,100
2019-06-28 09:39:50.000000000,99923,234,99902,234,99946,230,99895,230,99957,230,99872,230,99976,200,99871,200,99977,100,99866,100,99992,100,99832,100,100011,100,99743,100,100012,100,99649,100,100030,100,99402,100,100033,100,99285,100
2019-06-28 09:40:00.000000000,99923,234,99902,234,99946,230,99895,230,99957,230,99872,230,99976,200,99871,200,99977,100,99866,100,99992,100,99832,100,100011,100,99743,100,100012,100,99649,100,100030,100,99402,100,100033,100,99285,100
2019-06-28 09:40:10.000000000,99923,179,99902,179,99946,179,99895,179,99957,179,99872,179,99976,279,99871,279,99977,179,99866,179,99992,100,99832,100,100011,100,99743,100,100012,100,99649,100,100030,100,99402,100,100033,100,99285,100
2019-06-28 09:40:10.909125658,99923,179,99902,79,99946,179,99895,179,99957,179,99872,179,99976,279,99871,279,99977,179,99866,179,99992,100,99832,100,100011,100,99743,100,100012,100,99649,100,100030,100,99402,100,100033,100,99285,100
2019-06-28 09:40:20.000000000,99923,297,99895,297,99946,297,99872,297,99957,100,99871,200,99976,200,99866,100,99977,100,99832,100,99992,100,99743,100,100011,100,99649,100,100012,100,99402,100,100030,100,99285,100,100033,100,99090,100
2019-06-28 09:40:30.000000000,99923,179,99895,179,99946,179,99872,179,99957,179,99871,279,99976,279,99866,179,99977,179,99832,179,99992,100,99743,100,100011,100,99649,100,100012,100,99402,100,100030,100,99285,100,100033,100,99090,100
2019-06-28 09:40:36.521677808,99908,100,99895,179,99923,179,99872,179,99946,179,99871,279,99957,179,99866,179,99976,279,99832,179,99977,179,99743,100,99992,100,99649,100,100011,100,99402,100,100012,100,99285,100,100030,100,99090,100
2019-06-28 09:40:40.000000000,99908,297,99895,297,99923,297,99872,297,99946,100,99871,200,99957,100,99866,100,99976,200,99832,100,99977,100,99743,100,99992,100,99649,100,100011,100,99402,100,100012,100,99285,100,100030,100,99090,100
2019-06-28 09:40:50.000000000,99908,234,99895,234,99923,230,99872,230,99946,230,99871,330,99957,100,99866,100,99976,200,99832,100,99977,100,99743,100,99992,100,99649,100,100011,100,99402,100,100012,100,99285,100,100030,100,99090,100
2019-06-28 09:41:00.000000000,99908,198,99895,198,99923,198,99872,198,99946,198,99871,298,99957,198,99866,198,99976,200,99832,100,99977,100,99743,100,99992,100,99649,100,100011,100,99402,100,100012,100,99285,100,100030,100,99090,100
2019-06-28 09:41:04.536735065,99908,298,99895,198,99923,198,99872,198,99946,198,99871,298,99957,198,99866,198,99976,200,99832,100,99977,100,99743,100,99992,100,99649,100,100011,100,99402,100,100012,100,99285,100,100030,100,99090,100
2019-06-28 09:41:10.000000000,99908,298,99895,198,99923,198,99872,198,99946,198,99871,298,99957,198,99866,198,99976,200,99832,100,99977,100,99743,100,99992,100,99649,100,100011,100,99402,100,100012,100,99285,100,100030,100,99090,100
2019-06-28 09:41:14.490808083,99908,298,99895,98,99923,198,99872,198,99946,198,99871,298,99957,198,99866,198,99976,200,99832,100,99977,100,99743,100,99992,100,99402,100,100011,100,99285,100,100012,100,99090,100,100030,100,99046,100
2019-06-28 09:41:18.007846465,99895,2,99872,198,99908,298,99871,298,99923,198,99866,198,99946,198,99832,100,99957,198,99743,100,99976,200,99402,100,99977,100,99285,100,99992,100,99090,100,100011,100,99046,100,100012,100,99040,100
2019-06-28 09:41:20.000000000,99895,199,99872,297,99908,397,99871,397,99923,100,99866,100,99946,100,99832,100,99957,100,99743,100,99976,200,99402,100,99977,100,99285,100,99992,100,99090,100,100011,100,99046,100,100012,100,99040,100
2019-06-28 09:41:27.731111787,99895,199,99872,197,99908,397,99871,397,99923,100,99866,100,99946,100,99832,100,99957,100,99743,100,99976,200,99402,100,99977,100,99285,100,99992,100,99090,100,100011,100,99046,100,100012,100,99040,100
2019-06-28 09:41:30.000000000,99895,199,99871,397,99908,397,99866,297,99923,100,99832,100,99946,100,99743,100,99957,100,99402,100,99976,200,99285,100,99977,100,99090,100,99992,100,99046,100,100011,100,99040,100,100012,100,98892,100
2019-06-28 09:41:40.000000000,99895,100,99871,298,99908,298,99866,198,99923,198,99832,198,99946,198,99743,198,99957,100,99402,100,99976,200,99285,100,99977,100,99090,100,99992,100,99046,100,100011,100,99040,100,100012,100,98892,100
2019-06-28 09:41:49.921332467,99894,100,99871,298,99895,100,99866,198,99908,298,99832,198,99923,198,99743,198,99946,198,99402,100,99957,100,99285,100,99976,200,99090,100,99977,100,99046,100,99992,100,99040,100,100011,100,98892,100
2019-06-28 09:41:50.000000000,99894,494,99871,594,99895,2,99866,100,99908,200,99832,100,99923,100,99743,100,99946,100,99402,100,99957,100,99285,100,99976,200,99090,100,99977,100,99046,100,99992,100,99040,100,100011,100,98892,100
2019-06-28 09:41:53.345589299,99894,494,99871,594,99895,2,99866,100,99908,300,99832,100,99923,100,99743,100,99946,100,99402,100,99957,100,99285,100,99976,200,99090,100,99977,100,99046,100,99992,100,99040,100,100011,100,98892,100
2019-06-28 09:41:55.432788406,99894,594,99871,594,99895,2,99866,100,99908,300,99832,100,99923,100,99743,100,99946,100,99402,100,99957,100,99285,100,99976,200,99090,100,99977,100,99046,100,99992,100,99040,100,100011,100,98892,100
2019-06-28 09:42:00.000000000,99894,298,99871,298,99895,100,99866,198,99908,398,99832,198,99923,198,99743,198,99946,100,99402,100,99957,100,99285,100,99976,200,99090,100,99977,100,99046,100,99992,100,99040,100,100011,100,98892,100
2019-06-28 09:42:10.000000000,99894,594,99871,594,99895,2,99866,100,99908,300,99832,100,99923,100,99743,100,99946,100,99402,100,99957,100,99285,100,99976,200,99090,100,99977,100,99046,100,99992,100,99040,100,100011,100,98892,100
2019-06-28 09:42:19.363536152,99894,594,99871,594,99895,2,99866,100,99908,300,99832,100,99923,100,99743,100,99946,100,99402,100,99957,100,99285,100,99976,200,99090,100,99977,100,99046,100,99992,100,99040,100,100011,100,98892,100
2019-06-28 09:42:20.000000000,99894,298,99871,298,99895,100,99866,198,99908,398,99832,198,99923,198,99743,198,99946,100,99402,100,99957,100,99285,100,99976,200,99090,100,99977,100,99046,100,99992,100,99040,100,100011,100,98892,100
2019-06-28 09:42:28.481564370,99894,198,99871,298,99895,100,99866,198,99908,398,99832,198,99923,198,99743,198,99946,100,99402,100,99957,100,99285,100,99976,200,99090,100,99977,100,99046,100,99992,100,99040,100,100011,100,98892,100
2019-06-28 09:42:30.000000000,99894,198,99871,298,99895,100,99866,198,99908,398,99832,198,99923,198,99743,198,99946,100,99402,100,99957,100,99285,100,99976,200,99090,100,99977,100,99046,100,99992,100,99040,100,100011,100,98892,100
2019-06-28 09:42:37.182676617,99894,198,99871,298,99895,100,99866,198,99908,398,99832,198,99923,198,99759,100,99946,100,99743,198,99957,100,99402,100,99976,200,99285,100,99977,100,99090,100,99992,100,99046,100,100011,100,99040,100
2019-06-28 09:42:40.000000000,99894,234,99871,334,99895,132,99866,230,99908,430,99832,230,99923,100,99759,100,99946,100,99743,100,99957,100,99402,100,99976,200,99285,100,99977,100,99090,100,99992,100,99046,100,100011,100,99040,100
2019-06-28 09:42:42.285288413,99894,234,99871,334,99895,132,99866,230,99908,430,99832,230,99923,100,99831,100,99946,100,99759,100,99957,100,99743,100,99976,200,99402,100,99977,100,99285,100,99992,100,99090,100,100011,100,99046,100
2019-06-28 09:42:50.000000000,99894,234,99871,334,99895,132,99866,230,99908,430,99832,230,99923,100,99831,100,99946,100,99759,100,99957,100,99743,100,99976,200,99402,100,99977,100,99285,100,99992,100,99090,100,100011,100,99046,100
2019-06-28 09:43:00.000000000,99894,198,99871,298,99895,100,99866,198,99908,398,99832,198,99923,198,99831,198,99946,100,99759,100,99957,100,99743,100,99976,200,99402,100,99977,100,99285,100,99992,100,99090,100,100011,100,99046,100
2019-06-28 09:43:10.000000000,99894,297,99871,397,99895,199,99866,297,99908,300,99832,100,99923,100,99831,100,99946,100,99759,100,99957,100,99743,100,99976,200,99402,100,99977,100,99285,100,99992,100,99090,100,100011,100,99046,100
2019-06-28 09:43:20.000000000,99894,234,99871,334,99895,132,99866,230,99908,430,99832,230,99923,100,99831,100,99946,100,99759,100,99957,100,99743,100,99976,200,99402,100,99977,100,99285,100,99992,100,99090,100,100011,100,99046,100
2019-06-28 09:43:30.000000000,99894,198,99871,298,99895,100,99866,198,99908,398,99832,198,99923,198,99831,198,99946,100,99759,100,99957,100,99743,100,99976,200,99402,100,99977,100,99285,100,99992,100,99090,100,100011,100,99046,100
2019-06-28 09:43:37.789122052,99894,198,99871,298,99895,100,99866,198,99908,398,99832,198,99923,198,99831,198,99957,100,99759,100,99976,200,99743,100,99977,100,99402,100,99992,100,99285,100,100011,100,99090,100,100012,100,99046,100
2019-06-28 09:43:40.000000000,99894,179,99871,279,99895,81,99866,179,99908,379,99832,179,99923,179,99831,179,99957,179,99759,179,99976,200,99743,100,99977,100,99402,100,99992,100,99285,100,100011,100,99090,100,100012,100,99046,100
2019-06-28 09:43:46.618555961,99894,79,99871,279,99895,81,99866,179,99908,379,99832,179,99923,179,99831,179,99957,179,99759,179,99976,200,99402,100,99977,100,99285,100,99992,100,99090,100,100011,100,99046,100,100012,100,99040,100
2019-06-28 09:43:47.773385331,99894,79,99871,279,99895,81,99866,179,99908,379,99832,179,99923,179,99831,179,99957,179,99759,179,99976,200,99402,100,99977,100,99285,100,99992,100,99090,100,100011,100,99046,100,100012,100,99040,100
2019-06-28 09:43:50.000000000,99895,100,99871,298,99908,398,99866,198,99923,198,99832,198,99957,198,99831,198,99976,200,99759,100,99977,100,99402,100,99992,100,99285,100,100011,100,99090,100,100012,100,99046,100,100030,100,99040,100
2019-06-28 09:43:59.384146791,99895,100,99871,298,99908,398,99866,198,99923,98,99832,198,99957,198,99831,198,99976,200,99759,100,99977,100,99402,100,99992,100,99285,100,100011,100,99090,100,100012,100,99046,100,100030,100,99040,100
2019-06-28 09:44:00.000000000,99895,199,99871,397,99908,497,99866,297,99957,100,99832,100,99976,200,99831,100,99977,100,99759,100,99992,100,99402,100,100011,100,99285,100,100012,100,99090,100,100030,100,99046,100,100033,100,99040,100
2019-06-28 09:44:10.000000000,99895,396,99871,594,99908,300,99866,100,99957,100,99832,100,99976,200,99831,100,99977,100,99759,100,99992,100,99402,100,100011,100,99285,100,100012,100,99090,100,100030,100,99046,100,100033,100,99040,100
2019-06-28 09:44:20.000000000,99895,396,99871,594,99908,300,99866,100,99957,100,99832,100,99976,200,99831,100,99977,100,99759,100,99992,100,99402,100,100011,100,99285,100,100012,100,99090,100,100030,100,99046,100,100033,100,99040,100
2019-06-28 09:44:26.027388432,99895,396,99894,100,99908,300,99871,594,99957,100,99866,100,99976,100,99832,100,99977,100,99831,100,99992,100,99759,100,100011,100,99402,100,100012,100,99285,100,100030,100,99090,100,100033,100,99046,100
2019-06-28 09:44:30.000000000,99895,136,99894,234,99908,430,99871,330,99957,230,99866,230,99976,100,99832,100,99977,100,99831,100,99992,100,99759,100,100011,100,99402,100,100012,100,99285,100,100030,100,99090,100,100033,100,99046,100
2019-06-28 09:44:30.833294367,99895,136,99894,234,99908,430,99871,330,99957,230,99866,230,99976,100,99832,100,99977,100,99831,100,99992,100,99759,100,100011,100,99402,100,100012,100,99285,100,100030,100,99090,100,100033,100,99046,100
2019-06-28 09:44:40.000000000,99895,396,99894,494,99908,300,99871,200,99957,100,99866,100,99976,100,99832,100,99977,100,99831,100,99992,100,99759,100,100011,100,99402,100,100012,100,99285,100,100030,100,99090,100,100033,100,99046,100
2019-06-28 09:44:50.000000000,99895,100,99894,198,99908,398,99871,298,99957,198,99866,198,99976,198,99832,198,99977,100,99831,100,99992,100,99759,100,100011,100,99402,100,100012,100,99285,100,100030,100,99090,100,100033,100,99046,100
2019-06-28 09:44:50.588171139,99895,100,99894,198,99908,298,99871,298,99957,198,99866,198,99976,198,99832,198,99977,100,99831,100,99992,100,99759,100,100011,100,99402,100,100012,100,99285,100,100030,100,99090,100,100033,100,99046,100
2019-06-28 09:44:54.596676351,99895,100,99894,298,99908,298,99871,298,99957,198,99866,198,99976,198,99832,198,99977,100,99831,100,99992,100,99759,100,100011,100,99402,100,100012,100,99285,100,100030,100,99090,100,100033,100,99046,100
2019-06-28 09:45:00.000000000,99895,199,99894,397,99908,397,99871,397,99957,100,99866,100,99976,100,99832,100,99977,100,99831,100,99992,100,99759,100,100011,100,99402,100,100012,100,99285,100,100030,100,99090,100,100033,100,99046,100
2019-06-28 09:45:01.747060695,99895,199,99894,497,99908,397,99871,397,99957,100,99866,100,99976,100,99832,100,99977,100,99831,100,99992,100,99759,100,100011,100,99402,100,100012,100,99285,100,100030,100,99090,100,100033,100,99046,100
2019-06-28 09:45:06.453108013,99895,99,99894,497,99908,297,99871,397,99957,100,99866,100,99976,100,99832,100,99977,100,99831,100,99992,100,99759,100,100011,100,99402,100,100012,100,99285,100,100030,100,99090,100,100033,100,99046,100
2019-06-28 09:45:09.144564778,99908,297,99895,1,99957,100,99894,497,99976,100,99871,397,99977,100,99866,100,100011,100,99832,100,100012,100,99831,100,100030,100,99759,100,100033,100,99402,100,100038,100,99285,100,100057,100,99090,100
2019-06-28 09:45:10.000000000,99908,198,99895,99,99957,198,99894,398,99976,198,99871,298,99977,198,99866,198,100011,100,99832,100,100012,100,99831,100,100030,100,99759,100,100033,100,99402,100,100038,100,99285,100,100057,100,99090,100
2019-06-28 09:45:19.557841537,99908,198,99895,99,99957,198,99894,398,99976,198,99871,298,99977,198,99866,198,100011,100,99832,100,100012,100,99831,100,100030,100,99759,100,100033,100,99402,100,100038,100,99285,100,100057,100,99090,100
2019-06-28 09:45:19.693885024,99908,98,99895,99,99957,198,99894,398,99976,198,99871,298,99977,198,99866,198,100011,100,99832,100,100012,100,99831,100,100030,100,99759,100,100033,100,99402,100,100038,100,99285,100,100057,100,99090,100
2019-06-28 09:45:20.000000000,99957,234,99895,135,99976,230,99894,430,99977,230,99871,330,100011,100,99866,100,100012,100,99832,100,100030,100,99831,100,100033,100,99759,100,100038,100,99402,100,100057,100,99285,100,100059,100,99090,100
2019-06-28 09:45:21.385930599,99957,234,99896,100,99976,230,99895,135,99977,230,99894,430,100011,100,99871,330,100012,100,99866,100,100030,100,99832,100,100033,100,99831,100,100038,100,99759,100,100057,100,99402,100,100059,100,99285,100
2019-06-28 09:45:23.454278196,99957,134,99896,100,99976,230,99895,135,99977,230,99894,430,100011,100,99871,330,100012,100,99866,100,100030,100,99832,100,100033,100,99831,100,100038,100,99759,100,100057,100,99402,100,100059,100,99285,100
2019-06-28 09:45:30.000000000,99976,494,99896,494,99977,100,99895,1,100011,100,99894,300,100012,100,99871,200,100030,100,99866,100,100033,100,99832,100,100038,100,99831,100,100057,100,99759,100,100059,100,99402,100,100070,100,99285,100
2019-06-28 09:45:40.000000000,99976,198,99896,198,99977,198,99895,99,100011,198,99894,398,100012,198,99871,298,100030,100,99866,100,100033,100,99832,100,100038,100,99831,100,100057,100,99759,100,100059,100,99402,100,100070,100,99285,100
2019-06-28 09:45:50.000000000,99976,297,99896,297,99977,297,99895,198,100011,100,99894,300,100012,100,99871,200,100030,100,99866,100,100033,100,99832,100,100038,100,99831,100,100057,100,99759,100,100059,100,99402,100,100070,100,99285,100
2019-06-28 09:45:57.073770908,99976,197,99896,297,99977,297,99895,198,100011,100,99894,300,100012,100,99871,200,100030,100,99866,100,100033,100,99832,100,100038,100,99831,100,100057,100,99759,100,100059,100,99402,100,100070,100,99285,100
2019-06-28 09:46:00.000000000,99977,198,99896,198,100011,198,99895,99,100012,198,99894,398,100030,198,99871,298,100033,100,99866,100,100038,100,99832,100,100057,100,99831,100,100059,100,99759,100,100070,100,99402,100,100081,100,99285,100
2019-06-28 09:46:01.172463145,99977,198,99896,198,100011,198,99895,99,100012,198,99894,398,100030,198,99871,298,100033,100,99866,100,100038,100,99832,100,100057,100,99831,100,100059,100,99759,100,100070,100,99402,100,100081,100,99285,100
2019-06-28 09:46:10.000000000,99977,234,99896,234,100011,230,99895,131,100012,230,99894,430,100030,100,99871,200,100033,100,99866,100,100038,100,99832,100,100057,100,99831,100,100059,100,99759,100,100070,100,99402,100,100081,100,99285,100
2019-06-28 09:46:20.000000000,99977,179,99896,179,100011,179,99895,80,100012,179,99894,379,100030,179,99871,279,100033,179,99866,179,100038,100,99832,100,100057,100,99831,100,100059,100,99759,100,100070,100,99402,100,100081,100,99285,100
2019-06-28 09:46:30.000000000,99977,198,99896,198,100011,198,99895,99,100012,198,99894,398,100030,198,99871,298,100033,100,99866,100,100038,100,99832,100,100057,100,99831,100,100059,100,99759,100,100070,100,99402,100,100081,100,99285,100
2019-06-28 09:46:39.778292587,99977,198,99957,100,100011,198,99896,198,100012,198,99895,99,100030,198,99894,398,100033,100,99871,298,100038,100,99866,100,100057,100,99832,100,100059,100,99831,100,100070,100,99759,100,100081,100,99402,100
2019-06-28 09:46:40.000000000,99977,198,99957,198,100011,198,99896,198,100012,198,99895,99,100030,198,99894,398,100033,100,99871,200,100038,100,99866,100,100057,100,99832,100,100059,100,99831,100,100070,100,99759,100,100081,100,99402,100
2019-06-28 09:46:46.343065532,99977,198,99957,198,100011,198,99896,198,100012,198,99895,99,100030,198,99894,398,100033,100,99871,200,100038,100,99866,100,100057,100,99832,100,100059,100,99831,100,100070,100,99759,100,100081,100,99402,100
2019-06-28 09:46:49.684597769,99977,98,99957,198,100011,198,99896,198,100012,198,99895,99,100030,198,99894,398,100033,100,99871,200,100038,100,99866,100,100057,100,99832,100,100059,100,99831,100,100070,100,99759,100,100081,100,99402,100
2019-06-28 09:46:50.000000000,100011,297,99957,297,100012,297,99896,297,100030,100,99895,1,100033,100,99894,300,100038,100,99871,200,100057,100,99866,100,100059,100,99832,100,100070,100,99831,100,100081,100,99759,100,100115,100,99402,100
2019-06-28 09:47:00.000000000,100011,297,99957,297,100012,297,99896,297,100030,100,99895,1,100033,100,99894,300,100038,100,99871,200,100057,100,99866,100,100059,100,99832,100,100070,100,99831,100,100081,100,99759,100,100115,100,99402,100
2019-06-28 09:47:10.000000000,100011,198,99957,198,100012,198,99896,198,100030,198,99895,99,100033,198,99894,398,100038,100,99871,200,100057,100,99866,100,100059,100,99832,100,100070,100,99831,100,100081,100,99759,100,100115,100,99402,100
2019-06-28 09:47:10.672872636,100011,198,99957,198,100012,198,99896,198,100030,198,99895,99,100033,198,99894,398,100038,100,99871,200,100057,100,99866,100,100059,100,99832,100,100070,100,99831,100,100081,100,99759,100,100115,100,99402,100
2019-06-28 09:47:20.000000000,100011,494,99957,494,100012,100,99896,100,100030,100,99895,1,100033,100,99894,300,100038,100,99871,200,100057,100,99866,100,100059,100,99832,100,100070,100,99831,100,100081,100,99759,100,100115,100,99402,100
2019-06-28 09:47:30.000000000,100011,494,99957,494,100012,100,99896,100,100030,100,99895,1,100033,100,99894,300,100038,100,99871,200,100057,100,99866,100,100059,100,99832,100,100070,100,99831,100,100081,100,99759,100,100115,100,99402,100
2019-06-28 09:47:40.000000000,100011,179,99957,179,100012,179,99896,179,100030,179,99895,80,100033,179,99894,379,100038,179,99871,279,100057,100,99866,100,100059,100,99832,100,100070,100,99831,100,100081,100,99759,100,100115,100,99402,100
2019-06-28 09:47:49.873847459,100011,79,99957,179,100012,179,99896,179,100030,179,99895,80,100033,179,99894,379,100038,179,99871,279,100057,100,99866,100,100059,100,99832,100,100070,100,99759,100,100081,100,99402,100,100115,100,99285,100
2019-06-28 09:47:50.000000000,100012,198,99957,198,100030,198,99896,198,100033,198,99895,99,100038,198,99894,398,100057,100,99871,200,100059,100,99866,100,100070,100,99832,100,100081,100,99759,100,100115,100,99402,100,100150,100,99285,100
2019-06-28 09:48:00.000000000,100012,234,99957,234,100030,230,99896,230,100033,230,99895,131,100038,100,99894,300,100057,100,99871,200,100059,100,99866,100,100070,100,99832,100,100081,100,99759,100,100115,100,99402,100,100150,100,99285,100
2019-06-28 09:48:01.311434405,100012,234,99957,234,100030,230,99896,230,100033,230,99895,131,100038,100,99894,300,100057,100,99871,200,100059,100,99866,100,100070,100,99832,100,100081,100,99759,100,100115,100,99402,100,100150,100,99285,100
2019-06-28 09:48:10.000000000,100012,198,99957,198,100030,198,99896,198,100033,198,99895,99,100038,198,99894,398,100057,100,99871,200,100059,100,99866,100,100070,100,99832,100,100081,100,99759,100,100115,100,99402,100,100150,100,99285,100
2019-06-28 09:48:20.000000000,100012,198,99957,198,100030,198,99896,198,100033,198,99895,99,100038,198,99894,398,100057,100,99871,200,100059,100,99866,100,100070,100,99832,100,100081,100,99759,100,100115,100,99402,100,100150,100,99285,100
2019-06-28 09:48:30.000000000,100012,179,99957,179,100030,179,99896,179,100033,179,99895,80,100038,179,99894,379,100057,179,99871,279,100059,100,99866,100,100070,100,99832,100,100081,100,99759,100,100115,100,99402,100,100150,100,99285,100
2019-06-28 09:48:40.000000000,100012,494,99957,494,100030,100,99896,100,100033,100,99895,1,100038,100,99894,300,100057,100,99871,200,100059,100,99866,100,100070,100,99832,100,100081,100,99759,100,100115,100,99402,100,100150,100,99285,100
2019-06-28 09:48:50.000000000,100012,234,99957,234,100030,230,99896,230,100033,230,99895,131,100038,100,99894,300,100057,100,99871,200,100059,100,99866,100,100070,100,99832,100,100081,100,99759,100,100115,100,99402,100,100150,100,99285,100
2019-06-28 09:49:00.000000000,100012,297,99957,297,100030,297,99896,297,100033,100,99895,1,100038,100,99894,300,100057,100,99871,200,100059,100,99866,100,100070,100,99832,100,100081,100,99759,100,100115,100,99402,100,100150,100,99285,100
2019-06-28 09:49:06.305876854,100012,197,99957,297,100030,297,99896,297,100033,100,99895,1,100038,100,99894,300,100057,100,99871,200,100059,100,99866,100,100070,100,99832,100,100081,100,99759,100,100115,100,99402,100,100150,100,99285,100
2019-06-28 09:49:10.000000000,100030,297,99957,297,100033,297,99896,297,100038,100,99895,1,100057,100,99894,300,100059,100,99871,200,100070,100,99866,100,100081,100,99832,100,100115,100,99759,100,100150,100,99402,100,100209,100,99285,100
2019-06-28 09:49:20.000000000,100030,198,99957,198,100033,198,99896,198,100038,198,99895,99,100057,198,99894,398,100059,100,99871,200,100070,100,99866,100,100081,100,99832,100,100115,100,99759,100,100150,100,99402,100,100209,100,99285,100
2019-06-28 09:49:25.564804090,99976,100,99957,198,100030,198,99896,198,100033,198,99895,99,100038,198,99894,298,100057,198,99871,200,100059,100,99866,100,100070,100,99832,100,100081,100,99759,100,100115,100,99402,100,100150,100,99285,100
2019-06-28 09:49:30.000000000,99976,179,99957,179,100030,179,99896,179,100033,179,99895,80,100038,179,99894,279,100057,179,99871,279,100059,100,99866,100,100070,100,99832,100,100081,100,99759,100,100115,100,99402,100,100150,100,99285,100
2019-06-28 09:49:36.882754405,99976,179,99957,79,100030,179,99896,179,100033,179,99895,80,100038,179,99894,279,100057,179,99871,279,100070,100,99866,100,100081,100,99832,100,100115,100,99759,100,100150,100,99402,100,100209,100,99285,100
2019-06-28 09:49:40.000000000,99976,179,99896,179,100030,179,99895,80,100033,179,99894,279,100038,179,99871,279,100057,179,99866,179,100070,100,99832,100,100081,100,99759,100,100115,100,99402,100,100150,100,99285,100,100209,100,99046,100
2019-06-28 09:49:50.000000000,99976,234,99896,234,100030,230,99895,131,100033,230,99894,330,100038,100,99871,200,100057,100,99866,100,100070,100,99832,100,100081,100,99759,100,100115,100,99402,100,100150,100,99285,100,100209,100,99046,100
2019-06-28 09:50:00.000000000,99976,234,99896,234,100030,230,99895,131,100033,230,99894,330,100038,100,99871,200,100057,100,99866,100,100070,100,99832,100,100081,100,99759,100,100115,100,99402,100,100150,100,99285,100,100209,100,99046,100
2019-06-28 09:50:06.181809423,99975,100,99896,234,99976,234,99895,131,100030,230,99894,330,100033,230,99871,200,100038,100,99866,100,100057,100,99832,100,100070,100,99759,100,100081,100,99402,100,100115,100,99285,100,100150,100,99046,100
2019-06-28 09:50:07.742104308,99975,100,99896,234,99976,234,99895,131,100030,230,99894,330,100033,230,99871,100,100038,100,99866,100,100057,100,99832,100,100070,100,99759,100,100081,100,99442,100,100115,100,99402,100,100150,100,99285,100
2019-06-28 09:50:10.000000000,99975,198,99896,198,99976,198,99895,99,100030,198,99894,298,100033,198,99871,198,100038,100,99866,100,100057,100,99832,100,100070,100,99759,100,100081,100,99442,100,100115,100,99402,100,100150,100,99285,100
2019-06-28 09:50:20.000000000,99975,494,99896,494,99976,100,99895,1,100030,100,99894,200,100033,100,99871,100,100038,100,99866,100,100057,100,99832,100,100070,100,99759,100,100081,100,99442,100,100115,100,99402,100,100150,100,99285,100
2019-06-28 09:50:30.000000000,99975,198,99896,198,99976,198,99895,99,100030,198,99894,298,100033,198,99871,198,100038,100,99866,100,100057,100,99832,100,100070,100,99759,100,100081,100,99442,100,100115,100,99402,100,100150,100,99285,100
2019-06-28 09:50:30.078642650,99975,198,99896,198,99976,198,99895,99,100030,198,99894,298,100033,198,99871,198,100038,100,99866,100,100057,100,99832,100,100070,100,99777,100,100081,100,99759,100,100115,100,99442,100,100150,100,99402,100
2019-06-28 09:50:40.000000000,99975,234,99896,234,99976,230,99895,131,100030,230,99894,330,100033,100,99871,100,100038,100,99866,100,100057,100,99832,100,100070,100,99777,100,100081,100,99759,100,100115,100,99442,100,100150,100,99402,100
2019-06-28 09:50:50.000000000,99975,234,99896,234,99976,230,99895,131,100030,230,99894,330,100033,100,99871,100,100038,100,99866,100,100057,100,99832,100,100070,100,99777,100,100081,100,99759,100,100115,100,99442,100,100150,100,99402,100
2019-06-28 09:51:00.000000000,99975,494,99896,494,99976,100,99895,1,100030,100,99894,200,100033,100,99871,100,100038,100,99866,100,100057,100,99832,100,100070,100,99777,100,100081,100,99759,100,100115,100,99442,100,100150,100,99402,100
2019-06-28 09:51:06.211007001,99975,494,99896,394,99976,100,99895,1,100030,100,99894,200,100033,100,99871,100,100038,100,99866,100,100057,100,99832,100,100070,100,99777,100,100081,100,99759,100,100115,100,99442,100,100150,100,99402,100
2019-06-28 09:51:10.000000000,99975,198,99895,99,99976,198,99894,298,100030,198,99871,198,100033,198,99866,198,100038,100,99832,100,100057,100,99777,100,100070,100,99759,100,100081,100,99442,100,100115,100,99402,100,100150,100,99285,100
2019-06-28 09:51:11.532474228,99975,198,99895,99,99976,198,99894,298,100030,198,99871,198,100033,198,99866,198,100038,100,99832,100,100057,100,99777,100,100070,100,99767,100,100081,100,99759,100,100115,100,99442,100,100150,100,99402,100
2019-06-28 09:51:20.000000000,99975,179,99895,80,99976,179,99894,279,100030,179,99871,179,100033,179,99866,179,100038,179,99832,179,100057,100,99777,100,100070,100,99767,100,100081,100,99759,100,100115,100,99442,100,100150,100,99402,100
2019-06-28 09:51:30.000000000,99975,198,99895,99,99976,198,99894,298,100030,198,99871,198,100033,198,99866,198,100038,100,99832,100,100057,100,99777,100,100070,100,99767,100,100081,100,99759,100,100115,100,99442,100,100150,100,99402,100
2019-06-28 09:51:30.654891828,99895,1,99894,298,99975,198,99871,198,99976,198,99866,198,100030,198,99832,100,100033,198,99777,100,100038,100,99767,100,100057,100,99759,100,100070,100,99442,100,100081,100,99402,100,100115,100,99285,100
2019-06-28 09:51:40.000000000,99895,395,99894,594,99975,100,99871,100,99976,100,99866,100,100030,100,99832,100,100033,100,99777,100,100038,100,99767,100,100057,100,99759,100,100070,100,99442,100,100081,100,99402,100,100115,100,99285,100
2019-06-28 09:51:40.932501577,99895,395,99894,594,99975,100,99871,100,99976,100,99866,100,100028,100,99832,100,100030,100,99777,100,100033,100,99767,100,100038,100,99759,100,100057,100,99442,100,100070,100,99402,100,100081,100,99285,100
2019-06-28 09:51:50.000000000,99895,135,99894,334,99975,230,99871,230,99976,230,99866,230,100028,100,99832,100,100030,100,99777,100,100033,100,99767,100,100038,100,99759,100,100057,100,99442,100,100070,100,99402,100,100081,100,99285,100
2019-06-28 09:52:00.000000000,99895,395,99894,594,99975,100,99871,100,99976,100,99866,100,100028,100,99832,100,100030,100,99777,100,100033,100,99767,100,100038,100,99759,100,100057,100,99442,100,100070,100,99402,100,100081,100,99285,100
2019-06-28 09:52:05.020870311,99895,395,99894,594,99921,100,99871,100,99975,100,99866,100,99976,100,99832,100,100028,100,99777,100,100030,100,99767,100,100033,100,99759,100,100038,100,99442,100,100057,100,99402,100,100070,100,99285,100
2019-06-28 09:52:09.545361553,99895,295,99894,594,99921,100,99871,100,99975,100,99866,100,99976,100,99832,100,100028,100,99777,100,100030,100,99767,100,100033,100,99759,100,100038,100,99442,100,100057,100,99402,100,100070,100,99285,100
2019-06-28 09:52:10.000000000,99921,494,99894,594,99975,100,99871,100,99976,100,99866,100,100028,100,99832,100,100030,100,99777,100,100033,100,99767,100,100038,100,99759,100,100057,100,99442,100,100070,100,99402,100,100081,100,99285,100
2019-06-28 09:52:14.459103123,99921,494,99894,494,99975,100,99871,100,99976,100,99866,100,100028,100,99832,100,100030,100,99777,100,100033,100,99767,100,100038,100,99759,100,100057,100,99442,100,100070,100,99402,100,100081,100,99285,100
2019-06-28 09:52:20.000000000,99921,179,99894,179,99975,179,99871,179,99976,179,99866,179,100028,179,99832,179,100030,179,99777,179,100033,100,99767,100,100038,100,99759,100,100057,100,99442,100,100070,100,99402,100,100081,100,99285,100
2019-06-28 09:52:30.000000000,99921,198,99894,198,99975,198,99871,198,99976,198,99866,198,100028,198,99832,198,100030,100,99777,100,100033,100,99767,100,100038,100,99759,100,100057,100,99442,100,100070,100,99402,100,100081,100,99285,100
2019-06-28 09:52:36.497671893,99921,198,99894,198,99975,198,99884,100,99976,198,99871,198,100028,198,99866,198,100030,100,99832,198,100033,100,99777,100,100038,100,99767,100,100057,100,99759,100,100070,100,99442,100,100081,100,99402,100
2019-06-28 09:52:40.000000000,99921,179,99894,179,99975,179,99884,179,99976,179,99871,179,100028,179,99866,179,100030,179,99832,179,100033,100,99777,100,100038,100,99767,100,100057,100,99759,100,100070,100,99442,100,100081,100,99402,100
2019-06-28 09:52:50.000000000,99921,234,99894,234,99975,230,99884,230,99976,230,99871,230,100028,100,99866,100,100030,100,99832,100,100033,100,99777,100,100038,100,99767,100,100057,100,99759,100,100070,100,99442,100,100081,100,99402,100
2019-06-28 09:53:00.000000000,99921,234,99894,234,99975,230,99884,230,99976,230,99871,230,100028,100,99866,100,100030,100,99832,100,100033,100,99777,100,100038,100,99767,100,100057,100,99759,100,100070,100,99442,100,100081,100,99402,100
2019-06-28 09:53:10.000000000,99921,198,99894,198,99975,198,99884,198,99976,198,99871,198,100028,198,99866,198,100030,100,99832,100,100033,100,99777,100,100038,100,99767,100,100057,100,99759,100,100070,100,99442,100,100081,100,99402,100
2019-06-28 09:53:20.000000000,99921,179,99894,179,99975,179,99884,179,99976,179,99871,179,100028,179,99866,179,100030,179,99832,179,100033,100,99777,100,100038,100,99767,100,100057,100,99759,100,100070,100,99442,100,100081,100,99402,100
2019-06-28 09:53:30.000000000,99921,297,99894,297,99975,297,99884,297,99976,100,99871,100,100028,100,99866,100,100030,100,99832,100,100033,100,99777,100,100038,100,99767,100,100057,100,99759,100,100070,100,99442,100,100081,100,99402,100
2019-06-28 09:53:40.000000000,99921,198,99894,198,99975,198,99884,198,99976,198,99871,198,100028,198,99866,198,100030,100,99832,100,100033,100,99777,100,100038,100,99767,100,100057,100,99759,100,100070,100,99442,100,100081,100,99402,100
2019-06-28 09:53:45.170519615,99921,98,99894,198,99975,198,99884,198,99976,198,99871,198,100028,198,99866,198,100030,100,99832,100,100033,100,99777,100,100038,100,99767,100,100057,100,99759,100,100070,100,99442,100,100081,100,99402,100
2019-06-28 09:53:50.000000000,99975,179,99894,179,99976,179,99884,179,100028,179,99871,179,100030,179,99866,179,100033,179,99832,179,100038,100,99777,100,100057,100,99767,100,100070,100,99759,100,100081,100,99442,100,100115,100,99402,100
2019-06-28 09:53:52.409527233,99957,100,99894,179,99975,179,99884,179,99976,179,99871,179,100028,179,99866,179,100030,179,99832,179,100033,179,99777,100,100038,100,99767,100,100057,100,99759,100,100070,100,99442,100,100081,100,99402,100
2019-06-28 09:54:00.000000000,99957,198,99894,198,99975,198,99884,198,99976,198,99871,198,100028,198,99866,198,100030,100,99832,100,100033,100,99777,100,100038,100,99767,100,100057,100,99759,100,100070,100,99442,100,100081,100,99402,100
2019-06-28 09:54:07.828083917,99957,198,99894,198,99975,198,99884,198,99976,198,99871,198,100028,198,99866,198,100030,100,99832,100,100033,100,99777,100,100038,100,99767,100,100057,100,99759,100,100070,100,99442,100,100081,100,99402,100
2019-06-28 09:54:10.000000000,99957,234,99894,234,99975,230,99884,230,99976,230,99871,230,100028,100,99866,100,100030,100,99832,100,100033,100,99777,100,100038,100,99767,100,100057,100,99759,100,100070,100,99442,100,100081,100,99402,100
2019-06-28 09:54:15.456453490,99942,100,99894,234,99957,234,99884,230,99975,230,99871,230,99976,230,99866,100,100028,100,99832,100,100030,100,99777,100,100033,100,99767,100,100038,100,99759,100,100057,100,99442,100,100070,100,99402,100
2019-06-28 09:54:20.000000000,99942,179,99894,179,99957,179,99884,179,99975,179,99871,179,99976,179,99866,179,100028,179,99832,179,100030,100,99777,100,100033,100,99767,100,100038,100,99759,100,100057,100,99442,100,100070,100,99402,100
2019-06-28 09:54:30.000000000,99942,179,99894,179,99957,179,99884,179,99975,179,99871,179,99976,179,99866,179,100028,179,99832,179,100030,100,99777,100,100033,100,99767,100,100038,100,99759,100,100057,100,99442,100,100070,100,99402,100
2019-06-28 09:54:36.248274222,99942,79,99894,179,99957,179,99884,179,99975,179,99871,179,99976,179,99866,179,100028,179,99832,179,100030,100,99777,100,100033,100,99767,100,100057,100,99759,100,100070,100,99442,100,100081,100,99402,100
2019-06-28 09:54:40.000000000,99957,198,99894,198,99975,198,99884,198,99976,198,99871,198,100028,198,99866,198,100030,100,99832,100,100033,100,99777,100,100057,100,99767,100,100070,100,99759,100,100081,100,99442,100,100082,100,99402,100
2019-06-28 09:54:50.000000000,99957,494,99894,494,99975,100,99884,100,99976,100,99871,100,100028,100,99866,100,100030,100,99832,100,100033,100,99777,100,100057,100,99767,100,100070,100,99759,100,100081,100,99442,100,100082,100,99402,100
2019-06-28 09:55:00.000000000,99957,297,99894,297,99975,297,99884,297,99976,100,99871,100,100028,100,99866,100,100030,100,99832,100,100033,100,99777,100,100057,100,99767,100,100070,100,99759,100,100081,100,99442,100,100082,100,99402,100
2019-06-28 09:55:08.597522650,99957,297,99894,297,99975,297,99884,297,99976,100,99871,100,100028,100,99866,100,100030,100,99832,100,100033,100,99777,100,100057,100,99767,100,100070,100,99759,100,100081,100,99442,100,100082,100,99402,100
2019-06-28 09:55:10.000000000,99957,198,99894,198,99975,198,99884,198,99976,198,99871,198,100028,198,99866,198,100030,100,99832,100,100033,100,99777,100,100057,100,99767,100,100070,100,99759,100,100081,100,99442,100,100082,100,99402,100
2019-06-28 09:55:10.209061117,99957,98,99894,198,99975,198,99884,198,99976,198,99871,198,100028,198,99866,198,100030,100,99832,100,100033,100,99777,100,100057,100,99767,100,100070,100,99759,100,100081,100,99442,100,100082,100,99402,100
2019-06-28 09:55:20.000000000,99975,234,99894,234,99976,230,99884,230,100028,230,99871,230,100030,100,99866,100,100033,100,99832,100,100057,100,99777,100,100070,100,99767,100,100081,100,99759,100,100082,100,99442,100,100115,100,99402,100
2019-06-28 09:55:30.000000000,99975,179,99894,179,99976,179,99884,179,100028,179,99871,179,100030,179,99866,179,100033,179,99832,179,100057,100,99777,100,100070,100,99767,100,100081,100,99759,100,100082,100,99442,100,100115,100,99402,100
2019-06-28 09:55:40.000000000,99975,234,99894,234,99976,230,99884,230,100028,230,99871,230,100030,100,99866,100,100033,100,99832,100,100057,100,99777,100,100070,100,99767,100,100081,100,99759,100,100082,100,99442,100,100115,100,99402,100
2019-06-28 09:55:49.900185990,99975,234,99894,234,99976,230,99884,230,100028,230,99871,230,100030,100,99866,100,100033,100,99832,100,100057,100,99767,100,100070,100,99759,100,100081,100,99442,100,100082,100,99402,100,100115,100,99285,100
2019-06-28 09:55:50.000000000,99975,494,99894,494,99976,100,99884,100,100028,100,99871,100,100030,100,99866,100,100033,100,99832,100,100057,100,99767,100,100070,100,99759,100,100081,100,99442,100,100082,100,99402,100,100115,100,99285,100
2019-06-28 09:56:00.000000000,99975,179,99894,179,99976,179,99884,179,100028,179,99871,179,100030,179,99866,179,100033,179,99832,179,100057,100,99767,100,100070,100,99759,100,100081,100,99442,100,100082,100,99402,100,100115,100,99285,100
2019-06-28 09:56:10.000000000,99975,297,99894,297,99976,297,99884,297,100028,100,99871,100,100030,100,99866,100,100033,100,99832,100,100057,100,99767,100,100070,100,99759,100,100081,100,99442,100,100082,100,99402,100,100115,100,99285,100
2019-06-28 09:56:12.183371483,99975,297,99942,100,99976,297,99894,297,100028,100,99884,297,100030,100,99871,100,100033,100,99866,100,100057,100,99832,100,100070,100,99767,100,100081,100,99759,100,100082,100,99442,100,100115,100,99402,100
2019-06-28 09:56:17.512463781,99975,197,99942,100,99976,297,99894,297,100028,100,99884,297,100030,100,99871,100,100033,100,99866,100,100057,100,99832,100,100070,100,99767,100,100081,100,99759,100,100082,100,99442,100,100115,100,99402,100
2019-06-28 09:56:20.000000000,99976,179,99942,179,100028,179,99894,179,100030,179,99884,179,100033,179,99871,179,100057,179,99866,179,100070,100,99832,100,100081,100,99767,100,100082,100,99759,100,100115,100,99442,100,100150,100,99402,100
2019-06-28 09:56:30.000000000,99976,234,99942,234,100028,230,99894,230,100030,230,99884,230,100033,100,99871,100,100057,100,99866,100,100070,100,99832,100,100081,100,99767,100,100082,100,99759,100,100115,100,99442,100,100150,100,99402,100
2019-06-28 09:56:39.471011403,99976,234,99957,100,100028,230,99942,234,100030,230,99894,230,100033,100,99884,230,100057,100,99871,100,100070,100,99866,100,100081,100,99832,100,100082,100,99767,100,100115,100,99759,100,100150,100,99442,100
2019-06-28 09:56:40.000000000,99976,494,99957,494,100028,100,99942,100,100030,100,99894,100,100033,100,99884,100,100057,100,99871,100,100070,100,99866,100,100081,100,99832,100,100082,100,99767,100,100115,100,99759,100,100150,100,99442,100
2019-06-28 09:56:50.000000000,99976,179,99957,179,100028,179,99942,179,100030,179,99894,179,100033,179,99884,179,100057,179,99871,179,100070,100,99866,100,100081,100,99832,100,100082,100,99767,100,100115,100,99759,100,100150,100,99442,100
2019-06-28 09:57:00.000000000,99976,494,99957,494,100028,100,99942,100,100030,100,99894,100,100033,100,99884,100,100057,100,99871,100,100070,100,99866,100,100081,100,99832,100,100082,100,99767,100,100115,100,99759,100,100150,100,99442,100
2019-06-28 09:57:10.000000000,99976,198,99957,198,100028,198,99942,198,100030,198,99894,198,100033,198,99884,198,100057,100,99871,100,100070,100,99866,100,100081,100,99832,100,100082,100,99767,100,100115,100,99759,100,100150,100,99442,100
2019-06-28 09:57:20.000000000,99976,234,99957,234,100028,230,99942,230,100030,230,99894,230,100033,100,99884,100,100057,100,99871,100,100070,100,99866,100,100081,100,99832,100,100082,100,99767,100,100115,100,99759,100,100150,100,99442,100
2019-06-28 09:57:30.000000000,99976,179,99957,179,100028,179,99942,179,100030,179,99894,179,100033,179,99884,179,100057,179,99871,179,100070,100,99866,100,100081,100,99832,100,100082,100,99767,100,100115,100,99759,100,100150,100,99442,100
2019-06-28 09:57:40.000000000,99976,234,99957,234,100028,230,99942,230,100030,230,99894,230,100033,100,99884,100,100057,100,99871,100,100070,100,99866,100,100081,100,99832,100,100082,100,99767,100,100115,100,99759,100,100150,100,99442,100
2019-06-28 09:57:50.000000000,99976,198,99957,198,100028,198,99942,198,100030,198,99894,198,100033,198,99884,198,100057,100,99871,100,100070,100,99866,100,100081,100,99832,100,100082,100,99767,100,100115,100,99759,100,100150,100,99442,100
2019-06-28 09:57:59.015369383,99976,198,99957,98,100028,198,99942,198,100030,198,99894,198,100033,198,99884,198,100057,100,99871,100,100070,100,99866,100,100081,100,99832,100,100082,100,99767,100,100115,100,99759,100,100150,100,99442,100
2019-06-28 09:58:00.000000000,99976,494,99942,494,100028,100,99894,100,100030,100,99884,100,100033,100,99871,100,100057,100,99866,100,100070,100,99832,100,100081,100,99767,100,100082,100,99759,100,100115,100,99442,100,100150,100,99402,100
2019-06-28 09:58:10.000000000,99976,234,99942,234,100028,230,99894,230,100030,230,99884,230,100033,100,99871,100,100057,100,99866,100,100070,100,99832,100,100081,100,99767,100,100082,100,99759,100,100115,100,99442,100,100150,100,99402,100
2019-06-28 09:58:20.000000000,99976,179,99942,179,100028,179,99894,179,100030,179,99884,179,100033,179,99871,179,100057,179,99866,179,100070,100,99832,100,100081,100,99767,100,100082,100,99759,100,100115,100,99442,100,100150,100,99402,100
2019-06-28 09:58:30.000000000,99976,297,99942,297,100028,297,99894,297,100030,100,99884,100,100033,100,99871,100,100057,100,99866,100,100070,100,99832,100,100081,100,99767,100,100082,100,99759,100,100115,100,99442,100,100150,100,99402,100
2019-06-28 09:58:40.000000000,99976,179,99942,179,100028,179,99894,179,100030,179,99884,179,100033,179,99871,179,100057,179,99866,179,100070,100,99832,100,100081,100,99767,100,100082,100,99759,100,100115,100,99442,100,100150,100,99402,100
2019-06-28 09:58:49.956439130,99976,179,99942,79,100028,179,99894,179,100030,179,99884,179,100033,179,99871,179,100057,179,99866,179,100070,100,99832,100,100081,100,99767,100,100082,100,99759,100,100115,100,99442,100,100150,100,99402,100
2019-06-28 09:58:50.000000000,99976,494,99894,494,100028,100,99884,100,100030,100,99871,100,100033,100,99866,100,100057,100,99832,100,100070,100,99767,100,100081,100,99759,100,100082,100,99442,100,100115,100,99402,100,100150,100,99285,100
2019-06-28 09:59:00.000000000,99976,297,99894,297,100028,297,99884,297,100030,100,99871,100,100033,100,99866,100,100057,100,99832,100,100070,100,99767,100,100081,100,99759,100,100082,100,99442,100,100115,100,99402,100,100150,100,99285,100
2019-06-28 09:59:05.943269328,99976,297,99894,297,100028,297,99884,297,100030,100,99871,100,100033,100,99866,100,100057,100,99832,100,100070,100,99767,100,100081,100,99759,100,100082,100,99442,100,100115,100,99402,100,100150,100,99285,100
2019-06-28 09:59:09.132022205,99976,297,99894,197,100028,297,99884,297,100030,100,99871,100,100033,100,99866,100,100057,100,99832,100,100070,100,99767,100,100081,100,99759,100,100082,100,99442,100,100115,100,99402,100,100150,100,99285,100
2019-06-28 09:59:10.000000000,99976,179,99884,179,100028,179,99871,179,100030,179,99866,179,100033,179,99832,179,100057,179,99767,179,100070,100,99759,100,100081,100,99442,100,100082,100,99402,100,100115,100,99285,100,100150,100,99046,100
2019-06-28 09:59:17.781244564,99957,100,99884,179,99976,179,99871,179,100028,179,99866,179,100030,179,99832,179,100033,179,99767,179,100057,179,99759,100,100070,100,99442,100,100081,100,99402,100,100082,100,99285,100,100115,100,99046,100
2019-06-28 09:59:20.000000000,99957,198,99884,198,99976,198,99871,198,100028,198,99866,198,100030,198,99832,198,100033,100,99767,100,100057,100,99759,100,100070,100,99442,100,100081,100,99402,100,100082,100,99285,100,100115,100,99046,100
2019-06-28 09:59:25.309539473,99957,198,99884,98,99976,198,99871,198,100028,198,99866,198,100030,198,99832,198,100033,100,99767,100,100057,100,99759,100,100070,100,99442,100,100081,100,99402,100,100082,100,99285,100,100115,100,99046,100
2019-06-28 09:59:26.709424929,99957,198,99884,98,99976,198,99871,198,100028,198,99866,198,100030,198,99832,198,100033,100,99767,100,100057,100,99759,100,100070,100,99442,100,100081,100,99402,100,100082,100,99285,100,100115,100,99046,100
2019-06-28 09:59:30.000000000,99957,198,99871,198,99976,198,99866,198,100028,198,99832,198,100030,198,99767,198,100033,100,99759,100,100057,100,99442,100,100070,100,99402,100,100081,100,99285,100,100082,100,99046,100,100115,100,99040,100
2019-06-28 09:59:37.753661313,99957,198,99871,198,99976,198,99866,198,100028,198,99832,198,100030,198,99767,198,100033,100,99759,100,100057,100,99442,100,100070,100,99402,100,100081,100,99285,100,100082,100,99046,100,100115,100,99040,100
2019-06-28 09:59:40.000000000,99957,494,99871,494,99976,100,99866,100,100028,100,99832,100,100030,100,99767,100,100033,100,99759,100,100057,100,99442,100,100070,100,99402,100,100081,100,99285,100,100082,100,99046,100,100115,100,99040,100
2019-06-28 09:59:50.000000000,99957,234,99871,234,99976,230,99866,230,100028,230,99832,230,100030,100,99767,100,100033,100,99759,100,100057,100,99442,100,100070,100,99402,100,100081,100,99285,100,100082,100,99046,100,100115,100,99040,100
2019-06-28 09:59:59.743029593,99957,234,99871,134,99976,230,99866,230,100028,230,99832,230,100030,100,99767,100,100033,100,99759,100,100057,100,99442,100,100070,100,99402,100,100081,100,99285,100,100082,100,99040,100,100115,100,99009,100
2019-06-28 10:00:00.000000000,99957,297,99866,297,99976,297,99832,297,100028,100,99767,100,100030,100,99759,100,100033,100,99442,100,100057,100,99402,100,100070,100,99285,100,100081,100,99040,100,100082,100,99009,100,100115,100,98958,100
2019-06-28 10:00:09.697148052,99957,297,99866,297,99976,297,99832,297,100028,100,99767,100,100030,100,99759,100,100033,100,99630,100,100057,100,99442,100,100070,100,99402,100,100081,100,99285,100,100082,100,99040,100,100115,100,98958,100
2019-06-28 10:00:10.000000000,99957,179,99866,179,99976,179,99832,179,100028,179,99767,179,100030,179,99759,179,100033,179,99630,179,100057,100,99442,100,100070,100,99402,100,100081,100,99285,100,100082,100,99040,100,100115,100,98958,100
2019-06-28 10:00:11.805746239,99894,100,99866,179,99957,179,99832,179,99976,179,99767,179,100028,179,99759,179,100030,79,99630,179,100033,179,99442,100,100057,100,99402,100,100070,100,99285,100,100081,100,99040,100,100082,100,98958,100
2019-06-28 10:00:20.000000000,99894,198,99866,198,99957,198,99832,198,99976,198,99767,198,100028,198,99759,198,100033,100,99630,100,100057,100,99442,100,100070,100,99402,100,100081,100,99285,100,100082,100,99040,100,100115,100,98958,100
2019-06-28 10:00:23.886079144,99894,198,99866,198,99957,198,99832,198,99976,198,99767,198,100028,198,99759,198,100033,100,99630,100,100057,100,99442,100,100070,100,99402,100,100081,100,99354,100,100082,100,99285,100,100115,100,99040,100
2019-06-28 10:00:30.000000000,99894,179,99866,179,99957,179,99832,179,99976,179,99767,179,100028,179,99759,179,100033,179,99630,179,100057,100,99442,100,100070,100,99402,100,100081,100,99354,100,100082,100,99285,100,100115,100,99040,100
2019-06-28 10:00:35.232800722,99884,100,99866,179,99894,179,99832,179,99957,179,99767,179,99976,179,99759,179,100028,179,99630,179,100033,179,99442,100,100057,100,99402,100,100070,100,99354,100,100081,100,99285,100,100082,100,99040,100
2019-06-28 10:00:37.031104686,99884,100,99866,179,99894,179,99832,179,99957,179,99767,179,99976,179,99759,179,100028,179,99630,179,100033,179,99442,100,100057,100,99402,200,100070,100,99354,100,100081,100,99285,100,100082,100,99040,100
2019-06-28 10:00:40.000000000,99884,494,99866,494,99894,100,99832,100,99957,100,99767,100,99976,100,99759,100,100028,100,99630,100,100033,100,99442,100,100057,100,99402,200,100070,100,99354,100,100081,100,99285,100,100082,100,99040,100
2019-06-28 10:00:50.000000000,99884,198,99866,198,99894,198,99832,198,99957,198,99767,198,99976,198,99759,198,100028,100,99630,100,100033,100,99442,100,100057,100,99402,200,100070,100,99354,100,100081,100,99285,100,100082,100,99040,100
2019-06-28 10:01:00.000000000,99884,297,99866,297,99894,297,99832,297,99957,100,99767,100,99976,100,99759,100,100028,100,99630,100,100033,100,99442,100,100057,100,99402,200,100070,100,99354,100,100081,100,99285,100,100082,100,99040,100
2019-06-28 10:01:10.000000000,99884,234,99866,234,99894,230,99832,230,99957,230,99767,230,99976,100,99759,100,100028,100,99630,100,100033,100,99442,100,100057,100,99402,200,100070,100,99354,100,100081,100,99285,100,100082,100,99040,100
2019-06-28 10:01:20.000000000,99884,198,99866,198,99894,198,99832,198,99957,198,99767,198,99976,198,99759,198,100028,100,99630,100,100033,100,99442,100,100057,100,99402,200,100070,100,99354,100,100081,100,99285,100,100082,100,99040,100
2019-06-28 10:01:30.000000000,99884,198,99866,198,99894,198,99832,198,99957,198,99767,198,99976,198,99759,198,100028,100,99630,100,100033,100,99442,100,100057,100,99402,200,100070,100,99354,100,100081,100,99285,100,100082,100,99040,100
2019-06-28 10:01:33.706088563,99884,198,99866,98,99894,198,99832,198,99957,198,99767,198,99976,198,99759,198,100028,100,99630,100,100033,100,99442,100,100057,100,99402,200,100070,100,99354,100,100081,100,99285,100,100082,100,99040,100
2019-06-28 10:01:40.000000000,99884,234,99832,234,99894,230,99767,230,99957,230,99759,230,99976,100,99630,100,100028,100,99442,100,100033,100,99402,200,100057,100,99354,100,100070,100,99285,100,100081,100,99040,100,100082,100,98958,100
2019-06-28 10:01:47.022415497,99884,234,99832,234,99894,230,99767,230,99957,230,99759,230,99976,100,99630,100,100028,100,99442,100,100033,100,99402,200,100057,100,99354,100,100070,100,99285,100,100081,100,99040,100,100082,100,98958,100
2019-06-28 10:01:50.000000000,99884,234,99832,234,99894,230,99767,230,99957,230,99759,230,99976,100,99630,100,100028,100,99442,100,100033,100,99402,200,100057,100,99354,100,100070,100,99285,100,100081,100,99040,100,100082,100,98958,100
2019-06-28 10:02:00.000000000,99884,179,99832,179,99894,179,99767,179,99957,179,99759,179,99976,179,99630,179,100028,179,99442,179,100033,100,99402,200,100057,100,99354,100,100070,100,99285,100,100081,100,99040,100,100082,100,98958,100
2019-06-28 10:02:08.802330488,99884,179,99832,179,99894,179,99767,179,99957,179,99759,179,99976,179,99630,179,100028,179,99442,179,100033,100,99402,200,100057,100,99354,100,100070,100,99285,100,100081,100,99040,100,100082,100,98958,100
2019-06-28 10:02:09.811064966,99884,179,99832,79,99894,179,99767,179,99957,179,99759,179,99976,179,99630,179,100028,179,99442,179,100033,100,99402,200,100057,100,99354,100,100070,100,99285,100,100081,100,99040,100,100082,100,98958,100
2019-06-28 10:02:10.000000000,99884,198,99767,198,99894,198,99759,198,99957,198,99630,198,99976,198,99442,198,100028,100,99402,200,100033,100,99354,100,100057,100,99285,100,100070,100,99040,100,100081,100,98958,100,100082,100,98892,100
2019-06-28 10:02:17.864693556,99866,100,99767,198,99884,198,99759,198,99894,198,99630,198,99957,198,99442,198,99976,198,99402,200,100028,100,99354,100,100033,100,99285,100,100057,100,99040,100,100070,100,98958,100,100081,100,98892,100
2019-06-28 10:02:20.000000000,99866,494,99767,494,99884,100,99759,100,99894,100,99630,100,99957,100,99442,100,99976,100,99402,200,100028,100,99354,100,100033,100,99285,100,100057,100,99040,100,100070,100,98958,100,100081,100,98892,100
2019-06-28 10:02:21.455700562,99866,494,99767,494,99884,100,99759,100,99894,100,99630,100,99957,100,99442,100,99976,100,99402,200,100028,100,99354,100,100033,100,99285,100,100057,100,98958,100,100070,100,98892,100,100081,100,98873,100
2019-06-28 10:02:24.794906403,99866,594,99767,494,99884,100,99759,100,99894,100,99630,100,99957,100,99442,100,99976,100,99402,200,100028,100,99354,100,100033,100,99285,100,100057,100,98958,100,100070,100,98892,100,100081,100,98873,100
2019-06-28 10:02:30.000000000,99866,594,99767,494,99884,100,99759,100,99894,100,99630,100,99957,100,99442,100,99976,100,99402,200,100028,100,99354,100,100033,100,99285,100,100057,100,98958,100,100070,100,98892,100,100081,100,98873,100
2019-06-28 10:02:31.053395164,99866,594,99767,394,99884,100,99759,100,99894,100,99630,100,99957,100,99442,100,99976,100,99402,200,100028,100,99354,100,100033,100,99285,100,100057,100,98958,100,100070,100,98892,100,100081,100,98873,100
2019-06-28 10:02:35.570538224,99866,594,99767,294,99884,100,99759,100,99894,100,99630,100,99957,100,99442,100,99976,100,99402,200,100028,100,99354,100,100033,100,99285,100,100070,100,98958,100,100081,100,98892,100,100082,100,98873,100
2019-06-28 10:02:40.000000000,99866,594,99759,494,99884,100,99630,100,99894,100,99442,100,99957,100,99402,200,99976,100,99354,100,100028,100,99285,100,100033,100,98958,100,100070,100,98892,100,100081,100,98873,100,100082,100,98842,100
2019-06-28 10:02:50.000000000,99866,279,99759,179,99884,179,99630,179,99894,179,99442,179,99957,179,99402,279,99976,179,99354,179,100028,100,99285,100,100033,100,98958,100,100070,100,98892,100,100081,100,98873,100,100082,100,98842,100
2019-06-28 10:03:00.000000000,99866,279,99759,179,99884,179,99630,179,99894,179,99442,179,99957,179,99402,279,99976,179,99354,179,100028,100,99285,100,100033,100,98958,100,100070,100,98892,100,100081,100,98873,100,100082,100,98842,100
2019-06-28 10:03:10.000000000,99866,334,99759,234,99884,230,99630,230,99894,230,99442,230,99957,100,99402,200,99976,100,99354,100,100028,100,99285,100,100033,100,98958,100,100070,100,98892,100,100081,100,98873,100,100082,100,98842,100
2019-06-28 10:03:20.000000000,99866,279,99759,179,99884,179,99630,179,99894,179,99442,179,99957,179,99402,279,99976,179,99354,179,100028,100,99285,100,100033,100,98958,100,100070,100,98892,100,100081,100,98873,100,100082,100,98842,100
2019-06-28 10:03:28.428520580,99866,279,99759,79,99884,179,99630,179,99894,179,99442,79,99957,179,99402,279,99976,179,99354,179,100028,100,99285,100,100033,100,98958,100,100070,100,98892,100,100081,100,98873,100,100082,100,98842,100
2019-06-28 10:03:30.000000000,99866,279,99630,179,99884,179,99402,279,99894,179,99354,179,99957,179,99285,179,99976,179,98958,179,100028,100,98892,100,100033,100,98873,100,100070,100,98842,100,100081,100,98720,100,100082,100,98487,100
2019-06-28 10:03:31.954602651,99767,100,99630,179,99866,279,99402,279,99884,179,99354,179,99894,179,99285,179,99957,179,98958,179,99976,179,98892,100,100028,100,98873,100,100033,100,98842,100,100070,100,98720,100,100081,100,98487,100
2019-06-28 10:03:37.266515316,99767,100,99630,79,99866,279,99402,179,99884,179,99354,179,99894,179,99285,179,99957,179,98958,179,99976,179,98892,100,100028,100,98873,100,100033,100,98842,100,100070,100,98720,100,100081,100,98487,100
2019-06-28 10:03:40.000000000,99767,198,99402,198,99866,298,99354,198,99884,198,99285,198,99894,198,98958,198,99957,100,98892,100,99976,100,98873,100,100028,100,98842,100,100033,100,98720,100,100070,100,98487,100,100081,100,98369,100
2019-06-28 10:03:50.000000000,99767,198,99402,198,99866,298,99354,198,99884,198,99285,198,99894,198,98958,198,99957,100,98892,100,99976,100,98873,100,100028,100,98842,100,100033,100,98720,100,100070,100,98487,100,100081,100,98369,100
2019-06-28 10:04:00.000000000,99767,297,99402,297,99866,397,99354,297,99884,100,99285,100,99894,100,98958,100,99957,100,98892,100,99976,100,98873,100,100028,100,98842,100,100033,100,98720,100,100070,100,98487,100,100081,100,98369,100
2019-06-28 10:04:10.000000000,99767,494,99402,494,99866,200,99354,100,99884,100,99285,100,99894,100,98958,100,99957,100,98892,100,99976,100,98873,100,100028,100,98842,100,100033,100,98720,100,100070,100,98487,100,100081,100,98369,100
2019-06-28 10:04:20.000000000,99767,494,99402,494,99866,200,99354,100,99884,100,99285,100,99894,100,98958,100,99957,100,98892,100,99976,100,98873,100,100028,100,98842,100,100033,100,98720,100,100070,100,98487,100,100081,100,98369,100
2019-06-28 10:04:25.712117462,99767,494,99402,494,99866,200,99354,100,99884,100,99285,100,99894,100,98958,100,99937,100,98892,100,99957,100,98873,100,99976,100,98842,100,100028,100,98720,100,100033,100,98487,100,100070,100,98369,100
2019-06-28 10:04:30.000000000,99767,234,99402,234,99866,330,99354,230,99884,230,99285,230,99894,100,98958,100,99937,100,98892,100,99957,100,98873,100,99976,100,98842,100,100028,100,98720,100,100033,100,98487,100,100070,100,98369,100
2019-06-28 10:04:33.147144265,99767,234,99753,100,99866,330,99402,234,99884,230,99354,230,99894,100,99285,230,99937,100,98958,100,99957,100,98892,100,99976,100,98873,100,100028,100,98842,100,100033,100,98720,100,100070,100,98487,100
2019-06-28 10:04:34.922348485,99767,234,99753,100,99866,330,99658,100,99884,230,99402,234,99894,100,99354,230,99937,100,99285,230,99957,100,98958,100,99976,100,98892,100,100028,100,98873,100,100033,100,98842,100,100070,100,98720,100
2019-06-28 10:04:40.000000000,99767,179,99753,179,99866,279,99658,179,99884,179,99402,179,99894,179,99354,179,99937,179,99285,179,99957,100,98958,100,99976,100,98892,100,100028,100,98873,100,100033,100,98842,100,100070,100,98720,100
2019-06-28 10:04:50.000000000,99767,179,99753,179,99866,279,99658,179,99884,179,99402,179,99894,179,99354,179,99937,179,99285,179,99957,100,98958,100,99976,100,98892,100,100028,100,98873,100,100033,100,98842,100,100070,100,98720,100
2019-06-28 10:05:00.000000000,99767,179,99753,179,99866,279,99658,179,99884,179,99402,179,99894,179,99354,179,99937,179,99285,179,99957,100,98958,100,99976,100,98892,100,100028,100,98873,100,100033,100,98842,100,100070,100,98720,100
2019-06-28 10:05:10.000000000,99767,198,99753,198,99866,298,99658,198,99884,198,99402,198,99894,198,99354,198,99937,100,99285,100,99957,100,98958,100,99976,100,98892,100,100028,100,98873,100,100033,100,98842,100,100070,100,98720,100
2019-06-28 10:05:12.159124282,99767,98,99753,198,99866,298,99658,198,99884,198,99402,198,99894,198,99354,198,99957,100,99285,100,99976,100,98958,100,100028,100,98892,100,100033,100,98873,100,100070,100,98842,100,100081,100,98720,100
2019-06-28 10:05:20.000000000,99866,334,99753,234,99884,230,99658,230,99894,230,99402,230,99957,100,99354,100,99976,100,99285,100,100028,100,98958,100,100033,100,98892,100,100070,100,98873,100,100081,100,98842,100,100082,100,98720,100
2019-06-28 10:05:30.000000000,99866,334,99753,234,99884,230,99658,230,99894,230,99402,230,99957,100,99354,100,99976,100,99285,100,100028,100,98958,100,100033,100,98892,100,100070,100,98873,100,100081,100,98842,100,100082,100,98720,100
2019-06-28 10:05:40.000000000,99866,397,99753,297,99884,297,99658,297,99894,100,99402,100,99957,100,99354,100,99976,100,99285,100,100028,100,98958,100,100033,100,98892,100,100070,100,98873,100,100081,100,98842,100,100082,100,98720,100
2019-06-28 10:05:50.000000000,99866,298,99753,198,99884,198,99658,198,99894,198,99402,198,99957,198,99354,198,99976,100,99285,100,100028,100,98958,100,100033,100,98892,100,100070,100,98873,100,100081,100,98842,100,100082,100,98720,100
2019-06-28 10:05:51.140577310,99866,298,99810,100,99884,198,99753,198,99894,198,99658,198,99957,198,99402,198,99976,100,99354,198,100028,100,99285,100,100070,100,98958,100,100081,100,98892,100,100082,100,98873,100,100150,100,98842,100
2019-06-28 10:06:00.000000000,99866,334,99810,234,99884,230,99753,230,99894,230,99658,230,99957,100,99402,100,99976,100,99354,100,100028,100,99285,100,100070,100,98958,100,100081,100,98892,100,100082,100,98873,100,100150,100,98842,100
2019-06-28 10:06:10.000000000,99866,279,99810,179,99884,179,99753,179,99894,179,99658,179,99957,179,99402,179,99976,179,99354,179,100028,100,99285,100,100070,100,98958,100,100081,100,98892,100,100082,100,98873,100,100150,100,98842,100
2019-06-28 10:06:20.000000000,99866,594,99810,494,99884,100,99753,100,99894,100,99658,100,99957,100,99402,100,99976,100,99354,100,100028,100,99285,100,100070,100,98958,100,100081,100,98892,100,100082,100,98873,100,100150,100,98842,100
2019-06-28 10:06:30.000000000,99866,334,99810,234,99884,230,99753,230,99894,230,99658,230,99957,100,99402,100,99976,100,99354,100,100028,100,99285,100,100070,100,98958,100,100081,100,98892,100,100082,100,98873,100,100150,100,98842,100
2019-06-28 10:06:40.000000000,99866,334,99810,234,99884,230,99753,230,99894,230,99658,230,99957,100,99402,100,99976,100,99354,100,100028,100,99285,100,100070,100,98958,100,100081,100,98892,100,100082,100,98873,100,100150,100,98842,100
2019-06-28 10:06:50.000000000,99866,334,99810,234,99884,230,99753,230,99894,230,99658,230,99957,100,99402,100,99976,100,99354,100,100028,100,99285,100,100070,100,98958,100,100081,100,98892,100,100082,100,98873,100,100150,100,98842,100
2019-06-28 10:07:00.000000000,99866,594,99810,494,99884,100,99753,100,99894,100,99658,100,99957,100,99402,100,99976,100,99354,100,100028,100,99285,100,100070,100,98958,100,100081,100,98892,100,100082,100,98873,100,100150,100,98842,100
2019-06-28 10:07:10.000000000,99866,397,99810,297,99884,297,99753,297,99894,100,99658,100,99957,100,99402,100,99976,100,99354,100,100028,100,99285,100,100070,100,98958,100,100081,100,98892,100,100082,100,98873,100,100150,100,98842,100
2019-06-28 10:07:10.300242180,99866,397,99810,197,99884,297,99753,297,99894,100,99658,100,99957,100,99402,100,99976,100,99354,100,100028,100,99285,100,100070,100,98958,100,100081,100,98892,100,100082,100,98873,100,100150,100,98842,100
2019-06-28 10:07:14.313973901,99866,397,99810,197,99884,297,99753,297,99894,100,99658,100,99957,100,99402,100,99976,100,99354,100,100028,100,99285,100,100070,100,98958,100,100081,100,98892,100,100082,100,98873,100,100150,100,98842,100
2019-06-28 10:07:14.357232755,99866,397,99810,197,99884,297,99753,297,99894,100,99658,100,99957,100,99402,100,99976,100,99354,100,100028,100,99285,100,100070,100,98958,100,100081,100,98892,100,100082,100,98873,100,100150,100,98842,100
2019-06-28 10:07:16.589269127,99866,397,99810,197,99884,297,99753,297,99894,100,99658,100,99957,100,99402,100,99976,100,99354,100,100028,100,99285,100,100070,100,98958,100,100081,100,98892,100,100082,100,98873,100,100150,100,98842,100
2019-06-28 10:07:20.000000000,99866,594,99753,494,99884,100,99658,100,99894,100,99402,100,99957,100,99354,100,99976,100,99285,100,100028,100,98958,100,100070,100,98892,100,100081,100,98873,100,100082,100,98842,100,100150,100,98746,100
2019-06-28 10:07:20.140613504,99866,594,99753,394,99884,100,99658,100,99894,100,99354,100,99957,100,99285,100,99976,100,98958,100,100028,100,98892,100,100070,100,98873,100,100081,100,98842,100,100082,100,98746,100,100150,100,98720,100
2019-06-28 10:07:30.000000000,99866,298,99658,198,99884,198,99354,198,99894,198,99285,198,99957,198,98958,198,99976,100,98892,100,100028,100,98873,100,100070,100,98842,100,100081,100,98746,100,100082,100,98720,100,100150,100,98679,100
2019-06-28 10:07:38.855067788,99810,100,99658,198,99866,298,99354,198,99884,198,99285,198,99894,198,98958,198,99957,198,98892,100,99976,100,98873,100,100028,100,98842,100,100070,100,98746,100,100081,100,98720,100,100082,100,98679,100
2019-06-28 10:07:40.000000000,99810,198,99658,198,99866,298,99354,198,99884,198,99285,198,99894,198,98958,198,99957,100,98892,100,99976,100,98873,100,100028,100,98842,100,100070,100,98746,100,100081,100,98720,100,100082,100,98679,100
2019-06-28 10:07:43.553425344,99810,198,99658,198,99866,298,99354,198,99884,98,99285,198,99894,198,98958,198,99957,100,98892,100,99976,100,98873,100,100028,100,98842,100,100070,100,98746,100,100081,100,98720,100,100082,100,98679,100
2019-06-28 10:07:50.000000000,99810,494,99658,494,99866,200,99354,100,99894,100,99285,100,99957,100,98958,100,99976,100,98892,100,100028,100,98873,100,100070,100,98842,100,100081,100,98746,100,100082,100,98720,100,100150,100,98679,100
2019-06-28 10:08:00.000000000,99810,198,99658,198,99866,298,99354,198,99894,198,99285,198,99957,198,98958,198,99976,100,98892,100,100028,100,98873,100,100070,100,98842,100,100081,100,98746,100,100082,100,98720,100,100150,100,98679,100
2019-06-28 10:08:10.000000000,99810,198,99658,198,99866,298,99354,198,99894,198,99285,198,99957,198,98958,198,99976,100,98892,100,100028,100,98873,100,100070,100,98842,100,100081,100,98746,100,100082,100,98720,100,100150,100,98679,100
2019-06-28 10:08:19.565040899,99810,198,99658,198,99866,298,99354,198,99894,98,99285,198,99957,198,98958,198,99976,100,98892,100,100028,100,98873,100,100070,100,98842,100,100081,100,98746,100,100082,100,98720,100,100150,100,98679,100
2019-06-28 10:08:20.000000000,99810,198,99658,198,99866,298,99354,198,99957,198,99285,198,99976,198,98958,198,100028,100,98892,100,100070,100,98873,100,100081,100,98842,100,100082,100,98746,100,100150,100,98720,100,100209,100,98679,100
2019-06-28 10:08:26.843405055,99810,198,99658,198,99866,298,99354,198,99957,198,99285,198,99976,198,98958,198,100028,100,98892,100,100070,100,98842,100,100081,100,98746,100,100082,100,98741,100,100150,100,98720,100,100209,100,98679,100
2019-06-28 10:08:30.000000000,99810,198,99658,198,99866,298,99354,198,99957,198,99285,198,99976,198,98958,198,100028,100,98892,100,100070,100,98842,100,100081,100,98746,100,100082,100,98741,100,100150,100,98720,100,100209,100,98679,100
2019-06-28 10:08:40.000000000,99810,297,99658,297,99866,397,99354,297,99957,100,99285,100,99976,100,98958,100,100028,100,98892,100,100070,100,98842,100,100081,100,98746,100,100082,100,98741,100,100150,100,98720,100,100209,100,98679,100
2019-06-28 10:08:41.502736894,99810,297,99658,197,99866,397,99354,297,99957,100,99285,100,99976,100,98958,100,100028,100,98892,100,100070,100,98842,100,100081,100,98746,100,100082,100,98741,100,100150,100,98720,100,100209,100,98679,100
2019-06-28 10:08:43.923599112,99810,297,99658,97,99866,397,99354,297,99957,100,99285,100,99976,100,98958,100,100028,100,98892,100,100070,100,98842,100,100081,100,98746,100,100082,100,98741,100,100150,100,98720,100,100209,100,98679,100
2019-06-28 10:08:50.000000000,99810,198,99354,198,99866,298,99285,198,99957,198,98958,198,99976,198,98892,198,100028,100,98842,100,100070,100,98746,100,100081,100,98741,100,100082,100,98720,100,100150,100,98679,100,100209,100,98617,100
2019-06-28 10:08:53.337557654,99658,100,99354,198,99810,198,99285,198,99866,298,98958,198,99957,198,98892,198,99976,198,98842,100,100028,100,98746,100,100070,100,98741,100,100081,100,98720,100,100082,100,98679,100,100150,100,98617,100
2019-06-28 10:08:53.827515013,99658,100,99354,198,99810,198,99285,198,99866,298,98958,198,99957,198,98892,198,99976,198,98842,100,100028,100,98746,100,100070,100,98741,100,100081,100,98720,100,100082,100,98679,100,100150,100,98617,100
2019-06-28 10:09:00.000000000,99658,234,99354,234,99810,230,99285,230,99866,330,98958,230,99957,100,98892,100,99976,100,98842,100,100028,100,98746,100,100070,100,98741,100,100081,100,98720,100,100082,100,98679,100,100150,100,98617,100
2019-06-28 10:09:10.000000000,99658,198,99354,198,99810,198,99285,198,99866,298,98958,198,99957,198,98892,198,99976,100,98842,100,100028,100,98746,100,100070,100,98741,100,100081,100,98720,100,100082,100,98679,100,100150,100,98617,100
2019-06-28 10:09:13.322969695,99658,198,99354,98,99810,198,99285,198,99866,298,98958,198,99957,198,98892,198,99976,100,98842,100,100028,100,98746,100,100070,100,98741,100,100081,100,98720,100,100082,100,98679,100,100150,100,98617,100
2019-06-28 10:09:14.190798105,99658,198,99354,98,99810,198,99285,198,99866,298,98958,198,99957,198,98892,198,99976,100,98842,100,100028,100,98746,100,100081,100,98741,100,100082,100,98720,100,100150,100,98679,100,100209,100,98617,100
2019-06-28 10:09:20.000000000,99658,179,99285,179,99810,179,98958,179,99866,279,98892,179,99957,179,98842,179,99976,179,98746,179,100028,100,98741,100,100081,100,98720,100,100082,100,98679,100,100150,100,98617,100,100209,100,98505,100
