,ask_price_1,ask_size_1,bid_price_1,bid_size_1,ask_price_2,ask_size_2,bid_price_2,bid_size_2,ask_price_3,ask_size_3,bid_price_3,bid_size_3,ask_price_4,ask_size_4,bid_price_4,bid_size_4,ask_price_5,ask_size_5,bid_price_5,bid_size_5,ask_price_6,ask_size_6,bid_price_6,bid_size_6,ask_price_7,ask_size_7,bid_price_7,bid_size_7,ask_price_8,ask_size_8,bid_price_8,bid_size_8,ask_price_9,ask_size_9,bid_price_9,bid_size_9,ask_price_10,ask_size_10,bid_price_10,bid_size_10
2019-06-28 09:30:00.000000000,99968,100,,,,,,,,,,,,,,,,,,,,,,,,,,,,,,,,,,,,,,
2019-06-28 09:30:00.000000001,99968,100,,,100077,100,,,,,,,,,,,,,,,,,,,,,,,,,,,,,,,,,,
2019-06-28 09:30:00.000000003,99968,100,,,100077,100,,,100135,100,,,100158,100,,,100178,100,,,,,,,,,,,,,,,,,,,,,,
2019-06-28 09:30:00.000000006,99968,100,,,100006,100,,,100077,100,,,100135,100,,,100158,100,,,100178,100,,,,,,,,,,,,,,,,,,
2019-06-28 09:30:00.000000007,100006,100,,,100077,100,,,100135,100,,,100158,100,,,100178,100,,,,,,,,,,,,,,,,,,,,,,
2019-06-28 09:30:00.000000009,100077,100,,,100135,100,,,100158,100,,,100178,100,,,,,,,,,,,,,,,,,,,,,,,,,,
2019-06-28 09:30:00.000000012,100077,100,,,100104,100,,,100135,100,,,100158,100,,,100178,100,,,,,,,,,,,,,,,,,,,,,,
2019-06-28 09:30:00.000000013,100077,100,100023,100,100104,100,,,100135,100,,,100158,100,,,100178,100,,,,,,,,,,,,,,,,,,,,,,
2019-06-28 09:30:00.000000014,100077,100,100023,100,100104,100,,,100135,100,,,100158,100,,,100178,100,,,100206,100,,,,,,,,,,,,,,,,,,
2019-06-28 09:30:00.000000016,100077,100,100023,100,100104,100,99968,100,100135,100,,,100158,100,,,100178,100,,,100206,100,,,,,,,,,,,,,,,,,,
2019-06-28 09:30:00.000000017,100077,100,100023,100,100104,100,99994,100,100135,100,99968,100,100158,100,,,100178,100,,,100206,100,,,,,,,,,,,,,,,,,,
2019-06-28 09:30:00.000000022,100058,100,100023,100,100077,100,99994,100,100104,100,99968,100,100116,100,99932,100,100135,100,,,100158,100,,,100178,100,,,100206,100,,,,,,,,,,
2019-06-28 09:30:00.000000025,100058,100,100023,100,100077,100,99994,100,100104,100,99968,100,100116,100,99932,100,100135,100,,,100139,100,,,100158,100,,,100178,100,,,100206,100,,,,,,
2019-06-28 09:30:00.000000029,100058,100,100023,100,100077,100,99994,100,100104,100,99968,100,100116,100,99932,100,100135,100,99921,100,100139,100,,,100158,100,,,100178,100,,,100206,100,,,,,,
2019-06-28 09:30:00.000000031,100058,100,99994,100,100077,100,99968,100,100104,100,99932,100,100116,100,99921,100,100135,100,,,100139,100,,,100158,100,,,100178,100,,,100206,100,,,,,,
2019-06-28 09:30:00.000000032,100058,100,99994,100,100077,100,99968,100,100104,100,99932,100,100116,100,99921,100,100135,100,99907,100,100139,100,,,100158,100,,,100178,100,,,100206,100,,,,,,
2019-06-28 09:30:00.000000033,100058,100,100000,100,100077,100,99994,100,100104,100,99968,100,100116,100,99932,100,100135,100,99921,100,100139,100,99907,100,100158,100,,,100178,100,,,100206,100,,,,,,
2019-06-28 09:30:00.000000034,100058,100,100000,100,100077,100,99994,100,100104,100,99968,100,100116,100,99932,100,100135,100,99921,100,100139,100,99907,100,100158,100,,,100161,100,,,100178,100,,,100206,100,,
2019-06-28 09:30:00.000000040,100023,100,100000,100,100058,100,99994,100,100077,100,99968,100,100104,100,99932,100,100116,100,99921,100,100135,100,99907,100,100139,100,,,100158,100,,,100161,100,,,100178,100,,
2019-06-28 09:30:00.000000042,100023,100,100000,100,100058,100,99994,100,100066,100,99968,100,100077,100,99932,100,100104,100,99921,100,100116,100,99907,100,100135,100,,,100139,100,,,100158,100,,,100161,100,,
2019-06-28 09:30:00.000000043,100023,100,100000,100,100058,100,99994,100,100066,100,99968,100,100077,100,99932,100,100104,100,99921,100,100116,100,99907,100,100135,100,,,100139,100,,,100149,100,,,100152,100,,
2019-06-28 09:30:00.000000045,100004,100,100000,100,100023,100,99994,100,100058,100,99968,100,100066,100,99932,100,100077,100,99921,100,100104,100,99907,100,100116,100,99844,100,100135,100,,,100139,100,,,100149,100,,
2019-06-28 09:30:00.000000046,100004,100,100000,100,100023,100,99994,100,100058,100,99982,100,100066,100,99968,100,100077,100,99932,100,100104,100,99921,100,100116,100,99907,100,100135,100,99844,100,100139,100,,,100149,100,,
2019-06-28 09:30:00.000000047,100004,100,100000,100,100023,200,99994,100,100058,100,99982,100,100066,100,99968,100,100077,100,99932,100,100104,100,99921,100,100116,100,99907,100,100135,100,99844,100,100139,100,,,100149,100,,
2019-06-28 09:30:00.000000048,100023,200,100000,100,100058,100,99994,100,100066,100,99982,100,100077,100,99968,100,100104,100,99932,100,100116,100,99921,100,100135,100,99907,100,100139,100,99844,100,100149,100,,,100152,100,,
2019-06-28 09:30:00.000000050,100023,200,100000,100,100058,100,99994,100,100066,100,99982,100,100077,100,99968,100,100104,100,99932,100,100116,100,99921,100,100129,100,99907,100,100135,100,99844,100,100139,100,,,100149,100,,
2019-06-28 09:30:00.000000052,100023,200,100000,100,100058,100,99994,100,100066,100,99982,100,100077,100,99968,100,100102,100,99932,100,100104,100,99921,100,100116,100,99907,100,100129,100,99892,100,100135,100,99844,100,100139,100,,
2019-06-28 09:30:00.000000054,100023,200,99994,100,100058,100,99982,100,100066,100,99968,100,100077,100,99932,100,100102,100,99921,100,100104,100,99907,100,100116,100,99892,100,100129,100,99844,100,100135,100,,,100139,100,,
2019-06-28 09:30:00.000000057,100023,200,99994,100,100058,100,99982,100,100066,100,99968,100,100077,100,99941,100,100102,100,99932,100,100104,100,99921,100,100116,100,99907,100,100129,100,99892,100,100135,100,99858,100,100139,100,99844,100
2019-06-28 09:30:00.000000058,100023,200,99982,100,100058,100,99968,100,100066,100,99941,100,100077,100,99932,100,100102,100,99921,100,100104,100,99907,100,100116,100,99892,100,100129,100,99858,100,100135,100,99844,100,100139,100,,
2019-06-28 09:30:00.000000059,100023,200,100005,100,100058,100,99982,100,100066,100,99968,100,100077,100,99941,100,100102,100,99932,100,100104,100,99921,100,100116,100,99907,100,100129,100,99892,100,100135,100,99858,100,100139,100,99844,100
2019-06-28 09:30:00.000000061,100023,200,99982,100,100058,100,99968,100,100066,100,99941,100,100077,100,99932,100,100102,100,99921,100,100104,100,99907,100,100116,100,99892,100,100129,100,99858,100,100135,100,99844,100,100139,100,,
2019-06-28 09:30:00.000000064,100023,200,99982,100,100058,100,99968,100,100066,100,99941,100,100077,100,99932,100,100102,100,99921,100,100104,100,99907,100,100116,100,99892,100,100129,100,99858,100,100135,100,99844,100,100139,100,,
2019-06-28 09:30:00.000000067,100023,200,99982,100,100030,100,99968,100,100058,100,99941,100,100066,100,99932,100,100077,100,99921,100,100102,100,99907,100,100104,100,99892,100,100116,100,99858,100,100129,100,99844,100,100135,100,,
2019-06-28 09:30:00.000000069,100005,100,99982,100,100023,200,99968,100,100030,100,99941,100,100058,100,99932,100,100066,100,99921,100,100077,100,99907,100,100102,100,99892,100,100104,100,99858,100,100116,100,99844,100,100129,100,,
2019-06-28 09:30:00.000000074,100005,100,99982,100,100023,200,99968,100,100030,100,99958,100,100058,100,99941,100,100066,100,99932,100,100077,100,99921,100,100102,100,99907,100,100104,100,99892,100,100116,100,99858,100,100129,100,99844,100
2019-06-28 09:30:00.000000076,100005,100,99982,100,100023,200,99968,100,100030,100,99958,100,100046,100,99941,100,100058,100,99932,100,100066,100,99921,100,100077,100,99907,100,100102,100,99892,100,100104,100,99858,100,100116,100,99844,100
2019-06-28 09:30:00.000000077,100005,100,99977,100,100023,200,99968,100,100030,100,99958,100,100046,100,99941,100,100058,100,99932,100,100066,100,99921,100,100077,100,99907,100,100102,100,99892,100,100104,100,99858,100,100116,100,99844,100
2019-06-28 09:30:00.000000079,100005,100,99977,100,100023,200,99968,100,100030,100,99958,100,100033,100,99941,100,100046,100,99932,100,100058,100,99921,100,100066,100,99907,100,100077,100,99892,100,100102,100,99858,100,100104,100,99844,100
2019-06-28 09:30:00.000000080,100005,100,99977,100,100023,200,99968,100,100030,100,99958,100,100033,100,99941,100,100046,100,99932,100,100058,100,99921,100,100066,100,99907,100,100077,100,99892,100,100102,100,99858,100,100104,100,99855,100
2019-06-28 09:30:00.000000081,100005,100,99977,100,100023,200,99968,100,100030,100,99958,100,100033,100,99941,100,100046,100,99932,100,100047,100,99921,100,100058,100,99907,100,100066,100,99892,100,100077,100,99858,100,100102,100,99855,100
2019-06-28 09:30:00.000000084,100004,100,99992,100,100005,100,99982,100,100023,200,99977,100,100030,100,99968,100,100033,100,99958,100,100046,100,99941,100,100047,100,99932,100,100058,100,99921,100,100066,100,99907,100,100077,100,99892,100
2019-06-28 09:30:00.000000088,100004,100,99992,100,100005,100,99982,100,100023,200,99977,100,100030,100,99968,100,100033,100,99958,100,100046,100,99941,100,100047,100,99932,100,100051,100,99921,100,100058,100,99907,100,100066,100,99892,100
2019-06-28 09:30:00.000000089,100004,100,99992,100,100005,100,99991,100,100023,200,99982,100,100030,100,99977,100,100033,100,99968,100,100046,100,99958,100,100047,100,99941,100,100051,100,99932,100,100058,100,99921,100,100066,100,99907,100
2019-06-28 09:30:00.000000090,100004,100,99992,100,100005,100,99991,100,100023,200,99982,100,100030,100,99977,100,100033,100,99968,100,100045,100,99958,100,100046,100,99941,100,100047,100,99932,100,100051,100,99921,100,100058,100,99907,100
2019-06-28 09:30:00.000000091,100004,100,99992,100,100005,100,99991,100,100023,200,99982,100,100030,100,99977,100,100033,100,99968,100,100045,100,99958,100,100046,100,99941,100,100047,100,99932,100,100051,100,99921,100,100058,100,99907,100
2019-06-28 09:30:00.000000092,100005,100,99992,100,100023,200,99991,100,100030,100,99982,100,100033,100,99977,100,100045,200,99968,100,100046,100,99958,100,100047,100,99941,100,100051,100,99932,100,100058,100,99921,100,100066,100,99907,100
2019-06-28 09:30:00.000000093,100005,100,99992,100,100023,200,99991,100,100030,100,99982,100,100033,100,99977,100,100036,100,99968,100,100045,200,99958,100,100046,100,99941,100,100047,100,99932,100,100051,100,99921,100,100058,100,99907,100
2019-06-28 09:30:00.000000096,100005,100,99992,100,100023,200,99991,100,100030,100,99982,100,100033,100,99977,100,100036,100,99968,100,100045,200,99958,100,100046,100,99941,100,100047,100,99940,100,100051,100,99932,100,100058,100,99921,100
2019-06-28 09:30:00.000000099,100005,100,99992,100,100023,200,99991,100,100030,100,99982,100,100033,100,99977,100,100036,100,99968,100,100045,200,99958,100,100046,100,99941,100,100047,100,99940,100,100051,100,99932,100,100058,100,99921,100
2019-06-28 09:30:08.380037127,100005,100,99991,100,100023,200,99982,100,100030,100,99977,100,100033,100,99968,100,100036,100,99958,100,100045,200,99941,100,100046,100,99940,100,100047,100,99932,100,100051,100,99921,100,100058,100,99920,100
2019-06-28 09:30:10.000000000,100005,158,99991,158,100023,258,99982,158,100030,158,99977,158,100033,158,99968,158,100036,158,99958,158,100045,200,99941,100,100046,100,99940,100,100047,100,99932,100,100051,100,99921,100,100058,100,99920,100
2019-06-28 09:30:14.937868851,100005,158,99991,158,100023,258,99982,158,100030,158,99977,158,100033,158,99968,158,100036,158,99958,158,100045,200,99941,100,100046,100,99940,100,100047,100,99932,100,100051,100,99921,100,100058,200,99920,100
2019-06-28 09:30:20.000000000,100005,158,99991,158,100023,258,99982,158,100030,158,99977,158,100033,158,99968,158,100036,158,99958,158,100045,200,99941,100,100046,100,99940,100,100047,100,99932,100,100051,100,99921,100,100058,200,99920,100
2019-06-28 09:30:27.232805643,100005,158,99991,58,100023,258,99982,158,100030,158,99977,158,100033,158,99968,158,100036,158,99958,158,100045,200,99941,100,100046,100,99940,100,100047,100,99932,100,100051,100,99921,100,100058,200,99920,100
2019-06-28 09:30:30.000000000,100005,158,99982,158,100023,258,99977,158,100030,158,99968,158,100033,158,99958,158,100036,158,99941,158,100045,200,99940,100,100046,100,99932,100,100047,100,99921,100,100051,100,99920,100,100058,200,99907,100
2019-06-28 09:30:36.898953381,100005,158,99982,158,100023,258,99977,158,100030,158,99968,158,100033,158,99958,158,100036,158,99941,158,100045,200,99940,100,100046,100,99932,100,100047,100,99921,100,100051,100,99920,100,100058,200,99892,100
2019-06-28 09:30:40.000000000,100005,173,99982,173,100023,273,99977,173,100030,173,99968,173,100033,173,99958,173,100036,100,99941,100,100045,200,99940,100,100046,100,99932,100,100047,100,99921,100,100051,100,99920,100,100058,200,99892,100
2019-06-28 09:30:42.947791877,100005,173,99982,173,100023,273,99977,173,100030,173,99968,173,100033,173,99958,173,100036,100,99941,100,100045,200,99940,100,100046,100,99932,100,100047,100,99921,100,100051,100,99920,100,100058,200,99892,100
2019-06-28 09:30:46.922700682,100005,173,99982,173,100023,273,99977,173,100030,173,99968,173,100033,173,99958,173,100036,100,99941,100,100045,200,99940,100,100046,100,99932,100,100047,100,99921,100,100051,100,99892,100,100058,200,99858,100
2019-06-28 09:30:50.000000000,100005,392,99982,392,100023,200,99977,100,100030,100,99968,100,100033,100,99958,100,100036,100,99941,100,100045,200,99940,100,100046,100,99932,100,100047,100,99921,100,100051,100,99892,100,100058,200,99858,100
2019-06-28 09:30:58.356506195,100005,392,99982,392,100023,200,99977,100,100030,100,99968,100,100033,100,99958,100,100036,100,99941,100,100045,200,99940,100,100046,100,99932,100,100047,100,99921,100,100051,100,99892,100,100058,200,99858,100
2019-06-28 09:30:59.602686935,100005,392,99982,292,100023,200,99977,100,100030,100,99968,100,100033,100,99958,100,100036,100,99941,100,100045,200,99940,100,100046,100,99932,100,100047,100,99921,100,100051,100,99892,100,100058,200,99858,100
2019-06-28 09:31:00.000000000,100005,158,99977,158,100023,258,99968,158,100030,158,99958,158,100033,158,99941,158,100036,158,99940,158,100045,200,99932,100,100046,100,99921,100,100047,100,99892,100,100051,100,99858,100,100058,200,99855,100
2019-06-28 09:31:10.000000000,100005,392,99977,392,100023,200,99968,100,100030,100,99958,100,100033,100,99941,100,100036,100,99940,100,100045,200,99932,100,100046,100,99921,100,100047,100,99892,100,100051,100,99858,100,100058,200,99855,100
2019-06-28 09:31:14.486976137,100005,392,99977,292,100023,200,99968,100,100030,100,99958,100,100033,100,99941,100,100036,100,99940,100,100045,200,99932,100,100046,100,99921,100,100047,100,99892,100,100051,100,99858,100,100058,200,99855,100
2019-06-28 09:31:20.000000000,100005,246,99968,246,100023,346,99958,246,100030,100,99941,100,100033,100,99940,100,100036,100,99932,100,100045,200,99921,100,100046,100,99892,100,100047,100,99858,100,100051,100,99855,100,100058,200,99710,100
2019-06-28 09:31:29.253266937,100005,246,99968,146,100023,346,99958,246,100030,100,99941,100,100033,100,99940,100,100036,100,99921,100,100045,200,99892,100,100046,100,99858,100,100047,100,99855,100,100051,100,99710,100,100058,200,99694,100
2019-06-28 09:31:30.000000000,100005,246,99958,246,100023,346,99941,246,100030,100,99940,100,100033,100,99921,100,100036,100,99892,100,100045,200,99858,100,100046,100,99855,100,100047,100,99710,100,100051,100,99694,100,100058,200,99677,100
2019-06-28 09:31:40.000000000,100005,199,99958,199,100023,296,99941,196,100030,196,99940,196,100033,100,99921,100,100036,100,99892,100,100045,200,99858,100,100046,100,99855,100,100047,100,99710,100,100051,100,99694,100,100058,200,99677,100
2019-06-28 09:31:50.000000000,100005,199,99958,199,100023,296,99941,196,100030,196,99940,196,100033,100,99921,100,100036,100,99892,100,100045,200,99858,100,100046,100,99855,100,100047,100,99710,100,100051,100,99694,100,100058,200,99677,100
2019-06-28 09:32:00.000000000,100005,392,99958,392,100023,200,99941,100,100030,100,99940,100,100033,100,99921,100,100036,100,99892,100,100045,200,99858,100,100046,100,99855,100,100047,100,99710,100,100051,100,99694,100,100058,200,99677,100
2019-06-28 09:32:10.000000000,100005,392,99958,392,100023,200,99941,100,100030,100,99940,100,100033,100,99921,100,100036,100,99892,100,100045,200,99858,100,100046,100,99855,100,100047,100,99710,100,100051,100,99694,100,100058,200,99677,100
2019-06-28 09:32:20.000000000,100005,392,99958,392,100023,200,99941,100,100030,100,99940,100,100033,100,99921,100,100036,100,99892,100,100045,200,99858,100,100046,100,99855,100,100047,100,99710,100,100051,100,99694,100,100058,200,99677,100
2019-06-28 09:32:30.000000000,100005,246,99958,246,100023,346,99941,246,100030,100,99940,100,100033,100,99921,100,100036,100,99892,100,100045,200,99858,100,100046,100,99855,100,100047,100,99710,100,100051,100,99694,100,100058,200,99677,100
2019-06-28 09:32:39.271063479,100005,246,99978,100,100023,346,99958,246,100030,100,99941,246,100033,100,99940,100,100036,100,99921,100,100045,200,99892,100,100046,100,99858,100,100047,100,99855,100,100051,100,99710,100,100058,200,99694,100
2019-06-28 09:32:40.000000000,100005,246,99978,246,100023,346,99958,246,100030,100,99941,100,100033,100,99940,100,100036,100,99921,100,100045,200,99892,100,100046,100,99858,100,100047,100,99855,100,100051,100,99710,100,100058,200,99694,100
2019-06-28 09:32:43.448338710,100005,246,99978,246,100023,346,99958,246,100030,100,99941,100,100033,100,99940,100,100036,100,99921,100,100045,200,99892,100,100046,100,99858,100,100047,100,99855,100,100051,100,99710,100,100058,200,99694,100
2019-06-28 09:32:50.000000000,100005,199,99978,199,100023,296,99958,196,100030,196,99941,196,100033,100,99940,100,100036,100,99921,100,100045,200,99892,100,100046,100,99858,100,100047,100,99855,100,100051,100,99710,100,100058,200,99694,100
2019-06-28 09:33:00.000000000,100005,392,99978,392,100023,200,99958,100,100030,100,99941,100,100033,100,99940,100,100036,100,99921,100,100045,200,99892,100,100046,100,99858,100,100047,100,99855,100,100051,100,99710,100,100058,200,99694,100
2019-06-28 09:33:00.552802477,100005,392,99978,392,100023,200,99958,100,100030,100,99941,100,100033,100,99940,100,100036,100,99921,100,100045,200,99892,100,100046,100,99858,100,100047,100,99855,100,100051,100,99710,100,100058,200,99694,100
2019-06-28 09:33:10.000000000,100005,392,99978,392,100023,200,99958,100,100030,100,99941,100,100033,100,99940,100,100036,100,99921,100,100045,200,99892,100,100046,100,99858,100,100047,100,99855,100,100051,100,99710,100,100058,200,99694,100
2019-06-28 09:33:20.000000000,100005,246,99978,246,100023,346,99958,246,100030,100,99941,100,100033,100,99940,100,100036,100,99921,100,100045,200,99892,100,100046,100,99858,100,100047,100,99855,100,100051,100,99710,100,100058,200,99694,100
2019-06-28 09:33:30.000000000,100005,173,99978,173,100023,273,99958,173,100030,173,99941,173,100033,173,99940,173,100036,100,99921,100,100045,200,99892,100,100046,100,99858,100,100047,100,99855,100,100051,100,99710,100,100058,200,99694,100
2019-06-28 09:33:40.000000000,100005,173,99978,173,100023,273,99958,173,100030,173,99941,173,100033,173,99940,173,100036,100,99921,100,100045,200,99892,100,100046,100,99858,100,100047,100,99855,100,100051,100,99710,100,100058,200,99694,100
2019-06-28 09:33:47.136200597,100005,73,99978,173,100023,273,99958,173,100030,173,99941,173,100033,173,99940,173,100036,100,99921,100,100045,200,99892,100,100046,100,99858,100,100047,100,99855,100,100051,100,99710,100,100058,200,99694,100
2019-06-28 09:33:50.000000000,100023,492,99978,392,100030,100,99958,100,100033,100,99941,100,100036,100,99940,100,100045,200,99921,100,100046,100,99892,100,100047,100,99858,100,100051,100,99855,100,100058,200,99710,100,100077,100,99694,100
2019-06-28 09:34:00.000000000,100023,346,99978,246,100030,246,99958,246,100033,100,99941,100,100036,100,99940,100,100045,200,99921,100,100046,100,99892,100,100047,100,99858,100,100051,100,99855,100,100058,200,99710,100,100077,100,99694,100
2019-06-28 09:34:02.204723948,100023,346,99979,100,100030,246,99978,246,100033,100,99958,246,100036,100,99941,100,100045,200,99940,100,100046,100,99921,100,100047,100,99892,100,100051,100,99858,100,100058,200,99855,100,100077,100,99710,100
2019-06-28 09:34:10.000000000,100023,258,99979,158,100030,158,99978,158,100033,158,99958,158,100036,158,99941,158,100045,258,99940,158,100046,100,99921,100,100047,100,99892,100,100051,100,99858,100,100058,200,99855,100,100077,100,99710,100
2019-06-28 09:34:11.468231062,100023,258,99979,158,100030,158,99978,158,100033,158,99958,158,100036,58,99941,158,100045,258,99940,158,100046,100,99921,100,100047,100,99892,100,100051,100,99858,100,100058,200,99855,100,100077,100,99710,100
2019-06-28 09:34:12.514053341,100023,258,99979,258,100030,158,99978,158,100033,158,99958,158,100036,58,99941,158,100045,258,99940,158,100046,100,99921,100,100047,100,99892,100,100051,100,99858,100,100058,200,99855,100,100077,100,99710,100
2019-06-28 09:34:20.000000000,100023,299,99979,299,100030,196,99978,196,100033,196,99958,196,100045,200,99941,100,100046,100,99940,100,100047,100,99921,100,100051,100,99892,100,100058,200,99858,100,100077,100,99855,100,100102,100,99710,100
2019-06-28 09:34:30.000000000,100023,273,99979,273,100030,173,99978,173,100033,173,99958,173,100045,273,99941,173,100046,100,99940,100,100047,100,99921,100,100051,100,99892,100,100058,200,99858,100,100077,100,99855,100,100102,100,99710,100
2019-06-28 09:34:40.000000000,100023,273,99979,273,100030,173,99978,173,100033,173,99958,173,100045,273,99941,173,100046,100,99940,100,100047,100,99921,100,100051,100,99892,100,100058,200,99858,100,100077,100,99855,100,100102,100,99710,100
2019-06-28 09:34:50.000000000,100023,273,99979,273,100030,173,99978,173,100033,173,99958,173,100045,273,99941,173,100046,100,99940,100,100047,100,99921,100,100051,100,99892,100,100058,200,99858,100,100077,100,99855,100,100102,100,99710,100
2019-06-28 09:35:00.000000000,100023,273,99979,273,100030,173,99978,173,100033,173,99958,173,100045,273,99941,173,100046,100,99940,100,100047,100,99921,100,100051,100,99892,100,100058,200,99858,100,100077,100,99855,100,100102,100,99710,100
2019-06-28 09:35:10.000000000,100023,273,99979,273,100030,173,99978,173,100033,173,99958,173,100045,273,99941,173,100046,100,99940,100,100047,100,99921,100,100051,100,99892,100,100058,200,99858,100,100077,100,99855,100,100102,100,99710,100
2019-06-28 09:35:16.608369627,100023,273,99979,273,100030,173,99978,173,100033,173,99958,173,100045,273,99941,173,100046,100,99940,100,100047,100,99921,100,100051,100,99892,100,100058,200,99858,100,100077,100,99855,100,100102,100,99710,100
2019-06-28 09:35:20.000000000,100023,258,99979,258,100030,158,99978,158,100033,158,99958,158,100045,258,99941,158,100046,158,99940,158,100047,100,99921,100,100051,100,99892,100,100058,200,99858,100,100077,100,99855,100,100102,100,99710,100
2019-06-28 09:35:26.503077064,100023,258,99979,358,100030,158,99978,158,100033,158,99958,158,100045,258,99941,158,100046,158,99940,158,100047,100,99921,100,100051,100,99892,100,100058,200,99858,100,100077,100,99855,100,100102,100,99710,100
2019-06-28 09:35:30.000000000,100023,299,99979,399,100030,196,99978,196,100033,196,99958,196,100045,200,99941,100,100046,100,99940,100,100047,100,99921,100,100051,100,99892,100,100058,200,99858,100,100077,100,99855,100,100102,100,99710,100
2019-06-28 09:35:33.437672968,100023,299,99979,499,100030,196,99978,196,100033,196,99958,196,100045,200,99941,100,100046,100,99940,100,100047,100,99921,100,100051,100,99892,100,100058,200,99858,100,100077,100,99855,100,100102,100,99710,100
2019-06-28 09:35:35.491403897,100023,299,99979,599,100030,196,99978,196,100033,196,99958,196,100045,200,99941,100,100046,100,99940,100,100047,100,99921,100,100051,100,99892,100,100058,200,99858,100,100077,100,99855,100,100102,100,99710,100
2019-06-28 09:35:37.789999381,100023,299,99979,699,100030,196,99978,196,100033,196,99958,196,100045,200,99941,100,100046,100,99940,100,100047,100,99921,100,100051,100,99892,100,100058,200,99858,100,100102,100,99855,100,100104,100,99710,100
2019-06-28 09:35:40.000000000,100023,346,99979,746,100030,246,99978,246,100033,100,99958,100,100045,200,99941,100,100046,100,99940,100,100047,100,99921,100,100051,100,99892,100,100058,200,99858,100,100102,100,99855,100,100104,100,99710,100
2019-06-28 09:35:41.033656883,100023,246,99979,746,100030,246,99978,246,100033,100,99958,100,100045,200,99941,100,100046,100,99940,100,100047,100,99921,100,100051,100,99892,100,100058,200,99858,100,100102,100,99855,100,100104,100,99710,100
2019-06-28 09:35:46.309238119,100023,246,99979,746,100030,246,99978,246,100033,100,99958,100,100045,200,99941,100,100046,100,99940,100,100047,100,99921,100,100051,100,99892,100,100058,200,99858,100,100102,100,99855,100,100104,100,99694,100
2019-06-28 09:35:50.000000000,100023,158,99979,658,100030,158,99978,158,100033,158,99958,158,100045,258,99941,158,100046,158,99940,158,100047,100,99921,100,100051,100,99892,100,100058,200,99858,100,100102,100,99855,100,100104,100,99694,100
2019-06-28 09:36:00.000000000,100023,158,99979,658,100030,158,99978,158,100033,158,99958,158,100045,258,99941,158,100046,158,99940,158,100047,100,99921,100,100051,100,99892,100,100058,200,99858,100,100102,100,99855,100,100104,100,99694,100
2019-06-28 09:36:10.000000000,100023,246,99979,746,100030,246,99978,246,100033,100,99958,100,100045,200,99941,100,100046,100,99940,100,100047,100,99921,100,100051,100,99892,100,100058,200,99858,100,100102,100,99855,100,100104,100,99694,100
2019-06-28 09:36:15.536867897,100023,246,99979,746,100030,246,99978,246,100033,100,99958,100,100045,200,99941,100,100046,100,99940,100,100047,100,99921,100,100051,100,99892,100,100058,200,99858,100,100102,100,99855,100,100104,100,99694,100
2019-06-28 09:36:19.239675279,100023,246,99979,746,100030,246,99978,246,100033,100,99958,100,100045,200,99941,100,100046,100,99940,100,100047,100,99921,100,100051,100,99892,100,100058,200,99858,100,100102,100,99855,100,100104,100,99694,100
2019-06-28 09:36:20.000000000,100023,158,99979,658,100030,158,99978,158,100033,158,99958,158,100045,258,99941,158,100046,158,99940,158,100047,100,99921,100,100051,100,99892,100,100058,200,99858,100,100102,100,99855,100,100104,100,99694,100
2019-06-28 09:36:22.432667288,100023,58,99979,658,100030,158,99978,158,100033,158,99958,158,100045,258,99941,158,100046,158,99940,158,100047,100,99921,100,100051,100,99892,100,100058,200,99858,100,100102,100,99855,100,100104,100,99694,100
2019-06-28 09:36:27.242176089,100023,58,99979,658,100030,158,99978,158,100033,158,99958,158,100045,258,99941,158,100046,158,99940,158,100047,100,99921,100,100051,100,99892,100,100058,200,99858,100,100102,100,99855,100,100104,100,99694,100
2019-06-28 09:36:30.000000000,100030,199,99979,699,100033,196,99978,196,100045,296,99958,196,100046,100,99941,100,100047,100,99940,100,100051,100,99921,100,100058,200,99892,100,100102,100,99858,100,100104,100,99855,100,100129,100,99694,100
2019-06-28 09:36:40.000000000,100030,246,99979,746,100033,246,99978,246,100045,200,99958,100,100046,100,99941,100,100047,100,99940,100,100051,100,99921,100,100058,200,99892,100,100102,100,99858,100,100104,100,99855,100,100129,100,99694,100
2019-06-28 09:36:50.000000000,100030,173,99979,673,100033,173,99978,173,100045,273,99958,173,100046,173,99941,173,100047,100,99940,100,100051,100,99921,100,100058,200,99892,100,100102,100,99858,100,100104,100,99855,100,100129,100,99694,100
2019-06-28 09:36:53.057594970,100030,173,99979,673,100033,173,99978,173,100045,273,99958,173,100046,173,99941,173,100047,100,99940,100,100051,100,99892,100,100058,200,99858,100,100102,100,99855,100,100104,100,99694,100,100129,100,99645,100
2019-06-28 09:37:00.000000000,100030,158,99979,658,100033,158,99978,158,100045,258,99958,158,100046,158,99941,158,100047,158,99940,158,100051,100,99892,100,100058,200,99858,100,100102,100,99855,100,100104,100,99694,100,100129,100,99645,100
2019-06-28 09:37:10.000000000,100030,246,99979,746,100033,246,99978,246,100045,200,99958,100,100046,100,99941,100,100047,100,99940,100,100051,100,99892,100,100058,200,99858,100,100102,100,99855,100,100104,100,99694,100,100129,100,99645,100
2019-06-28 09:37:20.000000000,100030,173,99979,673,100033,173,99978,173,100045,273,99958,173,100046,173,99941,173,100047,100,99940,100,100051,100,99892,100,100058,200,99858,100,100102,100,99855,100,100104,100,99694,100,100129,100,99645,100
2019-06-28 09:37:30.000000000,100030,173,99979,673,100033,173,99978,173,100045,273,99958,173,100046,173,99941,173,100047,100,99940,100,100051,100,99892,100,100058,200,99858,100,100102,100,99855,100,100104,100,99694,100,100129,100,99645,100
2019-06-28 09:37:31.944328878,100030,73,99979,673,100033,173,99978,173,100045,273,99958,173,100046,173,99941,173,100047,100,99940,100,100058,200,99892,100,100102,100,99858,100,100104,100,99855,100,100129,100,99694,100,100135,100,99645,100
2019-06-28 09:37:40.000000000,100033,173,99979,673,100045,273,99978,173,100046,173,99958,173,100047,173,99941,173,100058,200,99940,100,100102,100,99892,100,100104,100,99858,100,100129,100,99855,100,100135,100,99694,100,100139,100,99645,100
2019-06-28 09:37:42.845219154,100033,73,99979,673,100045,273,99978,173,100046,173,99958,173,100047,173,99941,173,100058,200,99940,100,100102,100,99892,100,100104,100,99858,100,100129,100,99855,100,100135,100,99694,100,100139,100,99645,100
2019-06-28 09:37:45.214450105,100045,273,100033,27,100046,173,99979,673,100047,173,99978,173,100058,200,99958,173,100102,100,99941,173,100104,100,99940,100,100129,100,99892,100,100135,100,99858,100,100139,100,99855,100,100152,100,99694,100
2019-06-28 09:37:50.000000000,100045,258,100033,85,100046,158,99979,658,100047,158,99978,158,100058,258,99958,158,100102,158,99941,158,100104,100,99940,100,100129,100,99892,100,100135,100,99858,100,100139,100,99855,100,100152,100,99694,100
2019-06-28 09:38:00.000000000,100045,258,100033,85,100046,158,99979,658,100047,158,99978,158,100058,258,99958,158,100102,158,99941,158,100104,100,99940,100,100129,100,99892,100,100135,100,99858,100,100139,100,99855,100,100152,100,99694,100
2019-06-28 09:38:10.000000000,100045,492,100033,319,100046,100,99979,600,100047,100,99978,100,100058,200,99958,100,100102,100,99941,100,100104,100,99940,100,100129,100,99892,100,100135,100,99858,100,100139,100,99855,100,100152,100,99694,100
2019-06-28 09:38:20.000000000,100045,299,100033,126,100046,196,99979,696,100047,196,99978,196,100058,200,99958,100,100102,100,99941,100,100104,100,99940,100,100129,100,99892,100,100135,100,99858,100,100139,100,99855,100,100152,100,99694,100
2019-06-28 09:38:21.927649955,100045,199,100033,126,100046,196,99979,696,100047,196,99978,196,100058,200,99941,100,100102,100,99940,100,100104,100,99892,100,100129,100,99858,100,100135,100,99855,100,100139,100,99694,100,100152,100,99645,100
2019-06-28 09:38:30.000000000,100045,173,100033,100,100046,173,99979,673,100047,173,99978,173,100058,273,99941,173,100102,100,99940,100,100104,100,99892,100,100129,100,99858,100,100135,100,99855,100,100139,100,99694,100,100152,100,99645,100
2019-06-28 09:38:40.000000000,100045,199,100033,126,100046,196,99979,696,100047,196,99978,196,100058,200,99941,100,100102,100,99940,100,100104,100,99892,100,100129,100,99858,100,100135,100,99855,100,100139,100,99694,100,100152,100,99645,100
2019-06-28 09:38:50.000000000,100045,246,100033,173,100046,246,99979,746,100047,100,99978,100,100058,200,99941,100,100102,100,99940,100,100104,100,99892,100,100129,100,99858,100,100135,100,99855,100,100139,100,99694,100,100152,100,99645,100
2019-06-28 09:38:51.715763084,100045,146,100033,173,100046,246,99979,746,100047,100,99978,100,100058,100,99941,100,100102,100,99940,100,100104,100,99892,100,100129,100,99858,100,100135,100,99855,100,100139,100,99694,100,100152,100,99645,100
2019-06-28 09:39:00.000000000,100046,173,100033,100,100047,173,99979,673,100058,173,99978,173,100102,173,99941,173,100104,100,99940,100,100129,100,99892,100,100135,100,99858,100,100139,100,99855,100,100152,100,99694,100,100158,100,99645,100
2019-06-28 09:39:10.000000000,100046,173,100033,100,100047,173,99979,673,100058,173,99978,173,100102,173,99941,173,100104,100,99940,100,100129,100,99892,100,100135,100,99858,100,100139,100,99855,100,100152,100,99694,100,100158,100,99645,100
2019-06-28 09:39:15.780945281,100046,173,100033,100,100047,173,99979,673,100058,173,99978,173,100102,173,99941,173,100104,100,99940,100,100129,100,99892,100,100135,100,99858,100,100139,100,99855,100,100152,100,99694,100,100158,100,99645,100
2019-06-28 09:39:20.000000000,100046,158,100033,85,100047,158,99979,658,100058,158,99978,158,100102,158,99941,158,100104,158,99940,158,100129,100,99892,100,100135,100,99858,100,100139,100,99855,100,100152,100,99694,100,100158,100,99645,100
2019-06-28 09:39:30.000000000,100046,158,100033,85,100047,158,99979,658,100058,158,99978,158,100102,158,99941,158,100104,158,99940,158,100129,100,99892,100,100135,100,99858,100,100139,100,99855,100,100152,100,99694,100,100158,100,99645,100
2019-06-28 09:39:35.547171895,100046,158,100033,85,100047,158,99979,658,100058,158,99978,158,100102,158,99941,158,100104,158,99940,158,100129,100,99892,100,100135,100,99858,100,100139,100,99855,100,100152,100,99694,100,100158,100,99645,100
2019-06-28 09:39:40.000000000,100046,173,100033,100,100047,173,99979,673,100058,173,99978,173,100102,173,99941,173,100104,100,99940,100,100129,100,99892,100,100135,100,99858,100,100139,100,99855,100,100152,100,99694,100,100158,100,99645,100
2019-06-28 09:39:50.000000000,100046,173,100033,100,100047,173,99979,673,100058,173,99978,173,100102,173,99941,173,100104,100,99940,100,100129,100,99892,100,100135,100,99858,100,100139,100,99855,100,100152,100,99694,100,100158,100,99645,100
2019-06-28 09:40:00.000000000,100046,392,100033,319,100047,100,99979,600,100058,100,99978,100,100102,100,99941,100,100104,100,99940,100,100129,100,99892,100,100135,100,99858,100,100139,100,99855,100,100152,100,99694,100,100158,100,99645,100
2019-06-28 09:40:03.402351009,100046,292,100033,319,100047,100,99979,600,100058,100,99978,100,100102,100,99941,100,100104,100,99940,100,100129,100,99892,100,100135,100,99858,100,100139,100,99855,100,100152,100,99694,100,100158,100,99645,100
2019-06-28 09:40:06.497957144,100046,292,100033,319,100047,100,99979,600,100058,100,99978,100,100102,100,99941,100,100104,100,99940,100,100129,100,99892,100,100135,100,99858,100,100139,100,99855,100,100152,100,99694,100,100158,100,99645,100
2019-06-28 09:40:09.816891778,100046,192,100033,319,100047,100,99979,600,100058,100,99978,100,100102,100,99941,100,100104,100,99940,100,100129,100,99892,100,100135,100,99858,100,100139,100,99855,100,100152,100,99694,100,100158,100,99645,100
2019-06-28 09:40:10.000000000,100047,199,100033,126,100058,196,99979,696,100102,196,99978,196,100104,100,99941,100,100129,100,99940,100,100135,100,99892,100,100139,100,99858,100,100152,100,99855,100,100158,100,99694,100,100178,100,99645,100
2019-06-28 09:40:20.000000000,100047,199,100033,126,100058,196,99979,696,100102,196,99978,196,100104,100,99941,100,100129,100,99940,100,100135,100,99892,100,100139,100,99858,100,100152,100,99855,100,100158,100,99694,100,100178,100,99645,100
2019-06-28 09:40:30.000000000,100047,158,100033,85,100058,158,99979,658,100102,158,99978,158,100104,158,99941,158,100129,158,99940,158,100135,100,99892,100,100139,100,99858,100,100152,100,99855,100,100158,100,99694,100,100178,100,99645,100
2019-06-28 09:40:38.220711076,100047,158,100033,85,100058,158,99979,558,100102,158,99978,158,100104,158,99941,158,100129,158,99940,158,100135,100,99892,100,100139,100,99858,100,100152,100,99855,100,100158,100,99694,100,100178,100,99645,100
2019-06-28 09:40:40.000000000,100047,246,100033,173,100058,246,99979,646,100102,100,99978,100,100104,100,99941,100,100129,100,99940,100,100135,100,99892,100,100139,100,99858,100,100152,100,99855,100,100158,100,99694,100,100178,100,99645,100
2019-06-28 09:40:48.819976872,100047,246,100033,173,100058,246,99979,646,100102,100,99978,100,100104,100,99941,100,100129,100,99940,100,100135,100,99892,100,100139,100,99858,100,100152,100,99855,100,100158,100,99694,100,100178,100,99645,100
2019-06-28 09:40:50.000000000,100047,199,100033,126,100058,196,99979,596,100102,196,99978,196,100104,100,99941,100,100129,100,99940,100,100135,100,99892,100,100139,100,99858,100,100152,100,99855,100,100158,100,99694,100,100178,100,99645,100
2019-06-28 09:40:55.320144854,100047,199,100033,126,100058,196,99979,496,100102,196,99978,196,100104,100,99941,100,100129,100,99940,100,100135,100,99892,100,100139,100,99858,100,100152,100,99855,100,100158,100,99694,100,100178,100,99645,100
2019-06-28 09:41:00.000000000,100047,246,100033,173,100058,246,99979,546,100102,100,99978,100,100104,100,99941,100,100129,100,99940,100,100135,100,99892,100,100139,100,99858,100,100152,100,99855,100,100158,100,99694,100,100178,100,99645,100
2019-06-28 09:41:00.627112795,100047,146,100033,173,100058,246,99979,546,100102,100,99978,100,100104,100,99941,100,100129,100,99940,100,100135,100,99892,100,100139,100,99858,100,100152,100,99855,100,100158,100,99694,100,100178,100,99645,100
2019-06-28 09:41:01.853857630,100047,146,100033,173,100058,246,99979,546,100102,100,99978,100,100104,100,99941,100,100129,100,99940,100,100135,100,99892,100,100139,100,99858,100,100152,100,99855,100,100178,100,99694,100,100202,100,99645,100
2019-06-28 09:41:10.000000000,100058,392,100033,319,100102,100,99979,400,100104,100,99978,100,100129,100,99941,100,100135,100,99940,100,100139,100,99892,100,100152,100,99858,100,100178,100,99855,100,100202,100,99694,100,100523,100,99645,100
2019-06-28 09:41:12.621194617,100058,292,100033,319,100102,100,99979,400,100104,100,99978,100,100129,100,99941,100,100135,100,99940,100,100139,100,99892,100,100152,100,99858,100,100178,100,99855,100,100202,100,99694,100,100523,100,99645,100
2019-06-28 09:41:18.053544252,100058,292,100033,319,100102,100,99979,400,100104,100,99978,100,100129,100,99941,100,100135,100,99940,100,100139,100,99892,100,100152,100,99858,100,100178,100,99855,100,100202,100,99645,100,100523,100,,
2019-06-28 09:41:18.145317767,100058,292,100033,319,100102,100,99979,400,100104,100,99978,100,100129,100,99941,100,100135,100,99940,100,100139,100,99892,100,100152,100,99858,100,100178,100,99855,100,100202,100,99645,100,100523,100,,
2019-06-28 09:41:20.000000000,100102,199,100033,126,100104,196,99979,496,100129,196,99978,196,100135,100,99941,100,100139,100,99940,100,100152,100,99892,100,100178,100,99858,100,100202,100,99855,100,100523,100,99645,100,100626,100,,
2019-06-28 09:41:29.043664677,100102,99,100033,126,100104,196,99979,496,100129,196,99978,196,100135,100,99941,100,100139,100,99940,100,100152,100,99892,100,100178,100,99858,100,100202,100,99855,100,100523,100,99645,100,100626,100,,
2019-06-28 09:41:30.000000000,100104,173,100033,100,100129,173,99979,473,100135,173,99978,173,100139,173,99941,173,100152,100,99940,100,100178,100,99892,100,100202,100,99858,100,100523,100,99855,100,100626,100,99645,100,100668,100,,
2019-06-28 09:41:40.000000000,100104,173,100033,100,100129,173,99979,473,100135,173,99978,173,100139,173,99941,173,100152,100,99940,100,100178,100,99892,100,100202,100,99858,100,100523,100,99855,100,100626,100,99645,100,100668,100,,
2019-06-28 09:41:50.000000000,100104,199,100033,126,100129,196,99979,496,100135,196,99978,196,100139,100,99941,100,100152,100,99940,100,100178,100,99892,100,100202,100,99858,100,100523,100,99855,100,100626,100,99645,100,100668,100,,
2019-06-28 09:42:00.000000000,100104,246,100033,173,100129,246,99979,546,100135,100,99978,100,100139,100,99941,100,100152,100,99940,100,100178,100,99892,100,100202,100,99858,100,100523,100,99855,100,100626,100,99645,100,100668,100,,
2019-06-28 09:42:10.000000000,100104,392,100033,319,100129,100,99979,400,100135,100,99978,100,100139,100,99941,100,100152,100,99940,100,100178,100,99892,100,100202,100,99858,100,100523,100,99855,100,100626,100,99645,100,100668,100,,
2019-06-28 09:42:16.473029217,100104,292,100033,319,100129,100,99979,400,100135,100,99978,100,100139,100,99941,100,100152,100,99940,100,100178,100,99892,100,100202,100,99858,100,100523,100,99855,100,100626,100,99645,100,100668,100,,
2019-06-28 09:42:20.000000000,100129,199,100033,126,100135,196,99979,496,100139,196,99978,196,100152,100,99941,100,100178,100,99940,100,100202,100,99892,100,100523,100,99858,100,100626,100,99855,100,100668,100,99645,100,100669,100,,
2019-06-28 09:42:25.789900647,100129,199,100033,126,100135,196,99979,496,100139,196,99978,196,100152,100,99941,100,100178,100,99940,100,100202,100,99892,100,100523,100,99858,100,100626,100,99855,100,100668,100,99645,100,100669,100,,
2019-06-28 09:42:27.839102031,100129,199,100033,126,100135,196,99979,496,100139,196,99978,196,100152,100,99941,100,100178,100,99940,100,100202,100,99892,100,100523,100,99858,100,100626,100,99855,100,100668,100,99645,100,100669,100,,
2019-06-28 09:42:28.840437889,100129,199,100102,100,100135,196,100033,126,100139,196,99979,496,100152,100,99978,196,100178,100,99941,100,100202,100,99940,100,100523,100,99892,100,100626,100,99858,100,100668,100,99855,100,100669,100,99645,100
2019-06-28 09:42:30.000000000,100129,173,100102,173,100135,173,100033,100,100139,173,99979,473,100152,173,99978,173,100178,100,99941,100,100202,100,99940,100,100523,100,99892,100,100626,100,99858,100,100668,100,99855,100,100669,100,99645,100
2019-06-28 09:42:40.000000000,100129,173,100102,173,100135,173,100033,100,100139,173,99979,473,100152,173,99978,173,100178,100,99941,100,100202,100,99940,100,100523,100,99892,100,100626,100,99858,100,100668,100,99855,100,100669,100,99645,100
2019-06-28 09:42:41.577639726,100129,173,100102,173,100135,173,100033,100,100139,173,99979,473,100152,173,99978,173,100178,100,99941,100,100202,100,99940,100,100523,100,99892,100,100626,100,99858,100,100668,100,99855,100,100669,100,99645,100
2019-06-28 09:42:50.000000000,100129,392,100102,392,100135,100,100033,27,100139,100,99979,400,100152,100,99978,100,100178,100,99941,100,100202,100,99940,100,100523,100,99892,100,100626,100,99858,100,100668,100,99855,100,100669,100,99645,100
2019-06-28 09:43:00.000000000,100129,392,100102,392,100135,100,100033,27,100139,100,99979,400,100152,100,99978,100,100178,100,99941,100,100202,100,99940,100,100523,100,99892,100,100626,100,99858,100,100668,100,99855,100,100669,100,99645,100
2019-06-28 09:43:09.120513469,100129,392,100102,392,100135,100,100033,27,100139,100,99979,400,100152,100,99978,100,100178,100,99941,100,100202,100,99940,100,100523,100,99892,100,100626,100,99858,100,100668,100,99855,100,100746,100,99645,100
2019-06-28 09:43:10.000000000,100129,246,100102,246,100135,246,100033,173,100139,100,99979,400,100152,100,99978,100,100178,100,99941,100,100202,100,99940,100,100523,100,99892,100,100626,100,99858,100,100668,100,99855,100,100746,100,99645,100
2019-06-28 09:43:20.000000000,100129,173,100102,173,100135,173,100033,100,100139,173,99979,473,100152,173,99978,173,100178,100,99941,100,100202,100,99940,100,100523,100,99892,100,100626,100,99858,100,100668,100,99855,100,100746,100,99645,100
2019-06-28 09:43:30.000000000,100129,173,100102,173,100135,173,100033,100,100139,173,99979,473,100152,173,99978,173,100178,100,99941,100,100202,100,99940,100,100523,100,99892,100,100626,100,99858,100,100668,100,99855,100,100746,100,99645,100
2019-06-28 09:43:40.000000000,100129,199,100102,199,100135,196,100033,123,100139,196,99979,496,100152,100,99978,100,100178,100,99941,100,100202,100,99940,100,100523,100,99892,100,100626,100,99858,100,100668,100,99855,100,100746,100,99645,100
2019-06-28 09:43:50.000000000,100129,158,100102,158,100135,158,100033,85,100139,158,99979,458,100152,158,99978,158,100178,158,99941,158,100202,100,99940,100,100523,100,99892,100,100626,100,99858,100,100668,100,99855,100,100746,100,99645,100
2019-06-28 09:44:00.000000000,100129,392,100102,392,100135,100,100033,27,100139,100,99979,400,100152,100,99978,100,100178,100,99941,100,100202,100,99940,100,100523,100,99892,100,100626,100,99858,100,100668,100,99855,100,100746,100,99645,100
2019-06-28 09:44:01.697322720,100129,392,100102,392,100135,100,100033,27,100139,100,99979,400,100152,100,99978,100,100178,100,99941,100,100202,100,99940,100,100523,100,99892,100,100626,100,99858,100,100668,100,99855,100,100746,100,99645,100
2019-06-28 09:44:10.000000000,100129,392,100102,392,100135,100,100033,27,100139,100,99979,400,100152,100,99978,100,100178,100,99941,100,100202,100,99940,100,100523,100,99892,100,100626,100,99858,100,100668,100,99855,100,100746,100,99645,100
2019-06-28 09:44:20.000000000,100129,173,100102,173,100135,173,100033,100,100139,173,99979,473,100152,173,99978,173,100178,100,99941,100,100202,100,99940,100,100523,100,99892,100,100626,100,99858,100,100668,100,99855,100,100746,100,99645,100
2019-06-28 09:44:28.121652584,100129,173,100102,273,100135,173,100033,100,100139,173,99979,373,100152,173,99978,173,100178,100,99941,100,100202,100,99940,100,100523,100,99892,100,100626,100,99858,100,100668,100,99855,100,100746,100,99645,100
2019-06-28 09:44:30.000000000,100129,199,100102,299,100135,196,100033,123,100139,196,99979,396,100152,100,99978,100,100178,100,99941,100,100202,100,99940,100,100523,100,99892,100,100626,100,99858,100,100668,100,99855,100,100746,100,99645,100
2019-06-28 09:44:32.852091954,100129,99,100102,299,100135,196,100033,123,100139,196,99979,396,100152,100,99978,100,100178,100,99941,100,100523,100,99940,100,100626,100,99892,100,100668,100,99858,100,100746,100,99855,100,100753,100,99645,100
2019-06-28 09:44:40.000000000,100135,158,100102,258,100139,158,100033,85,100152,158,99979,358,100178,158,99978,158,100523,158,99941,158,100626,100,99940,100,100668,100,99892,100,100746,100,99858,100,100753,100,99855,100,100761,100,99645,100
2019-06-28 09:44:50.000000000,100135,199,100102,299,100139,196,100033,123,100152,196,99979,396,100178,100,99978,100,100523,100,99941,100,100626,100,99940,100,100668,100,99892,100,100746,100,99858,100,100753,100,99855,100,100761,100,99645,100
2019-06-28 09:44:51.539756788,100135,199,100102,299,100139,196,100033,123,100152,196,99979,396,100178,100,99978,100,100523,100,99940,100,100626,100,99892,100,100668,100,99858,100,100746,100,99855,100,100753,100,99645,100,100761,100,,
2019-06-28 09:45:00.000000000,100135,246,100102,346,100139,246,100033,173,100152,100,99979,300,100178,100,99978,100,100523,100,99940,100,100626,100,99892,100,100668,100,99858,100,100746,100,99855,100,100753,100,99645,100,100761,100,,
2019-06-28 09:45:10.000000000,100135,158,100102,258,100139,158,100033,85,100152,158,99979,358,100178,158,99978,158,100523,158,99940,158,100626,100,99892,100,100668,100,99858,100,100746,100,99855,100,100753,100,99645,100,100761,100,,
2019-06-28 09:45:14.186284911,100135,158,100102,258,100139,158,100033,85,100152,158,99979,358,100178,158,99978,158,100523,158,99940,158,100626,100,99892,100,100668,100,99858,100,100746,100,99855,100,100753,100,99645,100,100828,100,,
2019-06-28 09:45:20.000000000,100135,392,100102,492,100139,100,100033,27,100152,100,99979,300,100178,100,99978,100,100523,100,99940,100,100626,100,99892,100,100668,100,99858,100,100746,100,99855,100,100753,100,99645,100,100828,100,,
2019-06-28 09:45:30.000000000,100135,199,100102,299,100139,196,100033,123,100152,196,99979,396,100178,100,99978,100,100523,100,99940,100,100626,100,99892,100,100668,100,99858,100,100746,100,99855,100,100753,100,99645,100,100828,100,,
2019-06-28 09:45:38.433863293,100135,199,100102,299,100139,196,100033,123,100152,196,99979,396,100178,100,99978,100,100523,100,99940,100,100626,100,99892,100,100668,100,99858,100,100746,100,99855,100,100753,100,99645,100,100828,100,,
2019-06-28 09:45:40.000000000,100135,173,100102,273,100139,173,100033,100,100152,173,99979,373,100178,173,99978,173,100523,100,99940,100,100626,100,99892,100,100668,100,99858,100,100746,100,99855,100,100753,100,99645,100,100828,100,,
2019-06-28 09:45:50.000000000,100135,199,100102,299,100139,196,100033,123,100152,196,99979,396,100178,100,99978,100,100523,100,99940,100,100626,100,99892,100,100668,100,99858,100,100746,100,99855,100,100753,100,99645,100,100828,100,,
2019-06-28 09:46:00.000000000,100135,158,100102,258,100139,158,100033,85,100152,158,99979,358,100178,158,99978,158,100523,158,99940,158,100626,100,99892,100,100668,100,99858,100,100746,100,99855,100,100753,100,99645,100,100828,100,,
2019-06-28 09:46:03.371946939,100135,158,100104,100,100139,158,100102,258,100152,158,100033,85,100178,158,99979,358,100523,158,99978,158,100626,100,99940,158,100668,100,99892,100,100746,100,99858,100,100753,100,99855,100,100828,100,99645,100
2019-06-28 09:46:10.000000000,100135,173,100104,173,100139,173,100102,273,100152,173,100033,100,100178,173,99979,373,100523,100,99978,100,100626,100,99940,100,100668,100,99892,100,100746,100,99858,100,100753,100,99855,100,100828,100,99645,100
2019-06-28 09:46:20.000000000,100135,392,100104,392,100139,100,100102,200,100152,100,100033,27,100178,100,99979,300,100523,100,99978,100,100626,100,99940,100,100668,100,99892,100,100746,100,99858,100,100753,100,99855,100,100828,100,99645,100
2019-06-28 09:46:30.000000000,100135,158,100104,158,100139,158,100102,258,100152,158,100033,85,100178,158,99979,358,100523,158,99978,158,100626,100,99940,100,100668,100,99892,100,100746,100,99858,100,100753,100,99855,100,100828,100,99645,100
2019-06-28 09:46:40.000000000,100135,158,100104,158,100139,158,100102,258,100152,158,100033,85,100178,158,99979,358,100523,158,99978,158,100626,100,99940,100,100668,100,99892,100,100746,100,99858,100,100753,100,99855,100,100828,100,99645,100
2019-06-28 09:46:46.677723382,100135,158,100104,158,100139,158,100102,258,100152,158,100033,85,100178,158,99979,358,100523,158,99978,158,100626,100,99940,100,100668,100,99892,100,100746,100,99858,100,100753,100,99855,100,100828,100,99645,100
2019-06-28 09:46:46.968905893,100135,58,100104,158,100139,158,100102,258,100152,158,100033,85,100178,158,99979,358,100523,158,99978,158,100626,100,99940,100,100668,100,99892,100,100746,100,99858,100,100753,100,99855,100,100828,100,99645,100
2019-06-28 09:46:50.000000000,100139,199,100104,199,100152,196,100102,296,100178,196,100033,123,100523,100,99979,300,100626,100,99978,100,100668,100,99940,100,100746,100,99892,100,100753,100,99858,100,100828,100,99855,100,100857,100,99645,100
2019-06-28 09:47:00.000000000,100139,173,100104,173,100152,173,100102,273,100178,173,100033,100,100523,173,99979,373,100626,100,99978,100,100668,100,99940,100,100746,100,99892,100,100753,100,99858,100,100828,100,99855,100,100857,100,99645,100
2019-06-28 09:47:10.000000000,100139,173,100104,173,100152,173,100102,273,100178,173,100033,100,100523,173,99979,373,100626,100,99978,100,100668,100,99940,100,100746,100,99892,100,100753,100,99858,100,100828,100,99855,100,100857,100,99645,100
2019-06-28 09:47:20.000000000,100139,158,100104,158,100152,158,100102,258,100178,158,100033,85,100523,158,99979,358,100626,158,99978,158,100668,100,99940,100,100746,100,99892,100,100753,100,99858,100,100828,100,99855,100,100857,100,99645,100
2019-06-28 09:47:23.329307526,100139,158,100104,158,100152,158,100102,258,100178,158,100033,85,100523,158,99979,358,100626,158,99978,158,100668,100,99940,100,100746,100,99892,100,100753,100,99858,100,100828,100,99855,100,100857,100,99645,100
2019-06-28 09:47:26.667375678,100139,158,100104,158,100152,158,100102,258,100178,158,100033,85,100523,158,99979,358,100626,158,99978,158,100668,100,99940,100,100746,100,99892,100,100753,100,99858,100,100828,100,99855,100,100857,100,99645,100
2019-06-28 09:47:30.000000000,100139,158,100104,158,100152,158,100102,258,100178,158,100033,85,100523,158,99979,358,100626,158,99978,158,100668,100,99940,100,100746,100,99892,100,100753,100,99858,100,100828,100,99855,100,100857,100,99645,100
2019-06-28 09:47:33.071057073,100139,158,100129,100,100152,158,100104,158,100178,158,100102,258,100523,158,100033,85,100626,158,99979,358,100668,100,99978,158,100746,100,99940,100,100753,100,99892,100,100828,100,99858,100,100857,100,99855,100
2019-06-28 09:47:38.311622847,100139,58,100129,100,100152,158,100104,158,100178,158,100102,258,100523,158,100033,85,100626,158,99979,358,100668,100,99978,158,100746,100,99940,100,100753,100,99892,100,100828,100,99858,100,100857,100,99855,100
2019-06-28 09:47:40.000000000,100152,246,100129,246,100178,246,100104,246,100523,100,100102,200,100626,100,100033,27,100668,100,99979,300,100746,100,99978,100,100753,100,99940,100,100828,100,99892,100,100857,100,99858,100,100912,100,99855,100
2019-06-28 09:47:50.000000000,100152,158,100129,158,100178,158,100104,158,100523,158,100102,258,100626,158,100033,85,100668,158,99979,358,100746,100,99978,100,100753,100,99940,100,100828,100,99892,100,100857,100,99858,100,100912,100,99855,100
2019-06-28 09:47:54.345950443,100152,158,100135,100,100178,158,100129,158,100523,158,100104,158,100626,158,100102,258,100668,158,100033,85,100746,100,99979,358,100753,100,99940,100,100828,100,99892,100,100857,100,99858,100,100912,100,99855,100
2019-06-28 09:47:57.600797302,100152,158,100135,100,100178,158,100129,158,100523,158,100104,158,100626,158,100102,258,100668,158,100033,85,100746,100,99979,358,100753,100,99940,100,100828,100,99892,100,100857,100,99858,100,100912,100,99855,100
2019-06-28 09:48:00.000000000,100152,246,100135,246,100178,246,100129,246,100523,100,100104,100,100626,100,100102,200,100668,100,100033,27,100746,100,99979,300,100753,100,99940,100,100828,100,99892,100,100857,100,99858,100,100912,100,99855,100
2019-06-28 09:48:10.000000000,100152,392,100135,392,100178,100,100129,100,100523,100,100104,100,100626,100,100102,200,100668,100,100033,27,100746,100,99979,300,100753,100,99940,100,100828,100,99892,100,100857,100,99858,100,100912,100,99855,100
2019-06-28 09:48:20.000000000,100152,158,100135,158,100178,158,100129,158,100523,158,100104,158,100626,158,100102,258,100668,158,100033,85,100746,100,99979,300,100753,100,99940,100,100828,100,99892,100,100857,100,99858,100,100912,100,99855,100
2019-06-28 09:48:25.296475762,100152,58,100135,158,100178,158,100129,158,100523,158,100104,158,100626,158,100102,258,100668,158,100033,85,100746,100,99979,300,100753,100,99940,100,100828,100,99892,100,100857,100,99858,100,100912,100,99855,100
2019-06-28 09:48:30.000000000,100178,199,100135,199,100523,196,100129,196,100626,196,100104,196,100668,100,100102,200,100746,100,100033,27,100753,100,99979,300,100828,100,99940,100,100857,100,99892,100,100912,100,99858,100,101023,100,99855,100
2019-06-28 09:48:40.000000000,100178,392,100135,392,100523,100,100129,100,100626,100,100104,100,100668,100,100102,200,100746,100,100033,27,100753,100,99979,300,100828,100,99940,100,100857,100,99892,100,100912,100,99858,100,101023,100,99855,100
2019-06-28 09:48:45.233738469,100178,392,100135,392,100523,100,100129,100,100626,100,100104,100,100668,100,100102,200,100746,100,100033,27,100753,100,99979,300,100828,100,99940,100,100857,100,99892,100,100912,100,99858,100,101023,100,99855,100
2019-06-28 09:48:48.652646370,100178,392,100135,392,100523,100,100129,100,100626,100,100104,100,100668,100,100102,200,100746,100,100033,27,100753,100,99979,200,100828,100,99940,100,100857,100,99892,100,100912,100,99858,100,101023,100,99855,100
2019-06-28 09:48:50.000000000,100178,246,100135,246,100523,246,100129,246,100626,100,100104,100,100668,100,100102,200,100746,100,100033,27,100753,100,99979,200,100828,100,99940,100,100857,100,99892,100,100912,100,99858,100,101023,100,99855,100
2019-06-28 09:49:00.000000000,100178,158,100135,158,100523,158,100129,158,100626,158,100104,158,100668,158,100102,258,100746,158,100033,85,100753,100,99979,200,100828,100,99940,100,100857,100,99892,100,100912,100,99858,100,101023,100,99855,100
2019-06-28 09:49:10.000000000,100178,392,100135,392,100523,100,100129,100,100626,100,100104,100,100668,100,100102,200,100746,100,100033,27,100753,100,99979,200,100828,100,99940,100,100857,100,99892,100,100912,100,99858,100,101023,100,99855,100
2019-06-28 09:49:18.021180997,100178,292,100135,392,100523,100,100129,100,100626,100,100104,100,100668,100,100102,200,100746,100,100033,27,100753,100,99979,200,100828,100,99940,100,100857,100,99892,100,100912,100,99855,100,101023,100,99645,100
2019-06-28 09:49:20.000000000,100523,173,100135,173,100626,173,100129,173,100668,173,100104,173,100746,173,100102,273,100753,100,100033,27,100828,100,99979,200,100857,100,99940,100,100912,100,99892,100,101023,100,99855,100,101091,100,99645,100
2019-06-28 09:49:21.214738331,100523,73,100135,173,100626,173,100129,173,100668,173,100104,173,100746,173,100102,273,100753,100,100033,27,100828,100,99979,200,100857,100,99940,100,100912,100,99892,100,101023,100,99855,100,101545,100,99645,100
2019-06-28 09:49:30.000000000,100626,246,100135,246,100668,246,100129,246,100746,100,100104,100,100753,100,100102,200,100828,100,100033,27,100857,100,99979,200,100912,100,99940,100,101023,100,99892,100,101545,100,99855,100,101554,100,99645,100
2019-06-28 09:49:38.084398750,100626,246,100178,100,100668,246,100135,246,100746,100,100129,146,100753,100,100104,100,100828,100,100102,200,100857,100,100033,27,100912,100,99979,200,101023,100,99940,100,101545,100,99892,100,101554,100,99855,100
2019-06-28 09:49:40.000000000,100626,199,100178,199,100668,196,100135,196,100746,196,100104,196,100753,100,100102,200,100828,100,100033,27,100857,100,99979,200,100912,100,99940,100,101023,100,99892,100,101545,100,99855,100,101554,100,99645,100
2019-06-28 09:49:42.745913536,100626,99,100178,199,100668,196,100135,196,100746,196,100104,196,100753,100,100102,200,100828,100,100033,27,100857,100,99979,200,100912,100,99940,100,101023,100,99892,100,101545,100,99855,100,101554,100,99645,100
2019-06-28 09:49:43.077750064,100626,99,100523,100,100668,196,100178,199,100746,196,100135,196,100753,100,100104,196,100828,100,100102,200,100857,100,100033,27,100912,100,99979,200,101023,100,99940,100,101545,100,99892,100,101554,100,99855,100
2019-06-28 09:49:50.000000000,100668,173,100523,173,100746,173,100178,173,100753,173,100135,173,100828,173,100104,173,100857,100,100102,200,100912,100,100033,27,101023,100,99979,200,101545,100,99940,100,101554,100,99892,100,101560,100,99855,100
2019-06-28 09:50:00.000000000,100668,246,100523,246,100746,246,100178,246,100753,100,100135,100,100828,100,100104,100,100857,100,100102,200,100912,100,100033,27,101023,100,99979,200,101545,100,99940,100,101554,100,99892,100,101560,100,99855,100
2019-06-28 09:50:09.393607028,100668,246,100523,246,100746,246,100178,246,100753,100,100135,100,100828,100,100104,100,100857,100,100102,100,100912,100,100033,27,101023,100,99979,200,101545,100,99940,100,101554,100,99892,100,101560,100,99855,100
2019-06-28 09:50:10.000000000,100668,173,100523,173,100746,173,100178,173,100753,173,100135,173,100828,173,100104,173,100857,100,100102,100,100912,100,100033,27,101023,100,99979,200,101545,100,99940,100,101554,100,99892,100,101560,100,99855,100
2019-06-28 09:50:20.000000000,100668,246,100523,246,100746,246,100178,246,100753,100,100135,100,100828,100,100104,100,100857,100,100102,100,100912,100,100033,27,101023,100,99979,200,101545,100,99940,100,101554,100,99892,100,101560,100,99855,100
2019-06-28 09:50:30.000000000,100668,173,100523,173,100746,173,100178,173,100753,173,100135,173,100828,173,100104,173,100857,100,100102,100,100912,100,100033,27,101023,100,99979,200,101545,100,99940,100,101554,100,99892,100,101560,100,99855,100
2019-06-28 09:50:40.000000000,100668,158,100523,158,100746,158,100178,158,100753,158,100135,158,100828,158,100104,158,100857,158,100102,158,100912,100,100033,27,101023,100,99979,200,101545,100,99940,100,101554,100,99892,100,101560,100,99855,100
2019-06-28 09:50:41.331664511,100668,158,100523,58,100746,158,100178,158,100753,158,100135,158,100828,158,100104,158,100857,158,100102,158,100912,100,100033,27,101023,100,99979,100,101545,100,99940,100,101554,100,99892,100,101560,100,99855,100
2019-06-28 09:50:41.419280154,100523,42,100178,158,100668,158,100135,158,100746,158,100104,158,100753,158,100102,158,100828,158,100033,27,100857,158,99979,100,101023,100,99940,100,101545,100,99892,100,101554,100,99855,100,101560,100,99645,100
2019-06-28 09:50:50.000000000,100523,141,100178,199,100668,196,100135,196,100746,196,100104,196,100753,100,100102,100,100828,100,100033,27,100857,100,99979,100,101023,100,99940,100,101545,100,99892,100,101554,100,99855,100,101560,100,99645,100
2019-06-28 09:50:52.603718480,100523,141,100178,199,100668,196,100152,100,100746,196,100135,196,100753,100,100104,196,100828,100,100102,100,100857,100,100033,27,101023,100,99979,100,101545,100,99940,100,101554,100,99892,100,101560,100,99855,100
2019-06-28 09:51:00.000000000,100523,188,100178,246,100668,246,100152,246,100746,100,100135,100,100753,100,100104,100,100828,100,100102,100,100857,100,100033,27,101023,100,99979,100,101545,100,99940,100,101554,100,99892,100,101560,100,99855,100
2019-06-28 09:51:10.000000000,100523,334,100178,392,100668,100,100152,100,100746,100,100135,100,100753,100,100104,100,100828,100,100102,100,100857,100,100033,27,101023,100,99979,100,101545,100,99940,100,101554,100,99892,100,101560,100,99855,100
2019-06-28 09:51:20.000000000,100523,188,100178,246,100668,246,100152,246,100746,100,100135,100,100753,100,100104,100,100828,100,100102,100,100857,100,100033,27,101023,100,99979,100,101545,100,99940,100,101554,100,99892,100,101560,100,99855,100
2019-06-28 09:51:25.054936175,100523,188,100178,146,100668,246,100152,246,100746,100,100135,100,100753,100,100104,100,100828,100,100102,100,100857,100,100033,27,101023,100,99979,100,101545,100,99940,100,101554,100,99892,100,101560,100,99855,100
2019-06-28 09:51:30.000000000,100523,141,100152,199,100668,196,100135,196,100746,196,100104,196,100753,100,100102,100,100828,100,100033,27,100857,100,99979,100,101023,100,99940,100,101545,100,99892,100,101554,100,99855,100,101560,100,99645,100
2019-06-28 09:51:40.000000000,100523,334,100152,392,100668,100,100135,100,100746,100,100104,100,100753,100,100102,100,100828,100,100033,27,100857,100,99979,100,101023,100,99940,100,101545,100,99892,100,101554,100,99855,100,101560,100,99645,100
2019-06-28 09:51:50.000000000,100523,141,100152,199,100668,196,100135,196,100746,196,100104,196,100753,100,100102,100,100828,100,100033,27,100857,100,99979,100,101023,100,99940,100,101545,100,99892,100,101554,100,99855,100,101560,100,99645,100
2019-06-28 09:51:57.303921046,100522,100,100152,199,100523,141,100135,96,100668,196,100104,196,100746,196,100102,100,100753,100,100033,27,100828,100,99979,100,100857,100,99940,100,101023,100,99892,100,101545,100,99855,100,101554,100,99645,100
2019-06-28 09:51:58.644754004,100522,100,100179,100,100523,141,100152,199,100668,196,100135,96,100746,196,100104,196,100753,100,100102,100,100828,100,100033,27,100857,100,99979,100,101023,100,99940,100,101545,100,99892,100,101554,100,99855,100
2019-06-28 09:52:00.000000000,100522,246,100179,246,100523,188,100152,246,100668,100,100104,100,100746,100,100102,100,100753,100,100033,27,100828,100,99979,100,100857,100,99940,100,101023,100,99892,100,101545,100,99855,100,101554,100,99645,100
2019-06-28 09:52:07.642361829,100522,146,100179,246,100523,188,100152,246,100668,100,100104,100,100746,100,100102,100,100753,100,100033,27,100828,100,99979,100,100857,100,99940,100,101023,100,99892,100,101545,100,99855,100,101554,100,99645,100
2019-06-28 09:52:10.000000000,100523,188,100179,246,100668,246,100152,246,100746,100,100104,100,100753,100,100102,100,100828,100,100033,27,100857,100,99979,100,101023,100,99940,100,101545,100,99892,100,101554,100,99855,100,101560,100,99645,100
2019-06-28 09:52:20.000000000,100523,188,100179,246,100668,246,100152,246,100746,100,100104,100,100753,100,100102,100,100828,100,100033,27,100857,100,99979,100,101023,100,99940,100,101545,100,99892,100,101554,100,99855,100,101560,100,99645,100
2019-06-28 09:52:30.000000000,100523,100,100179,158,100668,158,100152,158,100746,158,100104,158,100753,158,100102,158,100828,158,100033,85,100857,100,99979,100,101023,100,99940,100,101545,100,99892,100,101554,100,99855,100,101560,100,99645,100
2019-06-28 09:52:40.000000000,100523,334,100179,392,100668,100,100152,100,100746,100,100104,100,100753,100,100102,100,100828,100,100033,27,100857,100,99979,100,101023,100,99940,100,101545,100,99892,100,101554,100,99855,100,101560,100,99645,100
2019-06-28 09:52:50.000000000,100523,115,100179,173,100668,173,100152,173,100746,173,100104,173,100753,173,100102,173,100828,100,100033,27,100857,100,99979,100,101023,100,99940,100,101545,100,99892,100,101554,100,99855,100,101560,100,99645,100
2019-06-28 09:52:50.058903982,100523,115,100179,173,100668,173,100152,173,100688,100,100104,173,100746,173,100102,173,100753,173,100033,27,100828,100,99979,100,100857,100,99940,100,101023,100,99892,100,101545,100,99855,100,101554,100,99645,100
2019-06-28 09:53:00.000000000,100523,334,100179,392,100668,100,100152,100,100688,100,100104,100,100746,100,100102,100,100753,100,100033,27,100828,100,99979,100,100857,100,99940,100,101023,100,99892,100,101545,100,99855,100,101554,100,99645,100
2019-06-28 09:53:08.542092259,100523,234,100179,392,100668,100,100152,100,100688,100,100104,100,100746,100,100102,100,100753,100,100033,27,100828,100,99979,100,100857,100,99940,100,101023,100,99892,100,101545,100,99855,100,101554,100,99645,100
2019-06-28 09:53:10.000000000,100668,392,100179,392,100688,100,100152,100,100746,100,100104,100,100753,100,100102,100,100828,100,100033,27,100857,100,99979,100,101023,100,99940,100,101545,100,99892,100,101554,100,99855,100,101560,100,99645,100
2019-06-28 09:53:20.000000000,100668,199,100179,199,100688,196,100152,196,100746,196,100104,196,100753,100,100102,100,100828,100,100033,27,100857,100,99979,100,101023,100,99940,100,101545,100,99892,100,101554,100,99855,100,101560,100,99645,100
2019-06-28 09:53:30.000000000,100668,246,100179,246,100688,246,100152,246,100746,100,100104,100,100753,100,100102,100,100828,100,100033,27,100857,100,99979,100,101023,100,99940,100,101545,100,99892,100,101554,100,99855,100,101560,100,99645,100
2019-06-28 09:53:33.672322620,100668,246,100522,100,100688,246,100179,246,100746,100,100152,246,100753,100,100104,100,100828,100,100102,100,100857,100,100033,27,101023,100,99979,100,101545,100,99940,100,101554,100,99892,100,101560,100,99855,100
2019-06-28 09:53:39.745404198,100668,246,100522,100,100688,246,100179,246,100753,100,100152,246,100828,100,100104,100,100857,100,100102,100,100930,100,100033,27,101023,100,99979,100,101545,100,99940,100,101554,100,99892,100,101560,100,99855,100
2019-06-28 09:53:40.000000000,100668,246,100522,246,100688,246,100179,246,100753,100,100152,100,100828,100,100104,100,100857,100,100102,100,100930,100,100033,27,101023,100,99979,100,101545,100,99940,100,101554,100,99892,100,101560,100,99855,100
2019-06-28 09:53:48.862989995,100668,246,100522,246,100688,246,100179,246,100753,100,100152,100,100828,100,100104,100,100930,100,100102,100,100949,100,100033,27,101023,100,99979,100,101545,100,99940,100,101554,100,99892,100,101560,100,99855,100
2019-06-28 09:53:50.000000000,100668,392,100522,392,100688,100,100179,100,100753,100,100152,100,100828,100,100104,100,100930,100,100102,100,100949,100,100033,27,101023,100,99979,100,101545,100,99940,100,101554,100,99892,100,101560,100,99855,100
2019-06-28 09:54:00.000000000,100668,158,100522,158,100688,158,100179,158,100753,158,100152,158,100828,158,100104,158,100930,158,100102,158,100949,100,100033,27,101023,100,99979,100,101545,100,99940,100,101554,100,99892,100,101560,100,99855,100
2019-06-28 09:54:10.000000000,100668,199,100522,199,100688,196,100179,196,100753,196,100152,196,100828,100,100104,100,100930,100,100102,100,100949,100,100033,27,101023,100,99979,100,101545,100,99940,100,101554,100,99892,100,101560,100,99855,100
2019-06-28 09:54:20.000000000,100668,173,100522,173,100688,173,100179,173,100753,173,100152,173,100828,173,100104,173,100930,100,100102,100,100949,100,100033,27,101023,100,99979,100,101545,100,99940,100,101554,100,99892,100,101560,100,99855,100
2019-06-28 09:54:30.000000000,100668,246,100522,246,100688,246,100179,246,100753,100,100152,100,100828,100,100104,100,100930,100,100102,100,100949,100,100033,27,101023,100,99979,100,101545,100,99940,100,101554,100,99892,100,101560,100,99855,100
2019-06-28 09:54:40.000000000,100668,158,100522,158,100688,158,100179,158,100753,158,100152,158,100828,158,100104,158,100930,158,100102,158,100949,100,100033,27,101023,100,99979,100,101545,100,99940,100,101554,100,99892,100,101560,100,99855,100
2019-06-28 09:54:45.052652917,100668,58,100522,158,100688,158,100179,158,100753,158,100152,158,100828,158,100104,158,100930,158,100102,158,100949,100,100033,27,101023,100,99979,100,101545,100,99940,100,101554,100,99892,100,101560,100,99645,100
2019-06-28 09:54:50.000000000,100688,173,100522,173,100753,173,100179,173,100828,173,100152,173,100930,173,100104,173,100949,100,100102,100,101023,100,100033,27,101545,100,99979,100,101554,100,99940,100,101560,100,99892,100,,,99645,100
2019-06-28 09:55:00.000000000,100688,199,100522,199,100753,196,100179,196,100828,196,100152,196,100930,100,100104,100,100949,100,100102,100,101023,100,100033,27,101545,100,99979,100,101554,100,99940,100,101560,100,99892,100,,,99645,100
2019-06-28 09:55:10.000000000,100688,199,100522,199,100753,196,100179,196,100828,196,100152,196,100930,100,100104,100,100949,100,100102,100,101023,100,100033,27,101545,100,99979,100,101554,100,99940,100,101560,100,99892,100,,,99645,100
2019-06-28 09:55:20.000000000,100688,246,100522,246,100753,246,100179,246,100828,100,100152,100,100930,100,100104,100,100949,100,100102,100,101023,100,100033,27,101545,100,99979,100,101554,100,99940,100,101560,100,99892,100,,,99645,100
2019-06-28 09:55:30.000000000,100688,158,100522,158,100753,158,100179,158,100828,158,100152,158,100930,158,100104,158,100949,158,100102,158,101023,100,100033,27,101545,100,99979,100,101554,100,99940,100,101560,100,99892,100,,,99645,100
2019-06-28 09:55:35.048410373,100688,158,100604,100,100753,158,100522,158,100828,158,100179,158,100930,158,100152,158,100949,158,100104,158,101023,100,100102,158,101545,100,100033,27,101554,100,99979,100,101560,100,99940,100,,,99892,100
2019-06-28 09:55:35.676890311,100688,58,100604,100,100753,158,100522,158,100828,158,100179,158,100930,158,100152,158,100949,158,100104,158,101023,100,100102,158,101545,100,100033,27,101554,100,99979,100,101560,100,99940,100,,,99892,100
2019-06-28 09:55:40.000000000,100753,173,100604,173,100828,173,100522,173,100930,173,100179,173,100949,173,100152,173,101023,100,100104,100,101545,100,100102,100,101554,100,100033,27,101560,100,99979,100,,,99940,100,,,99892,100
2019-06-28 09:55:46.197967665,100753,173,100654,100,100828,173,100604,173,100930,173,100522,173,100949,173,100179,173,101023,100,100152,173,101545,100,100104,100,101554,100,100102,100,101560,100,100033,27,,,99979,100,,,99940,100
2019-06-28 09:55:47.909018688,100753,73,100654,100,100828,173,100604,173,100930,173,100522,173,100949,173,100179,173,101023,100,100152,173,101545,100,100104,100,101554,100,100102,100,101560,100,100033,27,,,99979,100,,,99940,100
2019-06-28 09:55:50.000000000,100828,199,100654,199,100930,196,100604,196,100949,196,100522,196,101023,100,100179,100,101545,100,100152,100,101554,100,100104,100,101560,100,100102,100,,,100033,27,,,99979,100,,,99940,100
2019-06-28 09:56:00.000000000,100828,392,100654,392,100930,100,100604,100,100949,100,100522,100,101023,100,100179,100,101545,100,100152,100,101554,100,100104,100,101560,100,100102,100,,,100033,27,,,99979,100,,,99940,100
2019-06-28 09:56:09.225007940,100828,392,100654,392,100930,100,100604,100,100949,100,100522,100,101023,100,100152,100,101545,100,100104,100,101554,100,100102,100,101560,100,100033,27,,,99979,100,,,99940,100,,,99892,100
2019-06-28 09:56:10.000000000,100828,173,100654,173,100930,173,100604,173,100949,173,100522,173,101023,173,100152,173,101545,100,100104,100,101554,100,100102,100,101560,100,100033,27,,,99979,100,,,99940,100,,,99892,100
2019-06-28 09:56:11.791447730,100697,100,100654,173,100828,173,100604,173,100930,173,100522,173,100949,173,100152,173,101023,173,100104,100,101545,100,100102,100,101554,100,100033,27,101560,100,99979,100,,,99940,100,,,99892,100
2019-06-28 09:56:15.181704137,100687,100,100654,173,100697,100,100604,173,100828,173,100522,173,100930,173,100152,173,100949,173,100104,100,101023,173,100102,100,101545,100,100033,27,101554,100,99979,100,101560,100,99940,100,,,99892,100
2019-06-28 09:56:20.000000000,100687,246,100654,246,100697,246,100604,246,100828,100,100522,100,100930,100,100152,100,100949,100,100104,100,101023,100,100102,100,101545,100,100033,27,101554,100,99979,100,101560,100,99940,100,,,99892,100
2019-06-28 09:56:30.000000000,100687,158,100654,158,100697,158,100604,158,100828,158,100522,158,100930,158,100152,158,100949,158,100104,158,101023,100,100102,100,101545,100,100033,27,101554,100,99979,100,101560,100,99940,100,,,99892,100
2019-06-28 09:56:38.794637447,100687,258,100654,158,100697,158,100604,158,100828,158,100522,158,100930,158,100152,158,100949,158,100104,158,101023,100,100102,100,101545,100,100033,27,101554,100,99979,100,101560,100,99940,100,,,99892,100
2019-06-28 09:56:40.000000000,100687,492,100654,392,100697,100,100604,100,100828,100,100522,100,100930,100,100152,100,100949,100,100104,100,101023,100,100102,100,101545,100,100033,27,101554,100,99979,100,101560,100,99940,100,,,99892,100
2019-06-28 09:56:43.620642489,100687,592,100654,392,100697,100,100604,100,100828,100,100522,100,100930,100,100152,100,100949,100,100104,100,101023,100,100102,100,101545,100,100033,27,101554,100,99979,100,101560,100,99940,100,,,99892,100
2019-06-28 09:56:50.000000000,100687,373,100654,173,100697,173,100604,173,100828,173,100522,173,100930,173,100152,173,100949,100,100104,100,101023,100,100102,100,101545,100,100033,27,101554,100,99979,100,101560,100,99940,100,,,99892,100
2019-06-28 09:56:50.984839815,100687,373,100654,173,100697,173,100604,173,100828,173,100522,173,100930,173,100152,173,100949,100,100104,100,101023,100,100102,100,101545,100,100033,27,101554,100,99994,100,101560,100,99979,100,,,99940,100
2019-06-28 09:56:52.612305797,100687,373,100654,73,100697,173,100604,173,100828,173,100522,173,100930,173,100152,173,100949,100,100104,100,101023,100,100102,100,101554,100,100033,27,101560,100,99994,100,,,99979,100,,,99940,100
2019-06-28 09:57:00.000000000,100687,446,100604,246,100697,246,100522,246,100828,100,100152,100,100930,100,100104,100,100949,100,100102,100,101023,100,100033,27,101554,100,99994,100,101560,100,99979,100,,,99940,100,,,99892,100
2019-06-28 09:57:07.383455684,100687,446,100604,246,100697,246,100522,246,100828,100,100302,100,100930,100,100152,100,100949,100,100104,100,101023,100,100102,100,101554,100,100033,27,101560,100,99994,100,,,99979,100,,,99940,100
2019-06-28 09:57:10.000000000,100687,399,100604,199,100697,196,100522,196,100828,196,100302,196,100930,100,100152,100,100949,100,100104,100,101023,100,100102,100,101554,100,100033,27,101560,100,99994,100,,,99979,100,,,99940,100
2019-06-28 09:57:20.000000000,100687,399,100604,199,100697,196,100522,196,100828,196,100302,196,100930,100,100152,100,100949,100,100104,100,101023,100,100102,100,101554,100,100033,27,101560,100,99994,100,,,99979,100,,,99940,100
2019-06-28 09:57:30.000000000,100687,373,100604,173,100697,173,100522,173,100828,173,100302,173,100930,173,100152,173,100949,100,100104,100,101023,100,100102,100,101554,100,100033,27,101560,100,99994,100,,,99979,100,,,99940,100
2019-06-28 09:57:30.629830541,100687,373,100604,73,100697,173,100522,173,100828,173,100302,173,100930,173,100152,173,100949,100,100104,100,101023,100,100102,100,101554,100,100033,27,101560,100,99994,100,,,99979,100,,,99940,100
2019-06-28 09:57:38.610675971,100604,27,100522,173,100687,373,100302,173,100697,173,100152,173,100828,173,100104,100,100930,173,100102,100,100949,100,100033,27,101023,100,99994,100,101554,100,99979,100,101560,100,99940,100,,,99892,100
2019-06-28 09:57:40.000000000,100604,85,100522,158,100687,358,100302,158,100697,158,100152,158,100828,158,100104,158,100930,158,100102,158,100949,100,100033,27,101023,100,99994,100,101554,100,99979,100,101560,100,99940,100,,,99892,100
2019-06-28 09:57:50.000000000,100604,85,100522,158,100687,358,100302,158,100697,158,100152,158,100828,158,100104,158,100930,158,100102,158,100949,100,100033,27,101023,100,99994,100,101554,100,99979,100,101560,100,99940,100,,,99892,100
2019-06-28 09:57:59.441970210,100604,185,100522,158,100687,358,100302,158,100697,158,100152,158,100828,158,100104,158,100930,158,100102,158,100949,100,100033,27,101023,100,99994,100,101554,100,99979,100,101560,100,99940,100,,,99892,100
2019-06-28 09:58:00.000000000,100604,226,100522,199,100687,396,100302,196,100697,196,100152,196,100828,100,100104,100,100930,100,100102,100,100949,100,100033,27,101023,100,99994,100,101554,100,99979,100,101560,100,99940,100,,,99892,100
2019-06-28 09:58:10.000000000,100604,200,100522,173,100687,373,100302,173,100697,173,100152,173,100828,173,100104,173,100930,100,100102,100,100949,100,100033,27,101023,100,99994,100,101554,100,99979,100,101560,100,99940,100,,,99892,100
2019-06-28 09:58:11.345385076,100604,200,100522,73,100687,373,100302,173,100697,173,100152,173,100828,173,100104,173,100930,100,100102,100,100949,100,100033,27,101023,100,99994,100,101554,100,99979,100,101560,100,99940,100,,,99892,100
2019-06-28 09:58:15.178831668,100604,200,100522,73,100687,373,100302,173,100697,173,100152,173,100828,173,100104,173,100930,100,100102,100,100949,100,100033,27,101023,100,99994,100,101554,100,99979,100,101560,100,99940,100,,,99892,100
2019-06-28 09:58:20.000000000,100604,419,100302,392,100687,300,100152,100,100697,100,100104,100,100828,100,100102,100,100930,100,100033,27,100949,100,99994,100,101023,100,99979,100,101554,100,99940,100,101560,100,99892,100,,,99728,100
2019-06-28 09:58:24.728491937,100604,419,100302,392,100687,300,100152,100,100697,100,100104,100,100828,100,100102,100,100930,100,100033,27,100949,100,100012,100,101023,100,99994,100,101560,100,99979,100,,,99940,100,,,99892,100
2019-06-28 09:58:30.000000000,100604,273,100302,246,100687,446,100152,246,100697,100,100104,100,100828,100,100102,100,100930,100,100033,27,100949,100,100012,100,101023,100,99994,100,101560,100,99979,100,,,99940,100,,,99892,100
2019-06-28 09:58:40.000000000,100604,273,100302,246,100687,446,100152,246,100697,100,100104,100,100828,100,100102,100,100930,100,100033,27,100949,100,100012,100,101023,100,99994,100,101560,100,99979,100,,,99940,100,,,99892,100
2019-06-28 09:58:42.154688834,100604,273,100302,146,100687,446,100152,246,100697,100,100104,100,100828,100,100102,100,100930,100,100033,27,100949,100,100012,100,101023,100,99994,100,101560,100,99979,100,,,99940,100,,,99892,100
2019-06-28 09:58:48.537881970,100604,273,100302,146,100687,446,100152,246,100697,100,100104,100,100828,100,100102,100,100930,100,100033,27,100949,100,100012,100,101023,100,99994,100,101560,100,99979,100,,,99940,100,,,99892,100
2019-06-28 09:58:50.000000000,100604,226,100152,199,100687,396,100104,196,100697,196,100102,196,100828,100,100033,27,100930,100,100012,100,100949,100,99994,100,101023,100,99979,100,101560,100,99940,100,,,99892,100,,,99825,100
2019-06-28 09:59:00.000000000,100604,185,100152,158,100687,358,100104,158,100697,158,100102,158,100828,158,100033,85,100930,158,100012,158,100949,100,99994,100,101023,100,99979,100,101560,100,99940,100,,,99892,100,,,99825,100
2019-06-28 09:59:10.000000000,100604,200,100152,173,100687,373,100104,173,100697,173,100102,173,100828,173,100033,100,100930,100,100012,100,100949,100,99994,100,101023,100,99979,100,101560,100,99940,100,,,99892,100,,,99825,100
2019-06-28 09:59:20.000000000,100604,419,100152,392,100687,300,100104,100,100697,100,100102,100,100828,100,100033,27,100930,100,100012,100,100949,100,99994,100,101023,100,99979,100,101560,100,99940,100,,,99892,100,,,99825,100
2019-06-28 09:59:28.274489237,100604,419,100152,392,100687,300,100104,100,100697,100,100102,100,100828,100,100033,27,100930,100,100012,100,100949,100,99979,100,101023,100,99940,100,101560,100,99892,100,,,99825,100,,,99728,100
2019-06-28 09:59:30.000000000,100604,200,100152,173,100687,373,100104,173,100697,173,100102,173,100828,173,100033,100,100930,100,100012,100,100949,100,99979,100,101023,100,99940,100,101560,100,99892,100,,,99825,100,,,99728,100
2019-06-28 09:59:40.000000000,100604,273,100152,246,100687,446,100104,246,100697,100,100102,100,100828,100,100033,27,100930,100,100012,100,100949,100,99979,100,101023,100,99940,100,101560,100,99892,100,,,99825,100,,,99728,100
2019-06-28 09:59:50.000000000,100604,419,100152,392,100687,300,100104,100,100697,100,100102,100,100828,100,100033,27,100930,100,100012,100,100949,100,99979,100,101023,100,99940,100,101560,100,99892,100,,,99825,100,,,99728,100
2019-06-28 10:00:00.000000000,100604,226,100152,199,100687,396,100104,196,100697,196,100102,196,100828,100,100033,27,100930,100,100012,100,100949,100,99979,100,101023,100,99940,100,101560,100,99892,100,,,99825,100,,,99728,100
2019-06-28 10:00:10.000000000,100604,419,100152,392,100687,300,100104,100,100697,100,100102,100,100828,100,100033,27,100930,100,100012,100,100949,100,99979,100,101023,100,99940,100,101560,100,99892,100,,,99825,100,,,99728,100
2019-06-28 10:00:20.000000000,100604,185,100152,158,100687,358,100104,158,100697,158,100102,158,100828,158,100033,85,100930,158,100012,158,100949,100,99979,100,101023,100,99940,100,101560,100,99892,100,,,99825,100,,,99728,100
2019-06-28 10:00:30.000000000,100604,200,100152,173,100687,373,100104,173,100697,173,100102,173,100828,173,100033,100,100930,100,100012,100,100949,100,99979,100,101023,100,99940,100,101560,100,99892,100,,,99825,100,,,99728,100
2019-06-28 10:00:40.000000000,100604,419,100152,392,100687,300,100104,100,100697,100,100102,100,100828,100,100033,27,100930,100,100012,100,100949,100,99979,100,101023,100,99940,100,101560,100,99892,100,,,99825,100,,,99728,100
2019-06-28 10:00:50.000000000,100604,185,100152,158,100687,358,100104,158,100697,158,100102,158,100828,158,100033,85,100930,158,100012,158,100949,100,99979,100,101023,100,99940,100,101560,100,99892,100,,,99825,100,,,99728,100
2019-06-28 10:01:00.000000000,100604,200,100152,173,100687,373,100104,173,100697,173,100102,173,100828,173,100033,100,100930,100,100012,100,100949,100,99979,100,101023,100,99940,100,101560,100,99892,100,,,99825,100,,,99728,100
2019-06-28 10:01:02.633726785,100300,100,100152,173,100604,200,100104,173,100687,373,100102,173,100697,173,100033,100,100828,173,100012,100,100930,100,99979,100,100949,100,99940,100,101023,100,99892,100,101560,100,99825,100,,,99728,100
2019-06-28 10:01:10.000000000,100300,158,100152,158,100604,185,100104,158,100687,358,100102,158,100697,158,100033,85,100828,158,100012,158,100930,100,99979,100,100949,100,99940,100,101023,100,99892,100,101560,100,99825,100,,,99728,100
2019-06-28 10:01:15.003274300,100300,158,100152,158,100336,100,100104,158,100604,185,100102,158,100687,358,100033,85,100697,158,100012,158,100828,158,99979,100,100930,100,99940,100,100949,100,99892,100,101023,100,99825,100,101560,100,99728,100
2019-06-28 10:01:20.000000000,100300,392,100152,392,100336,100,100104,100,100604,127,100102,100,100687,300,100033,27,100697,100,100012,100,100828,100,99979,100,100930,100,99940,100,100949,100,99892,100,101023,100,99825,100,101560,100,99728,100
2019-06-28 10:01:25.128960395,100300,392,100152,392,100336,100,100104,100,100522,100,100102,100,100604,127,100033,27,100687,300,100012,100,100697,100,99979,100,100828,100,99940,100,100930,100,99892,100,100949,100,99825,100,101023,100,99728,100
2019-06-28 10:01:30.000000000,100300,173,100152,173,100336,173,100104,173,100522,173,100102,173,100604,200,100033,100,100687,300,100012,100,100697,100,99979,100,100828,100,99940,100,100930,100,99892,100,100949,100,99825,100,101023,100,99728,100
2019-06-28 10:01:32.680787671,100300,173,100152,173,100336,173,100104,173,100498,100,100102,173,100522,173,100033,100,100604,200,100012,100,100687,300,99979,100,100697,100,99940,100,100828,100,99892,100,100930,100,99825,100,100949,100,99728,100
2019-06-28 10:01:40.000000000,100300,392,100152,392,100336,100,100104,100,100498,100,100102,100,100522,100,100033,27,100604,127,100012,100,100687,300,99979,100,100697,100,99940,100,100828,100,99892,100,100930,100,99825,100,100949,100,99728,100
2019-06-28 10:01:42.971948910,100300,392,100152,392,100336,100,100104,100,100498,100,100102,100,100522,100,100033,27,100561,100,100012,100,100604,127,99979,100,100687,300,99940,100,100697,100,99892,100,100828,100,99825,100,100930,100,99728,100
2019-06-28 10:01:50.000000000,100300,158,100152,158,100336,158,100104,158,100498,158,100102,158,100522,158,100033,85,100561,158,100012,158,100604,127,99979,100,100687,300,99940,100,100697,100,99892,100,100828,100,99825,100,100930,100,99728,100
2019-06-28 10:02:00.000000000,100300,158,100152,158,100336,158,100104,158,100498,158,100102,158,100522,158,100033,85,100561,158,100012,158,100604,127,99979,100,100687,300,99940,100,100697,100,99892,100,100828,100,99825,100,100930,100,99728,100
2019-06-28 10:02:06.794066045,100300,158,100152,158,100336,158,100104,158,100498,158,100102,158,100522,158,100033,85,100561,158,100012,158,100604,127,99979,100,100687,300,99940,100,100697,100,99914,100,100828,100,99892,100,100930,100,99825,100
2019-06-28 10:02:10.000000000,100300,158,100152,158,100336,158,100104,158,100498,158,100102,158,100522,158,100033,85,100561,158,100012,158,100604,127,99979,100,100687,300,99940,100,100697,100,99914,100,100828,100,99892,100,100930,100,99825,100
2019-06-28 10:02:20.000000000,100300,246,100152,246,100336,246,100104,246,100498,100,100102,100,100522,100,100033,27,100561,100,100012,100,100604,127,99979,100,100687,300,99940,100,100697,100,99914,100,100828,100,99892,100,100930,100,99825,100
2019-06-28 10:02:30.000000000,100300,392,100152,392,100336,100,100104,100,100498,100,100102,100,100522,100,100033,27,100561,100,100012,100,100604,127,99979,100,100687,300,99940,100,100697,100,99914,100,100828,100,99892,100,100930,100,99825,100
2019-06-28 10:02:35.561734852,100300,392,100152,392,100336,100,100104,100,100498,100,100102,100,100561,100,100033,27,100604,127,100012,100,100687,300,99979,100,100697,100,99940,100,100828,100,99914,100,100930,100,99892,100,100949,100,99825,100
2019-06-28 10:02:40.000000000,100300,199,100152,199,100336,196,100104,196,100498,196,100102,196,100561,100,100033,27,100604,127,100012,100,100687,300,99979,100,100697,100,99940,100,100828,100,99914,100,100930,100,99892,100,100949,100,99825,100
2019-06-28 10:02:50.000000000,100300,392,100152,392,100336,100,100104,100,100498,100,100102,100,100561,100,100033,27,100604,127,100012,100,100687,300,99979,100,100697,100,99940,100,100828,100,99914,100,100930,100,99892,100,100949,100,99825,100
2019-06-28 10:03:00.000000000,100300,158,100152,158,100336,158,100104,158,100498,158,100102,158,100561,158,100033,85,100604,185,100012,158,100687,300,99979,100,100697,100,99940,100,100828,100,99914,100,100930,100,99892,100,100949,100,99825,100
2019-06-28 10:03:10.000000000,100300,246,100152,246,100336,246,100104,246,100498,100,100102,100,100561,100,100033,27,100604,127,100012,100,100687,300,99979,100,100697,100,99940,100,100828,100,99914,100,100930,100,99892,100,100949,100,99825,100
2019-06-28 10:03:12.470128555,100300,246,100152,246,100336,246,100104,246,100498,100,100102,100,100522,100,100033,27,100561,100,100012,100,100604,127,99979,100,100687,200,99940,100,100697,100,99914,100,100828,100,99892,100,100930,100,99825,100
2019-06-28 10:03:20.000000000,100300,199,100152,199,100336,196,100104,196,100498,196,100102,196,100522,100,100033,27,100561,100,100012,100,100604,127,99979,100,100687,200,99940,100,100697,100,99914,100,100828,100,99892,100,100930,100,99825,100
2019-06-28 10:03:21.641078547,100300,199,100152,199,100336,196,100104,196,100498,196,100102,196,100522,200,100033,27,100561,100,100012,100,100604,127,99979,100,100687,100,99940,100,100697,100,99914,100,100828,100,99892,100,100930,100,99825,100
2019-06-28 10:03:24.850792853,100300,199,100152,99,100336,196,100104,196,100498,196,100102,196,100522,200,100033,27,100561,100,100012,100,100604,127,99979,100,100687,100,99940,100,100697,100,99914,100,100828,100,99892,100,100930,100,99825,100
2019-06-28 10:03:30.000000000,100300,246,100104,246,100336,246,100102,246,100498,100,100033,27,100522,200,100012,100,100561,100,99979,100,100604,127,99940,100,100687,100,99914,100,100697,100,99892,100,100828,100,99825,100,100930,100,99728,100
2019-06-28 10:03:40.000000000,100300,173,100104,173,100336,173,100102,173,100498,173,100033,100,100522,273,100012,173,100561,100,99979,100,100604,127,99940,100,100687,100,99914,100,100697,100,99892,100,100828,100,99825,100,100930,100,99728,100
2019-06-28 10:03:40.515631368,100300,173,100104,73,100336,173,100102,173,100498,173,100033,100,100522,273,100012,173,100561,100,99979,100,100604,127,99940,100,100687,100,99914,100,100697,100,99892,100,100828,100,99825,100,100930,100,99728,100
2019-06-28 10:03:43.421133646,100152,100,100104,73,100300,173,100102,173,100336,173,100033,100,100498,173,100012,173,100522,173,99979,100,100561,100,99940,100,100604,127,99914,100,100687,100,99892,100,100697,100,99825,100,100828,100,99728,100
2019-06-28 10:03:50.000000000,100152,173,100102,173,100300,173,100033,100,100336,173,100012,173,100498,173,99979,173,100522,100,99940,100,100561,100,99914,100,100604,127,99892,100,100687,100,99825,100,100697,100,99728,100,100828,100,99623,100
2019-06-28 10:03:51.423350913,100152,173,100102,173,100300,173,100033,73,100336,173,100012,173,100498,173,99979,173,100522,100,99940,100,100561,100,99914,100,100604,127,99892,100,100687,100,99825,100,100697,100,99728,100,100828,100,99631,100
2019-06-28 10:03:57.183467976,100152,173,100102,73,100300,173,100033,73,100336,173,100012,173,100498,173,99979,173,100522,100,99940,100,100561,100,99914,100,100604,127,99892,100,100687,100,99825,100,100697,100,99728,100,100828,100,99631,100
2019-06-28 10:04:00.000000000,100152,246,100012,246,100300,246,99979,246,100336,100,99940,100,100498,100,99914,100,100522,100,99892,100,100561,100,99825,100,100604,127,99728,100,100687,100,99631,100,100697,100,99623,100,100828,100,,
2019-06-28 10:04:05.773877414,100152,246,100012,246,100300,246,99979,246,100336,100,99940,100,100498,100,99914,100,100522,100,99892,100,100561,100,99825,100,100604,127,99728,100,100687,100,99634,100,100697,100,99631,100,100828,100,99623,100
2019-06-28 10:04:10.000000000,100152,246,100012,246,100300,246,99979,246,100336,100,99940,100,100498,100,99914,100,100522,100,99892,100,100561,100,99825,100,100604,127,99728,100,100687,100,99634,100,100697,100,99631,100,100828,100,99623,100
2019-06-28 10:04:11.174905126,100152,246,100012,146,100300,246,99979,246,100336,100,99940,100,100498,100,99914,100,100522,100,99892,100,100561,100,99825,100,100604,127,99728,100,100687,100,99634,100,100697,100,99631,100,100828,100,99623,100
2019-06-28 10:04:20.000000000,100152,392,99979,392,100300,100,99940,100,100336,100,99914,100,100498,100,99892,100,100522,100,99825,100,100561,100,99728,100,100604,127,99634,100,100687,100,99631,100,100697,100,99623,100,100828,100,,
2019-06-28 10:04:23.760625920,100152,392,99979,292,100300,100,99940,100,100336,100,99914,100,100498,100,99892,100,100522,100,99825,100,100561,100,99728,100,100604,127,99634,100,100687,100,99631,100,100697,100,99623,100,100828,100,,
2019-06-28 10:04:30.000000000,100152,199,99940,199,100300,196,99914,196,100336,196,99892,196,100498,100,99825,100,100522,100,99728,100,100561,100,99634,100,100604,127,99631,100,100687,100,99623,100,100697,100,,,100828,100,,
2019-06-28 10:04:40.000000000,100152,158,99940,158,100300,158,99914,158,100336,158,99892,158,100498,158,99825,158,100522,158,99728,158,100561,100,99634,100,100604,127,99631,100,100687,100,99623,100,100697,100,,,100828,100,,
2019-06-28 10:04:48.657552790,100102,100,99940,158,100152,158,99914,158,100300,158,99892,158,100336,158,99825,158,100498,158,99728,158,100522,158,99634,100,100561,100,99631,100,100604,127,99623,100,100687,100,,,100697,100,,
2019-06-28 10:04:50.000000000,100102,246,99940,246,100152,246,99914,246,100300,100,99892,100,100336,100,99825,100,100498,100,99728,100,100522,100,99634,100,100561,100,99631,100,100604,127,99623,100,100687,100,,,100697,100,,
2019-06-28 10:04:59.805775530,100102,346,99940,246,100152,246,99914,246,100300,100,99892,100,100336,100,99825,100,100498,100,99728,100,100522,100,99634,100,100561,100,99631,100,100604,127,99623,100,100687,100,,,100697,100,,
2019-06-28 10:05:00.000000000,100102,299,99940,199,100152,196,99914,196,100300,196,99892,196,100336,100,99825,100,100498,100,99728,100,100522,100,99634,100,100561,100,99631,100,100604,127,99623,100,100687,100,,,100697,100,,
2019-06-28 10:05:06.983521306,100102,299,99940,199,100152,196,99914,196,100300,196,99892,196,100336,100,99825,100,100498,100,99786,100,100522,100,99728,100,100561,100,99634,100,100604,100,99631,100,100687,100,99623,100,100697,100,,
2019-06-28 10:05:10.000000000,100102,346,99940,246,100152,246,99914,246,100300,100,99892,100,100336,100,99825,100,100498,100,99786,100,100522,100,99728,100,100561,100,99634,100,100604,100,99631,100,100687,100,99623,100,100697,100,,
2019-06-28 10:05:20.000000000,100102,492,99940,392,100152,100,99914,100,100300,100,99892,100,100336,100,99825,100,100498,100,99786,100,100522,100,99728,100,100561,100,99634,100,100604,100,99631,100,100687,100,99623,100,100697,100,,
2019-06-28 10:05:27.040747076,100102,492,99940,392,100152,100,99914,100,100300,100,99892,100,100336,100,99825,100,100498,100,99786,100,100522,100,99728,100,100561,100,99631,100,100604,100,99623,100,100687,100,99344,100,100697,100,,
2019-06-28 10:05:30.000000000,100102,299,99940,199,100152,196,99914,196,100300,196,99892,196,100336,100,99825,100,100498,100,99786,100,100522,100,99728,100,100561,100,99631,100,100604,100,99623,100,100687,100,99344,100,100697,100,,
2019-06-28 10:05:32.134425402,100102,299,99940,99,100152,196,99914,196,100300,196,99892,196,100336,100,99825,100,100498,100,99786,100,100522,100,99728,100,100561,100,99631,100,100604,100,99623,100,100687,100,99344,100,100697,100,,
2019-06-28 10:05:40.000000000,100102,258,99914,158,100152,158,99892,158,100300,158,99825,158,100336,158,99786,158,100498,158,99728,158,100522,100,99631,100,100561,100,99623,100,100604,100,99344,100,100687,100,,,100697,100,,
2019-06-28 10:05:42.015142918,100102,258,99914,158,100152,158,99892,158,100300,158,99825,158,100336,158,99786,158,100498,158,99728,158,100522,100,99657,100,100561,100,99631,100,100604,100,99623,100,100687,100,99344,100,100697,100,,
2019-06-28 10:05:50.000000000,100102,258,99914,158,100152,158,99892,158,100300,158,99825,158,100336,158,99786,158,100498,158,99728,158,100522,100,99657,100,100561,100,99631,100,100604,100,99623,100,100687,100,99344,100,100697,100,,
2019-06-28 10:06:00.000000000,100102,299,99914,199,100152,196,99892,196,100300,196,99825,196,100336,100,99786,100,100498,100,99728,100,100522,100,99657,100,100561,100,99631,100,100604,100,99623,100,100687,100,99344,100,100697,100,,
2019-06-28 10:06:05.011259894,100102,299,99914,199,100152,196,99892,196,100300,196,99825,196,100336,100,99786,100,100498,100,99728,100,100522,100,99657,100,100561,100,99631,100,100604,100,99623,100,100687,100,99344,100,100697,100,99271,100
2019-06-28 10:06:09.782438278,100102,299,99914,199,100152,196,99892,196,100300,196,99825,196,100336,100,99786,100,100498,100,99728,100,100522,100,99657,100,100561,100,99631,100,100604,100,99623,100,100687,100,99492,100,100697,100,99344,100
2019-06-28 10:06:10.000000000,100102,299,99914,199,100152,196,99892,196,100300,196,99825,196,100336,100,99786,100,100498,100,99728,100,100522,100,99657,100,100561,100,99631,100,100604,100,99623,100,100687,100,99492,100,100697,100,99344,100
2019-06-28 10:06:10.371153821,100102,299,99914,199,100152,196,99892,196,100300,196,99825,196,100336,100,99786,100,100498,100,99728,100,100522,100,99657,100,100561,100,99631,100,100604,100,99623,100,100687,100,99492,100,100697,100,99344,100
2019-06-28 10:06:10.584413992,100102,299,99914,199,100152,196,99892,196,100300,196,99825,196,100336,100,99786,100,100498,100,99728,100,100522,100,99657,100,100561,100,99631,100,100604,100,99623,100,100687,100,99492,100,100697,100,99344,100
2019-06-28 10:06:13.046882578,100102,299,99914,99,100152,196,99892,196,100300,196,99825,196,100336,100,99786,100,100498,100,99728,100,100522,100,99657,100,100561,100,99631,100,100604,100,99623,100,100687,100,99492,100,100697,100,99344,100
2019-06-28 10:06:20.000000000,100102,492,99892,392,100152,100,99825,100,100300,100,99786,100,100336,100,99728,100,100498,100,99657,100,100522,100,99631,100,100561,100,99623,100,100604,100,99492,100,100687,100,99344,100,100697,100,99331,100
2019-06-28 10:06:29.744749244,100102,492,99892,392,100152,100,99825,100,100300,100,99786,100,100336,100,99728,100,100498,100,99657,100,100522,100,99631,100,100561,100,99623,100,100604,100,99492,100,100687,100,99344,100,100697,100,99331,100
2019-06-28 10:06:30.000000000,100102,299,99892,199,100152,196,99825,196,100300,196,99786,196,100336,100,99728,100,100498,100,99657,100,100522,100,99631,100,100561,100,99623,100,100604,100,99492,100,100687,100,99344,100,100697,100,99331,100
2019-06-28 10:06:40.000000000,100102,492,99892,392,100152,100,99825,100,100300,100,99786,100,100336,100,99728,100,100498,100,99657,100,100522,100,99631,100,100561,100,99623,100,100604,100,99492,100,100687,100,99344,100,100697,100,99331,100
2019-06-28 10:06:50.000000000,100102,258,99892,158,100152,158,99825,158,100300,158,99786,158,100336,158,99728,158,100498,158,99657,158,100522,100,99631,100,100561,100,99623,100,100604,100,99492,100,100687,100,99344,100,100697,100,99331,100
2019-06-28 10:07:00.000000000,100102,492,99892,392,100152,100,99825,100,100300,100,99786,100,100336,100,99728,100,100498,100,99657,100,100522,100,99631,100,100561,100,99623,100,100604,100,99492,100,100687,100,99344,100,100697,100,99331,100
2019-06-28 10:07:10.000000000,100102,346,99892,246,100152,246,99825,246,100300,100,99786,100,100336,100,99728,100,100498,100,99657,100,100522,100,99631,100,100561,100,99623,100,100604,100,99492,100,100687,100,99344,100,100697,100,99331,100
2019-06-28 10:07:20.000000000,100102,492,99892,392,100152,100,99825,100,100300,100,99786,100,100336,100,99728,100,100498,100,99657,100,100522,100,99631,100,100561,100,99623,100,100604,100,99492,100,100687,100,99344,100,100697,100,99331,100
2019-06-28 10:07:30.000000000,100102,273,99892,173,100152,173,99825,173,100300,173,99786,173,100336,173,99728,173,100498,100,99657,100,100522,100,99631,100,100561,100,99623,100,100604,100,99492,100,100687,100,99344,100,100697,100,99331,100
2019-06-28 10:07:40.000000000,100102,258,99892,158,100152,158,99825,158,100300,158,99786,158,100336,158,99728,158,100498,158,99657,158,100522,100,99631,100,100561,100,99623,100,100604,100,99492,100,100687,100,99344,100,100697,100,99331,100
2019-06-28 10:07:50.000000000,100102,492,99892,392,100152,100,99825,100,100300,100,99786,100,100336,100,99728,100,100498,100,99657,100,100522,100,99631,100,100561,100,99623,100,100604,100,99492,100,100687,100,99344,100,100697,100,99331,100
2019-06-28 10:08:00.000000000,100102,346,99892,246,100152,246,99825,246,100300,100,99786,100,100336,100,99728,100,100498,100,99657,100,100522,100,99631,100,100561,100,99623,100,100604,100,99492,100,100687,100,99344,100,100697,100,99331,100
2019-06-28 10:08:10.000000000,100102,346,99892,246,100152,246,99825,246,100300,100,99786,100,100336,100,99728,100,100498,100,99657,100,100522,100,99631,100,100561,100,99623,100,100604,100,99492,100,100687,100,99344,100,100697,100,99331,100
2019-06-28 10:08:20.000000000,100102,273,99892,173,100152,173,99825,173,100300,173,99786,173,100336,173,99728,173,100498,100,99657,100,100522,100,99631,100,100561,100,99623,100,100604,100,99492,100,100687,100,99344,100,100697,100,99331,100
2019-06-28 10:08:22.488152578,100102,273,99892,73,100152,173,99825,173,100300,173,99786,173,100336,173,99728,173,100498,100,99657,100,100522,100,99631,100,100604,100,99623,100,100687,100,99492,100,100697,100,99344,100,100828,100,99331,100
2019-06-28 10:08:30.000000000,100102,273,99825,173,100152,173,99786,173,100300,173,99728,173,100336,173,99657,173,100498,100,99631,100,100522,100,99623,100,100604,100,99492,100,100687,100,99344,100,100697,100,99331,100,100828,100,99322,100
2019-06-28 10:08:40.000000000,100102,346,99825,246,100152,246,99786,246,100300,100,99728,100,100336,100,99657,100,100498,100,99631,100,100522,100,99623,100,100604,100,99492,100,100687,100,99344,100,100697,100,99331,100,100828,100,99322,100
