,ask_price_1,ask_size_1,bid_price_1,bid_size_1,ask_price_2,ask_size_2,bid_price_2,bid_size_2,ask_price_3,ask_size_3,bid_price_3,bid_size_3,ask_price_4,ask_size_4,bid_price_4,bid_size_4,ask_price_5,ask_size_5,bid_price_5,bid_size_5,ask_price_6,ask_size_6,bid_price_6,bid_size_6,ask_price_7,ask_size_7,bid_price_7,bid_size_7,ask_price_8,ask_size_8,bid_price_8,bid_size_8,ask_price_9,ask_size_9,bid_price_9,bid_size_9,ask_price_10,ask_size_10,bid_price_10,bid_size_10
2019-06-28 09:30:00.000000000,,,99891,100,,,,,,,,,,,,,,,,,,,,,,,,,,,,,,,,,,,,
2019-06-28 09:30:00.000000001,100031,100,99891,100,,,,,,,,,,,,,,,,,,,,,,,,,,,,,,,,,,,,
2019-06-28 09:30:00.000000005,100031,100,99891,100,100077,100,,,,,,,,,,,,,,,,,,,,,,,,,,,,,,,,,,
2019-06-28 09:30:00.000000006,100031,100,99891,100,100077,100,99808,100,100091,100,,,,,,,,,,,,,,,,,,,,,,,,,,,,,,
2019-06-28 09:30:00.000000007,100031,100,99986,100,100077,100,99891,100,100091,100,99808,100,,,,,,,,,,,,,,,,,,,,,,,,,,,,
2019-06-28 09:30:00.000000010,100031,100,99891,100,100077,100,99808,100,100091,100,,,100133,100,,,,,,,,,,,,,,,,,,,,,,,,,,
2019-06-28 09:30:00.000000013,100031,100,99891,100,100077,100,99808,100,100083,100,,,100091,100,,,100133,100,,,,,,,,,,,,,,,,,,,,,,
2019-06-28 09:30:00.000000014,100031,100,99891,100,100066,100,99808,100,100077,100,,,100083,100,,,100091,100,,,100133,100,,,,,,,,,,,,,,,,,,
2019-06-28 09:30:00.000000017,100031,100,99970,100,100066,100,99891,100,100077,100,99808,100,100083,100,,,100091,100,,,100133,100,,,,,,,,,,,,,,,,,,
2019-06-28 09:30:00.000000018,100031,100,99970,100,100066,100,99960,100,100077,100,99891,100,100083,100,99808,100,100091,100,,,100133,100,,,,,,,,,,,,,,,,,,
2019-06-28 09:30:00.000000021,100031,100,99970,100,100063,100,99960,100,100066,100,99891,100,100077,100,99808,100,100083,100,,,100091,100,,,100133,100,,,,,,,,,,,,,,
2019-06-28 09:30:00.000000023,100063,100,99970,100,100066,100,99960,100,100077,100,99891,100,100083,100,99869,100,100091,100,99808,100,100133,100,,,,,,,,,,,,,,,,,,
2019-06-28 09:30:00.000000024,100063,100,99970,100,100066,100,99960,100,100077,100,99947,100,100083,100,99891,100,100091,100,99869,100,100133,100,99808,100,,,,,,,,,,,,,,,,
2019-06-28 09:30:00.000000027,100063,100,99970,100,100066,100,99960,100,100077,100,99947,100,100083,100,99891,100,100091,100,99869,100,100092,100,99808,100,100133,100,,,,,,,,,,,,,,
2019-06-28 09:30:00.000000029,100063,100,99970,100,100066,100,99960,100,100077,100,99947,100,100083,100,99945,100,100091,100,99891,100,100092,100,99869,100,100133,100,99808,100,,,,,,,,,,,,
2019-06-28 09:30:00.000000030,100063,100,99970,100,100066,100,99960,100,100077,100,99947,100,100083,100,99945,100,100087,100,99891,100,100091,100,99869,100,100092,100,99808,100,100133,100,,,,,,,,,,
2019-06-28 09:30:00.000000032,100063,100,99970,100,100066,100,99960,100,100077,100,99947,100,100083,100,99945,100,100087,100,99891,100,100091,100,99869,100,100092,100,99808,100,100130,100,,,100133,100,,,,,,
2019-06-28 09:30:00.000000035,100063,100,99970,100,100066,100,99960,100,100077,100,99947,100,100083,100,99945,100,100087,100,99891,100,100091,100,99869,100,100092,100,99865,100,100130,100,99808,100,100133,100,,,,,,
2019-06-28 09:30:00.000000036,100040,100,99970,100,100063,100,99960,100,100066,100,99947,100,100077,100,99945,100,100083,100,99891,100,100087,100,99869,100,100091,100,99865,100,100092,100,99808,100,100130,100,,,100133,100,,
2019-06-28 09:30:00.000000037,100040,100,99986,100,100063,100,99970,100,100066,100,99960,100,100077,100,99947,100,100083,100,99945,100,100087,100,99923,100,100091,100,99891,100,100092,100,99869,100,100130,100,99865,100,100133,100,99808,100
2019-06-28 09:30:00.000000038,100040,100,99986,200,100063,100,99970,100,100066,100,99960,100,100077,100,99947,100,100083,100,99945,100,100087,100,99923,100,100091,100,99891,100,100092,100,99869,100,100130,100,99865,100,100133,100,99808,100
2019-06-28 09:30:00.000000039,100031,100,99986,200,100040,100,99970,100,100063,100,99960,100,100066,100,99947,100,100077,100,99945,100,100083,100,99923,100,100087,100,99891,100,100091,100,99869,100,100092,100,99865,100,100130,100,99808,100
2019-06-28 09:30:00.000000044,100007,100,99986,200,100031,100,99970,100,100040,100,99960,100,100063,100,99947,100,100066,100,99945,100,100077,100,99923,100,100083,100,99891,100,100087,100,99869,100,100091,100,99865,100,100092,100,99808,100
2019-06-28 09:30:00.000000045,100007,100,99986,100,100031,100,99970,100,100040,100,99960,100,100063,100,99947,100,100066,100,99945,100,100077,100,99923,100,100083,100,99891,100,100087,100,99869,100,100091,100,99865,100,100092,100,99808,100
2019-06-28 09:30:00.000000047,100005,100,99986,100,100007,100,99985,100,100031,100,99970,100,100040,100,99960,100,100063,100,99947,100,100066,100,99945,100,100077,100,99923,100,100083,100,99891,100,100087,100,99869,100,100090,100,99865,100
2019-06-28 09:30:00.000000048,100005,100,99986,100,100007,100,99985,100,100031,100,99970,100,100040,100,99960,100,100063,100,99947,100,100066,100,99945,100,100077,100,99923,100,100083,100,99909,100,100087,100,99891,100,100090,100,99869,100
2019-06-28 09:30:00.000000049,100005,100,99987,100,100006,100,99986,100,100007,100,99985,100,100031,100,99970,100,100040,100,99960,100,100063,100,99947,100,100066,100,99945,100,100077,100,99923,100,100083,100,99909,100,100087,100,99891,100
2019-06-28 09:30:00.000000050,100005,100,99987,100,100006,100,99986,100,100007,100,99985,100,100030,100,99970,100,100031,100,99960,100,100040,100,99947,100,100063,100,99945,100,100066,100,99923,100,100077,100,99909,100,100083,100,99891,100
2019-06-28 09:30:00.000000052,100005,100,99987,100,100006,100,99986,100,100007,100,99985,100,100030,100,99978,100,100031,100,99970,100,100040,100,99960,100,100063,100,99947,100,100066,100,99945,100,100077,100,99923,100,100083,100,99909,100
2019-06-28 09:30:00.000000053,100005,100,99987,100,100006,100,99986,100,100007,100,99985,100,100030,100,99978,100,100031,100,99970,100,100040,100,99960,100,100063,100,99947,100,100066,100,99945,100,100077,100,99923,200,100083,100,99909,100
2019-06-28 09:30:00.000000058,100005,100,99987,100,100006,100,99986,100,100007,100,99985,100,100030,100,99978,100,100031,100,99970,100,100040,100,99960,100,100063,100,99947,100,100066,100,99945,100,100077,100,99923,200,100083,100,99909,100
2019-06-28 09:30:00.000000061,100005,100,99986,100,100006,100,99985,100,100007,100,99978,100,100030,100,99970,100,100031,100,99960,100,100040,100,99947,100,100063,100,99945,100,100066,100,99923,200,100077,100,99909,100,100083,100,99908,100
2019-06-28 09:30:00.000000067,100005,100,99986,100,100006,100,99985,100,100007,100,99978,100,100030,100,99970,100,100031,100,99960,100,100033,100,99947,100,100040,100,99945,100,100063,100,99923,200,100066,100,99909,100,100077,100,99908,100
2019-06-28 09:30:00.000000069,99987,100,99986,100,100005,100,99985,100,100006,100,99978,100,100007,100,99970,100,100030,100,99960,100,100031,100,99947,100,100033,100,99945,100,100040,100,99923,200,100063,100,99909,100,100066,100,99908,100
2019-06-28 09:30:00.000000070,99987,100,99986,100,100005,100,99985,100,100006,100,99978,100,100007,100,99970,100,100022,100,99960,100,100030,100,99947,100,100031,100,99945,100,100033,100,99923,200,100040,100,99909,100,100063,100,99908,100
2019-06-28 09:30:00.000000071,99987,100,99985,100,100005,100,99978,100,100006,100,99970,100,100007,100,99960,100,100022,100,99947,100,100030,100,99945,100,100031,100,99923,200,100033,100,99909,100,100040,100,99908,100,100063,100,99891,100
2019-06-28 09:30:00.000000075,99987,100,99985,100,100005,100,99978,100,100006,100,99970,100,100007,100,99960,100,100022,100,99947,100,100030,100,99945,100,100031,100,99923,200,100033,100,99909,100,100040,100,99908,100,100063,100,99891,100
2019-06-28 09:30:00.000000076,99987,100,99985,100,100005,100,99978,100,100006,100,99970,100,100007,100,99960,100,100022,100,99947,100,100030,100,99946,100,100031,100,99945,100,100033,100,99923,200,100040,100,99909,100,100063,100,99908,100
2019-06-28 09:30:00.000000078,99987,100,99985,100,100005,100,99978,100,100006,100,99970,100,100007,100,99960,100,100022,100,99947,100,100030,100,99946,100,100031,100,99945,100,100033,100,99923,200,100040,100,99909,100,100063,100,99908,100
2019-06-28 09:30:00.000000079,99986,100,99985,100,99987,100,99978,100,100005,100,99970,100,100006,100,99960,100,100007,100,99947,100,100022,100,99946,100,100030,100,99945,100,100031,100,99923,200,100033,100,99909,100,100040,100,99908,100
2019-06-28 09:30:00.000000082,99986,100,99985,100,99987,100,99978,100,100005,100,99970,100,100006,100,99960,100,100007,100,99947,100,100022,100,99946,100,100030,100,99945,100,100031,100,99923,200,100033,100,99909,100,100040,100,99908,100
2019-06-28 09:30:00.000000083,99987,100,99985,100,100005,100,99978,100,100006,100,99970,100,100007,100,99960,100,100022,100,99947,100,100030,100,99946,100,100031,100,99945,100,100033,100,99923,200,100040,100,99909,100,100063,100,99908,100
2019-06-28 09:30:00.000000085,99987,100,99985,100,100005,100,99978,100,100006,100,99970,100,100007,100,99960,100,100022,100,99947,100,100030,100,99946,100,100031,100,99945,100,100033,100,99923,200,100040,100,99909,100,100063,200,99908,100
2019-06-28 09:30:00.000000086,100005,100,99986,100,100006,100,99985,100,100007,100,99978,100,100022,100,99970,100,100030,100,99960,100,100031,100,99947,100,100033,100,99946,100,100040,100,99945,100,100063,200,99923,200,100066,100,99909,100
2019-06-28 09:30:00.000000087,100005,100,99985,100,100006,100,99978,100,100007,100,99970,100,100022,100,99960,100,100030,100,99954,100,100031,100,99947,100,100033,100,99946,100,100040,100,99945,100,100063,200,99923,200,100066,100,99909,100
2019-06-28 09:30:00.000000090,100005,100,99985,100,100006,100,99978,100,100007,100,99975,100,100022,100,99970,100,100030,100,99960,100,100031,100,99954,100,100033,100,99947,100,100035,100,99946,100,100040,100,99945,100,100063,200,99923,200
2019-06-28 09:30:00.000000095,100005,100,99985,100,100006,100,99978,100,100007,100,99975,100,100022,100,99970,100,100030,100,99960,100,100031,100,99954,100,100033,100,99947,100,100035,100,99946,100,100040,100,99945,100,100063,200,99923,200
2019-06-28 09:30:00.000000096,100006,100,99985,100,100007,100,99978,100,100022,100,99975,100,100030,100,99970,100,100031,100,99960,100,100033,100,99954,100,100035,100,99947,100,100040,100,99946,100,100063,200,99945,100,100066,100,99923,200
2019-06-28 09:30:00.000000099,100006,100,99985,100,100007,100,99978,100,100010,100,99975,100,100022,100,99970,100,100030,100,99960,100,100031,100,99954,100,100033,100,99947,100,100035,100,99946,100,100040,100,99945,100,100063,200,99923,200
2019-06-28 09:30:10.000000000,100006,179,99985,179,100007,179,99978,179,100010,179,99975,179,100022,179,99970,179,100030,179,99960,179,100031,100,99954,100,100033,100,99947,100,100035,100,99946,100,100040,100,99945,100,100063,200,99923,200
2019-06-28 09:30:20.000000000,100006,179,99985,179,100007,179,99978,179,100010,179,99975,179,100022,179,99970,179,100030,179,99960,179,100031,100,99954,100,100033,100,99947,100,100035,100,99946,100,100040,100,99945,100,100063,200,99923,200
2019-06-28 09:30:30.000000000,100006,496,99985,496,100007,100,99978,100,100010,100,99975,100,100022,100,99970,100,100030,100,99960,100,100031,100,99954,100,100033,100,99947,100,100035,100,99946,100,100040,100,99945,100,100063,200,99923,200
2019-06-28 09:30:40.000000000,100006,235,99985,235,100007,231,99978,231,100010,231,99975,231,100022,100,99970,100,100030,100,99960,100,100031,100,99954,100,100033,100,99947,100,100035,100,99946,100,100040,100,99945,100,100063,200,99923,200
2019-06-28 09:30:40.742517251,100006,135,99985,235,100007,231,99978,231,100010,231,99975,231,100022,100,99970,100,100030,100,99960,100,100031,100,99954,100,100033,100,99947,100,100035,100,99946,100,100040,100,99945,100,100063,200,99923,200
2019-06-28 09:30:50.000000000,100007,179,99985,179,100010,179,99978,179,100022,179,99975,179,100030,179,99970,179,100031,179,99960,179,100033,100,99954,100,100035,100,99947,100,100040,100,99946,100,100063,200,99945,100,100066,100,99923,200
2019-06-28 09:31:00.000000000,100007,235,99985,235,100010,231,99978,231,100022,231,99975,231,100030,100,99970,100,100031,100,99960,100,100033,100,99954,100,100035,100,99947,100,100040,100,99946,100,100063,200,99945,100,100066,100,99923,200
2019-06-28 09:31:05.453146705,100007,235,99985,235,100010,231,99978,231,100022,231,99975,231,100030,100,99970,100,100031,100,99960,100,100033,100,99954,100,100035,100,99947,100,100040,100,99946,100,100063,200,99945,100,100066,100,99923,200
2019-06-28 09:31:10.000000000,100007,298,99985,298,100010,298,99978,298,100022,100,99975,100,100030,100,99970,100,100031,100,99960,100,100033,100,99954,100,100035,100,99947,100,100040,100,99946,100,100063,200,99945,100,100066,100,99923,200
2019-06-28 09:31:17.023710689,100007,298,100005,100,100010,298,99985,298,100022,100,99978,298,100030,100,99975,100,100031,100,99970,100,100033,100,99960,100,100035,100,99954,100,100040,100,99947,100,100063,200,99946,100,100066,100,99945,100
2019-06-28 09:31:17.152544854,100007,198,100005,100,100010,298,99985,298,100022,100,99978,298,100030,100,99975,100,100031,100,99970,100,100033,100,99960,100,100035,100,99954,100,100040,100,99947,100,100063,200,99946,100,100066,100,99923,200
2019-06-28 09:31:20.000000000,100010,179,100005,179,100022,179,99985,179,100030,179,99978,179,100031,179,99975,179,100033,179,99970,179,100035,100,99960,100,100040,100,99954,100,100063,200,99947,100,100066,100,99946,100,100077,100,99923,200
2019-06-28 09:31:30.000000000,100010,179,100005,179,100022,179,99985,179,100030,179,99978,179,100031,179,99975,179,100033,179,99970,179,100035,100,99960,100,100040,100,99954,100,100063,200,99947,100,100066,100,99946,100,100077,100,99923,200
2019-06-28 09:31:30.629886602,100010,79,100005,179,100022,179,99985,179,100030,179,99978,179,100031,179,99975,179,100033,179,99970,179,100035,100,99960,100,100040,100,99954,100,100063,200,99947,100,100066,100,99946,100,100077,100,99923,200
2019-06-28 09:31:40.000000000,100022,298,100005,298,100030,298,99985,298,100031,100,99978,100,100033,100,99975,100,100035,100,99970,100,100040,100,99960,100,100063,200,99954,100,100066,100,99947,100,100077,100,99946,100,100083,100,99923,200
2019-06-28 09:31:49.902093019,100022,298,100007,100,100030,298,100005,298,100031,100,99985,298,100033,100,99978,100,100035,100,99975,100,100040,100,99970,100,100063,200,99960,100,100066,100,99954,100,100077,100,99947,100,100083,100,99946,100
2019-06-28 09:31:50.000000000,100022,179,100007,179,100030,179,100005,179,100031,179,99985,179,100033,179,99978,179,100035,179,99975,179,100040,100,99970,100,100063,200,99960,100,100066,100,99954,100,100077,100,99947,100,100083,100,99946,100
2019-06-28 09:32:00.000000000,100022,199,100007,199,100030,199,100005,199,100031,199,99985,199,100033,199,99978,199,100035,100,99975,100,100040,100,99970,100,100063,200,99960,100,100066,100,99954,100,100077,100,99947,100,100083,100,99946,100
2019-06-28 09:32:10.000000000,100022,496,100007,496,100030,100,100005,100,100031,100,99985,100,100033,100,99978,100,100035,100,99975,100,100040,100,99970,100,100063,200,99960,100,100066,100,99954,100,100077,100,99947,100,100083,100,99946,100
2019-06-28 09:32:16.781447827,100022,396,100007,496,100030,100,100005,100,100031,100,99985,100,100033,100,99978,100,100035,100,99975,100,100040,100,99970,100,100063,200,99960,100,100066,100,99954,100,100083,100,99947,100,100087,100,99946,100
2019-06-28 09:32:20.000000000,100030,298,100007,298,100031,298,100005,298,100033,100,99985,100,100035,100,99978,100,100040,100,99975,100,100063,200,99970,100,100066,100,99960,100,100083,100,99954,100,100087,100,99947,100,100090,100,99946,100
2019-06-28 09:32:30.000000000,100030,199,100007,199,100031,199,100005,199,100033,199,99985,199,100035,199,99978,199,100040,100,99975,100,100063,200,99970,100,100066,100,99960,100,100083,100,99954,100,100087,100,99947,100,100090,100,99946,100
2019-06-28 09:32:30.091926436,100030,199,100007,199,100031,199,100005,199,100033,199,99985,199,100035,199,99978,199,100040,100,99975,100,100063,200,99970,100,100066,100,99960,100,100083,100,99954,100,100087,100,99947,100,100090,100,99946,100
2019-06-28 09:32:37.947075112,100030,199,100007,199,100031,199,100005,199,100033,199,99985,199,100035,199,99978,199,100040,100,99975,100,100063,200,99970,100,100066,100,99960,100,100083,100,99954,100,100087,100,99947,100,100090,100,99946,100
2019-06-28 09:32:38.487559219,100030,99,100007,199,100031,199,100005,199,100033,199,99985,199,100035,199,99978,199,100040,100,99975,100,100063,200,99970,100,100066,100,99960,100,100083,100,99954,100,100087,100,99947,100,100090,100,99946,100
2019-06-28 09:32:39.131026572,100031,199,100030,1,100033,199,100007,199,100035,199,100005,199,100040,100,99985,199,100063,200,99978,199,100066,100,99975,100,100083,100,99970,100,100087,100,99960,100,100090,100,99954,100,100091,100,99946,100
2019-06-28 09:32:40.000000000,100031,298,100030,199,100033,298,100007,298,100035,100,100005,100,100040,100,99985,100,100063,200,99978,100,100066,100,99975,100,100083,100,99970,100,100087,100,99960,100,100090,100,99954,100,100091,100,99946,100
2019-06-28 09:32:46.213580176,100031,298,100030,299,100033,298,100007,298,100035,100,100005,100,100040,100,99985,100,100063,200,99978,100,100066,100,99975,100,100083,100,99970,100,100087,100,99960,100,100090,100,99954,100,100091,100,99946,100
2019-06-28 09:32:46.454162270,100031,298,100030,299,100033,298,100007,298,100035,100,100005,100,100040,100,99985,100,100063,200,99978,100,100066,100,99975,100,100083,100,99970,100,100087,100,99960,100,100090,100,99954,100,100091,100,99946,100
2019-06-28 09:32:50.000000000,100031,199,100030,200,100033,199,100007,199,100035,199,100005,199,100040,199,99985,199,100063,200,99978,100,100066,100,99975,100,100083,100,99970,100,100087,100,99960,100,100090,100,99954,100,100091,100,99946,100
2019-06-28 09:33:00.000000000,100031,199,100030,200,100033,199,100007,199,100035,199,100005,199,100040,199,99985,199,100063,200,99978,100,100066,100,99975,100,100083,100,99970,100,100087,100,99960,100,100090,100,99954,100,100091,100,99946,100
2019-06-28 09:33:10.000000000,100031,298,100030,299,100033,298,100007,298,100035,100,100005,100,100040,100,99985,100,100063,200,99978,100,100066,100,99975,100,100083,100,99970,100,100087,100,99960,100,100090,100,99954,100,100091,100,99946,100
2019-06-28 09:33:16.067623895,100031,298,100030,299,100033,298,100007,298,100035,100,100005,100,100040,100,99985,100,100063,200,99978,100,100066,100,99975,100,100083,100,99970,100,100087,100,99960,100,100090,100,99954,100,100091,100,99923,200
2019-06-28 09:33:20.000000000,100031,199,100030,200,100033,199,100007,199,100035,199,100005,199,100040,199,99985,199,100063,200,99978,100,100066,100,99975,100,100083,100,99970,100,100087,100,99960,100,100090,100,99954,100,100091,100,99923,200
2019-06-28 09:33:30.000000000,100031,298,100030,299,100033,298,100007,298,100035,100,100005,100,100040,100,99985,100,100063,200,99978,100,100066,100,99975,100,100083,100,99970,100,100087,100,99960,100,100090,100,99954,100,100091,100,99923,200
2019-06-28 09:33:31.607477333,100031,198,100030,299,100033,298,100007,298,100035,100,100005,100,100040,100,99985,100,100063,200,99978,100,100066,100,99975,100,100083,100,99970,100,100087,100,99960,100,100090,100,99954,100,100091,100,99923,200
2019-06-28 09:33:32.913962353,100031,98,100030,299,100033,298,100007,298,100035,100,100005,100,100040,100,99985,100,100063,200,99978,100,100066,100,99975,100,100083,100,99970,100,100087,100,99960,100,100090,100,99954,100,100091,100,99923,200
2019-06-28 09:33:40.000000000,100033,298,100030,299,100035,298,100007,298,100040,100,100005,100,100063,200,99985,100,100066,100,99978,100,100083,100,99975,100,100087,100,99970,100,100090,100,99960,100,100091,100,99954,100,100092,100,99923,200
2019-06-28 09:33:50.000000000,100033,496,100030,497,100035,100,100007,100,100040,100,100005,100,100063,200,99985,100,100066,100,99978,100,100083,100,99975,100,100087,100,99970,100,100090,100,99960,100,100091,100,99954,100,100092,100,99923,200
2019-06-28 09:33:54.482117904,100033,496,100031,100,100035,100,100030,497,100040,100,100007,100,100063,200,100005,100,100066,100,99985,100,100083,100,99978,100,100087,100,99975,100,100090,100,99970,100,100091,100,99960,100,100092,100,99954,100
2019-06-28 09:34:00.000000000,100033,496,100031,496,100035,100,100030,101,100040,100,100007,100,100063,200,100005,100,100066,100,99985,100,100083,100,99978,100,100087,100,99975,100,100090,100,99970,100,100091,100,99960,100,100092,100,99954,100
2019-06-28 09:34:10.000000000,100033,496,100031,496,100035,100,100030,101,100040,100,100007,100,100063,200,100005,100,100066,100,99985,100,100083,100,99978,100,100087,100,99975,100,100090,100,99970,100,100091,100,99960,100,100092,100,99954,100
2019-06-28 09:34:10.421888448,100033,496,100031,496,100035,100,100030,101,100040,100,100007,100,100063,200,100005,100,100066,100,99985,100,100083,100,99978,100,100087,100,99975,100,100090,100,99970,100,100091,100,99960,100,100092,100,99954,100
2019-06-28 09:34:18.578315889,100033,496,100031,596,100035,100,100030,101,100040,100,100007,100,100063,200,100005,100,100066,100,99985,100,100083,100,99978,100,100087,100,99975,100,100090,100,99970,100,100091,100,99960,100,100092,100,99954,100
2019-06-28 09:34:20.000000000,100033,298,100031,398,100035,298,100030,299,100040,100,100007,100,100063,200,100005,100,100066,100,99985,100,100083,100,99978,100,100087,100,99975,100,100090,100,99970,100,100091,100,99960,100,100092,100,99954,100
2019-06-28 09:34:27.564454436,100033,298,100031,498,100035,298,100030,299,100040,100,100007,100,100063,200,100005,100,100066,100,99985,100,100083,100,99978,100,100087,100,99975,100,100090,100,99970,100,100091,100,99960,100,100092,100,99954,100
2019-06-28 09:34:30.000000000,100033,235,100031,435,100035,231,100030,232,100040,231,100007,231,100063,200,100005,100,100066,100,99985,100,100083,100,99978,100,100087,100,99975,100,100090,100,99970,100,100091,100,99960,100,100092,100,99954,100
2019-06-28 09:34:31.713258678,100033,135,100031,435,100035,231,100030,232,100040,231,100007,231,100063,200,100005,100,100066,100,99985,100,100083,100,99978,100,100087,100,99975,100,100090,100,99970,100,100091,100,99960,100,100092,100,99954,100
2019-06-28 09:34:40.000000000,100035,496,100031,696,100040,100,100030,101,100063,200,100007,100,100066,100,100005,100,100083,100,99985,100,100087,100,99978,100,100090,100,99975,100,100091,100,99970,100,100092,100,99960,100,100116,100,99954,100
2019-06-28 09:34:50.000000000,100035,179,100031,379,100040,179,100030,180,100063,279,100007,179,100066,179,100005,179,100083,179,99985,179,100087,100,99978,100,100090,100,99975,100,100091,100,99970,100,100092,100,99960,100,100116,100,99954,100
2019-06-28 09:34:55.676314418,100035,79,100031,379,100040,179,100030,180,100063,279,100007,179,100066,179,100005,179,100083,179,99985,179,100087,100,99978,100,100090,100,99975,100,100091,100,99970,100,100092,100,99960,100,100116,100,99954,100
2019-06-28 09:35:00.000000000,100040,199,100031,399,100063,299,100030,200,100066,199,100007,199,100083,199,100005,199,100087,100,99985,100,100090,100,99978,100,100091,100,99975,100,100092,100,99970,100,100116,100,99960,100,100197,100,99954,100
2019-06-28 09:35:01.662900653,100040,99,100031,399,100063,299,100030,200,100066,199,100007,199,100083,199,100005,199,100087,100,99985,100,100090,100,99978,100,100091,100,99975,100,100092,100,99970,100,100116,100,99960,100,100197,100,99954,100
2019-06-28 09:35:02.397659873,100040,99,100031,399,100063,299,100030,200,100066,199,100007,199,100083,199,100005,199,100087,100,99985,100,100090,100,99978,100,100091,100,99975,100,100092,100,99970,100,100116,100,99960,100,100197,100,99954,100
2019-06-28 09:35:10.000000000,100063,335,100031,435,100066,231,100030,232,100083,231,100007,231,100087,100,100005,100,100090,100,99985,100,100091,100,99978,100,100092,100,99975,100,100116,100,99970,100,100197,100,99960,100,100568,100,99954,100
2019-06-28 09:35:20.000000000,100063,596,100031,696,100066,100,100030,101,100083,100,100007,100,100087,100,100005,100,100090,100,99985,100,100091,100,99978,100,100092,100,99975,100,100116,100,99970,100,100197,100,99960,100,100568,100,99954,100
2019-06-28 09:35:20.404817878,100063,596,100035,100,100066,100,100031,596,100083,100,100030,101,100087,100,100007,100,100090,100,100005,100,100091,100,99985,100,100092,100,99978,100,100116,100,99975,100,100197,100,99970,100,100568,100,99960,100
2019-06-28 09:35:30.000000000,100063,279,100035,179,100066,179,100031,279,100083,179,100030,180,100087,179,100007,179,100090,179,100005,179,100091,100,99985,100,100092,100,99978,100,100116,100,99975,100,100197,100,99970,100,100568,100,99960,100
2019-06-28 09:35:40.000000000,100063,299,100035,199,100066,199,100031,299,100083,199,100030,200,100087,199,100007,199,100090,100,100005,100,100091,100,99985,100,100092,100,99978,100,100116,100,99975,100,100197,100,99970,100,100568,100,99960,100
2019-06-28 09:35:50.000000000,100063,596,100035,496,100066,100,100031,200,100083,100,100030,101,100087,100,100007,100,100090,100,100005,100,100091,100,99985,100,100092,100,99978,100,100116,100,99975,100,100197,100,99970,100,100568,100,99960,100
2019-06-28 09:36:00.000000000,100063,299,100035,199,100066,199,100031,299,100083,199,100030,200,100087,199,100007,199,100090,100,100005,100,100091,100,99985,100,100092,100,99978,100,100116,100,99975,100,100197,100,99970,100,100568,100,99960,100
2019-06-28 09:36:00.600577186,100063,199,100035,199,100066,199,100031,299,100083,199,100030,200,100087,199,100007,199,100090,100,100005,100,100091,100,99985,100,100092,100,99978,100,100116,100,99970,100,100197,100,99960,100,100568,100,99954,100
2019-06-28 09:36:05.891167508,100063,99,100035,199,100066,199,100031,299,100083,199,100030,200,100087,199,100007,199,100090,100,100005,100,100091,100,99985,100,100092,100,99978,100,100116,100,99970,100,100197,100,99960,100,100568,100,99954,100
2019-06-28 09:36:10.000000000,100066,298,100035,298,100083,298,100031,398,100087,100,100030,101,100090,100,100007,100,100091,100,100005,100,100092,100,99985,100,100116,100,99978,100,100197,100,99970,100,100568,100,99960,100,100660,100,99954,100
2019-06-28 09:36:13.591234417,100066,198,100035,298,100083,298,100031,398,100087,100,100030,101,100090,100,100007,100,100091,100,100005,100,100092,100,99985,100,100116,100,99978,100,100197,100,99970,100,100568,100,99960,100,100660,100,99954,100
2019-06-28 09:36:18.258751730,100066,98,100035,298,100083,298,100031,398,100087,100,100030,101,100090,100,100007,100,100091,100,100005,100,100092,100,99985,100,100116,100,99978,100,100197,100,99970,100,100568,100,99960,100,100660,100,99954,100
2019-06-28 09:36:19.978403007,100066,98,100035,298,100083,298,100031,398,100087,100,100030,101,100090,100,100007,100,100091,100,100005,100,100092,100,99985,100,100116,100,99978,100,100197,100,99970,100,100461,100,99954,100,100568,100,99909,100
2019-06-28 09:36:20.000000000,100083,298,100035,298,100087,298,100031,398,100090,100,100030,101,100091,100,100007,100,100092,100,100005,100,100116,100,99985,100,100197,100,99978,100,100461,100,99970,100,100568,100,99954,100,100660,100,99909,100
2019-06-28 09:36:23.026206541,100083,298,100035,298,100087,298,100031,398,100090,100,100030,101,100091,100,100007,100,100092,100,99985,100,100116,100,99978,100,100197,100,99970,100,100461,100,99954,100,100568,100,99909,100,100660,100,99891,100
2019-06-28 09:36:25.080348218,100083,298,100066,100,100087,298,100035,298,100090,100,100031,398,100091,100,100030,101,100092,100,100007,100,100116,100,99985,100,100197,100,99978,100,100461,100,99970,100,100568,100,99954,100,100660,100,99909,100
2019-06-28 09:36:30.000000000,100083,496,100066,496,100087,100,100035,100,100090,100,100031,200,100091,100,100030,101,100092,100,100007,100,100116,100,99985,100,100197,100,99978,100,100461,100,99970,100,100568,100,99954,100,100660,100,99909,100
2019-06-28 09:36:40.000000000,100083,496,100066,496,100087,100,100035,100,100090,100,100031,200,100091,100,100030,101,100092,100,100007,100,100116,100,99985,100,100197,100,99978,100,100461,100,99970,100,100568,100,99954,100,100660,100,99909,100
2019-06-28 09:36:43.394487924,100083,396,100066,496,100087,100,100035,100,100090,100,100031,200,100091,100,100030,101,100092,100,100007,100,100197,100,99985,100,100461,100,99978,100,100568,100,99970,100,100660,100,99954,100,100737,100,99909,100
2019-06-28 09:36:44.559720605,100083,296,100066,496,100087,100,100035,100,100090,100,100031,200,100091,100,100030,101,100092,100,100007,100,100197,100,99985,100,100461,100,99978,100,100568,100,99970,100,100660,100,99954,100,100737,100,99909,100
2019-06-28 09:36:50.000000000,100087,496,100066,496,100090,100,100035,100,100091,100,100031,200,100092,100,100030,101,100197,100,100007,100,100461,100,99985,100,100568,100,99978,100,100660,100,99970,100,100737,100,99954,100,100859,100,99909,100
2019-06-28 09:37:00.000000000,100087,199,100066,199,100090,199,100035,199,100091,199,100031,299,100092,199,100030,200,100197,100,100007,100,100461,100,99985,100,100568,100,99978,100,100660,100,99970,100,100737,100,99954,100,100859,100,99909,100
2019-06-28 09:37:01.874053580,100087,199,100066,199,100090,199,100035,199,100091,199,100031,299,100092,199,100030,200,100197,100,100007,100,100461,100,99985,100,100568,100,99978,100,100660,100,99970,100,100693,100,99954,100,100737,100,99909,100
2019-06-28 09:37:10.000000000,100087,179,100066,179,100090,179,100035,179,100091,179,100031,279,100092,179,100030,180,100197,179,100007,179,100461,100,99985,100,100568,100,99978,100,100660,100,99970,100,100693,100,99954,100,100737,100,99909,100
2019-06-28 09:37:20.000000000,100087,298,100066,298,100090,298,100035,298,100091,100,100031,200,100092,100,100030,101,100197,100,100007,100,100461,100,99985,100,100568,100,99978,100,100660,100,99970,100,100693,100,99954,100,100737,100,99909,100
2019-06-28 09:37:30.000000000,100087,235,100066,235,100090,231,100035,231,100091,231,100031,331,100092,100,100030,101,100197,100,100007,100,100461,100,99985,100,100568,100,99978,100,100660,100,99970,100,100693,100,99954,100,100737,100,99909,100
2019-06-28 09:37:37.791164646,100087,235,100066,235,100090,231,100035,231,100091,231,100031,331,100092,100,100030,101,100197,100,100007,100,100359,100,99985,100,100461,100,99978,100,100568,100,99970,100,100660,100,99954,100,100693,100,99909,100
2019-06-28 09:37:40.000000000,100087,235,100066,235,100090,231,100035,231,100091,231,100031,331,100092,100,100030,101,100197,100,100007,100,100359,100,99985,100,100461,100,99978,100,100568,100,99970,100,100660,100,99954,100,100693,100,99909,100
2019-06-28 09:37:43.658297042,100087,135,100066,235,100090,231,100035,231,100091,231,100031,331,100092,100,100030,101,100197,100,100007,100,100359,100,99985,100,100461,100,99978,100,100568,100,99970,100,100660,100,99954,100,100693,100,99909,100
2019-06-28 09:37:50.000000000,100090,199,100066,199,100091,199,100035,199,100092,199,100031,299,100197,199,100030,200,100359,100,100007,100,100461,100,99985,100,100568,100,99978,100,100660,100,99970,100,100693,100,99954,100,100737,100,99909,100
2019-06-28 09:38:00.000000000,100090,496,100066,496,100091,100,100035,100,100092,100,100031,200,100197,100,100030,101,100359,100,100007,100,100461,100,99985,100,100568,100,99978,100,100660,100,99970,100,100693,100,99954,100,100737,100,99909,100
2019-06-28 09:38:08.442615591,100090,496,100066,496,100091,100,100035,100,100092,100,100031,200,100197,100,100030,101,100318,100,100007,100,100359,100,99985,100,100461,100,99978,100,100568,100,99970,100,100660,100,99954,100,100693,100,99909,100
2019-06-28 09:38:10.000000000,100090,179,100066,179,100091,179,100035,179,100092,179,100031,279,100197,179,100030,180,100318,179,100007,179,100359,100,99985,100,100461,100,99978,100,100568,100,99970,100,100660,100,99954,100,100693,100,99909,100
2019-06-28 09:38:20.000000000,100090,235,100066,235,100091,231,100035,231,100092,231,100031,331,100197,100,100030,101,100318,100,100007,100,100359,100,99985,100,100461,100,99978,100,100568,100,99970,100,100660,100,99954,100,100693,100,99909,100
2019-06-28 09:38:28.533015684,100090,235,100066,235,100091,231,100035,231,100092,231,100031,331,100197,100,100030,101,100318,100,100007,100,100359,100,99985,100,100461,100,99978,100,100568,100,99970,100,100578,100,99954,100,100660,100,99909,100
2019-06-28 09:38:30.000000000,100090,496,100066,496,100091,100,100035,100,100092,100,100031,200,100197,100,100030,101,100318,100,100007,100,100359,100,99985,100,100461,100,99978,100,100568,100,99970,100,100578,100,99954,100,100660,100,99909,100
2019-06-28 09:38:39.993120918,100090,396,100066,496,100091,100,100035,100,100092,100,100031,200,100197,100,100030,101,100318,100,100007,100,100359,100,99985,100,100461,100,99978,100,100568,100,99970,100,100578,100,99954,100,100660,100,99909,100
2019-06-28 09:38:40.000000000,100091,179,100066,179,100092,179,100035,179,100197,179,100031,279,100318,179,100030,180,100359,179,100007,179,100461,100,99985,100,100568,100,99978,100,100578,100,99970,100,100660,100,99954,100,100693,100,99909,100
2019-06-28 09:38:50.000000000,100091,496,100066,496,100092,100,100035,100,100197,100,100031,200,100318,100,100030,101,100359,100,100007,100,100461,100,99985,100,100568,100,99978,100,100578,100,99970,100,100660,100,99954,100,100693,100,99909,100
2019-06-28 09:38:50.932388140,100091,496,100066,496,100092,100,100035,100,100197,100,100031,200,100318,100,100030,101,100359,100,100007,100,100461,100,99985,100,100555,100,99978,100,100568,100,99970,100,100578,100,99954,100,100660,100,99909,100
2019-06-28 09:38:52.762946240,100091,396,100066,496,100092,100,100035,100,100197,100,100031,200,100318,100,100030,101,100359,100,100007,100,100461,100,99985,100,100555,100,99978,100,100568,100,99970,100,100578,100,99954,100,100660,100,99909,100
2019-06-28 09:39:00.000000000,100092,179,100066,179,100197,179,100035,179,100318,179,100031,279,100359,179,100030,180,100461,179,100007,179,100555,100,99985,100,100568,100,99978,100,100578,100,99970,100,100660,100,99954,100,100693,100,99909,100
2019-06-28 09:39:07.364051304,100092,179,100066,179,100197,179,100035,179,100318,179,100031,279,100359,179,100030,180,100445,100,100007,179,100461,179,99985,100,100555,100,99978,100,100568,100,99970,100,100578,100,99954,100,100660,100,99909,100
2019-06-28 09:39:10.000000000,100092,235,100066,235,100197,231,100035,231,100318,231,100031,331,100359,100,100030,101,100445,100,100007,100,100461,100,99985,100,100555,100,99978,100,100568,100,99970,100,100578,100,99954,100,100660,100,99909,100
2019-06-28 09:39:20.000000000,100092,298,100066,298,100197,298,100035,298,100318,100,100031,200,100359,100,100030,101,100445,100,100007,100,100461,100,99985,100,100555,100,99978,100,100568,100,99970,100,100578,100,99954,100,100660,100,99909,100
2019-06-28 09:39:21.348132299,100092,298,100090,100,100197,298,100066,298,100318,100,100035,298,100359,100,100031,200,100445,100,100030,101,100461,100,100007,100,100555,100,99985,100,100568,100,99978,100,100578,100,99970,100,100660,100,99954,100
2019-06-28 09:39:30.000000000,100092,235,100090,235,100197,231,100066,231,100318,231,100035,231,100359,100,100031,200,100445,100,100030,101,100461,100,100007,100,100555,100,99985,100,100568,100,99978,100,100578,100,99970,100,100660,100,99954,100
2019-06-28 09:39:30.495525317,100092,235,100090,235,100197,231,100066,231,100318,231,100035,231,100359,100,100031,200,100445,100,100030,101,100461,100,100007,100,100481,100,99985,100,100555,100,99978,100,100568,100,99970,100,100578,100,99954,100
2019-06-28 09:39:40.000000000,100092,496,100090,496,100197,100,100066,100,100318,100,100035,100,100359,100,100031,200,100445,100,100030,101,100461,100,100007,100,100481,100,99985,100,100555,100,99978,100,100568,100,99970,100,100578,100,99954,100
2019-06-28 09:39:45.043890110,100092,396,100090,496,100197,100,100066,100,100318,100,100035,100,100359,100,100031,200,100445,100,100030,101,100461,100,100007,100,100481,100,99985,100,100555,100,99978,100,100568,100,99970,100,100578,100,99954,100
2019-06-28 09:39:48.209809802,100092,296,100090,496,100197,100,100066,100,100318,100,100035,100,100359,100,100031,200,100445,100,100030,101,100461,100,100007,100,100481,100,99985,100,100555,100,99978,100,100568,100,99970,100,100578,100,99954,100
2019-06-28 09:39:50.000000000,100197,179,100090,179,100318,179,100066,179,100359,179,100035,179,100445,179,100031,279,100461,179,100030,180,100481,100,100007,100,100555,100,99985,100,100568,100,99978,100,100578,100,99970,100,100660,100,99954,100
2019-06-28 09:40:00.000000000,100197,179,100090,179,100318,179,100066,179,100359,179,100035,179,100445,179,100031,279,100461,179,100030,180,100481,100,100007,100,100555,100,99985,100,100568,100,99978,100,100578,100,99970,100,100660,100,99954,100
2019-06-28 09:40:10.000000000,100197,199,100090,199,100318,199,100066,199,100359,199,100035,199,100445,199,100031,299,100461,100,100030,101,100481,100,100007,100,100555,100,99985,100,100568,100,99978,100,100578,100,99970,100,100660,100,99954,100
2019-06-28 09:40:18.251115204,100197,199,100092,100,100318,199,100090,199,100359,199,100066,199,100445,199,100035,199,100461,100,100031,299,100481,100,100030,101,100555,100,100007,100,100568,100,99985,100,100578,100,99978,100,100660,100,99970,100
2019-06-28 09:40:20.000000000,100197,496,100092,496,100318,100,100090,100,100359,100,100066,100,100445,100,100035,100,100461,100,100031,200,100481,100,100030,101,100555,100,100007,100,100568,100,99985,100,100578,100,99978,100,100660,100,99970,100
2019-06-28 09:40:30.000000000,100197,179,100092,179,100318,179,100090,179,100359,179,100066,179,100445,179,100035,179,100461,179,100031,279,100481,100,100030,101,100555,100,100007,100,100568,100,99985,100,100578,100,99978,100,100660,100,99970,100
2019-06-28 09:40:38.717671867,100197,79,100092,179,100318,179,100090,179,100359,179,100066,179,100445,179,100035,179,100461,179,100031,279,100481,100,100030,101,100555,100,100007,100,100568,100,99985,100,100578,100,99978,100,100660,100,99970,100
2019-06-28 09:40:40.000000000,100318,199,100092,199,100359,199,100090,199,100445,199,100066,199,100461,199,100035,199,100481,100,100031,200,100555,100,100030,101,100568,100,100007,100,100578,100,99985,100,100660,100,99978,100,100693,100,99970,100
2019-06-28 09:40:50.000000000,100318,298,100092,298,100359,298,100090,298,100445,100,100066,100,100461,100,100035,100,100481,100,100031,200,100555,100,100030,101,100568,100,100007,100,100578,100,99985,100,100660,100,99978,100,100693,100,99970,100
2019-06-28 09:40:55.616297907,100318,198,100092,298,100359,198,100090,298,100445,100,100066,100,100461,100,100035,100,100481,100,100031,200,100555,100,100030,101,100568,100,100007,100,100578,100,99985,100,100660,100,99978,100,100693,100,99970,100
2019-06-28 09:41:00.000000000,100445,298,100092,298,100461,298,100090,298,100481,100,100066,100,100555,100,100035,100,100568,100,100031,200,100578,100,100030,101,100660,100,100007,100,100693,100,99985,100,100737,100,99978,100,100859,100,99970,100
2019-06-28 09:41:07.752811531,100445,198,100092,298,100461,298,100090,298,100481,100,100066,100,100555,100,100035,100,100568,100,100031,200,100578,100,100030,101,100660,100,100007,100,100693,100,99985,100,100737,100,99970,100,100859,100,99954,100
2019-06-28 09:41:10.000000000,100461,199,100092,199,100481,199,100090,199,100555,199,100066,199,100568,199,100035,199,100578,100,100031,200,100660,100,100030,101,100693,100,100007,100,100737,100,99985,100,100859,100,99970,100,101055,100,99954,100
2019-06-28 09:41:16.383917348,100461,199,100092,199,100481,199,100090,199,100555,199,100066,199,100568,199,100035,199,100578,100,100031,200,100597,100,100030,101,100660,100,100007,100,100693,100,99985,100,100737,100,99970,100,100859,100,99954,100
2019-06-28 09:41:20.000000000,100461,496,100092,496,100481,100,100090,100,100555,100,100066,100,100568,100,100035,100,100578,100,100031,200,100597,100,100030,101,100660,100,100007,100,100693,100,99985,100,100737,100,99970,100,100859,100,99954,100
2019-06-28 09:41:30.000000000,100461,199,100092,199,100481,199,100090,199,100555,199,100066,199,100568,199,100035,199,100578,100,100031,200,100597,100,100030,101,100660,100,100007,100,100693,100,99985,100,100737,100,99970,100,100859,100,99954,100
2019-06-28 09:41:40.000000000,100461,496,100092,496,100481,100,100090,100,100555,100,100066,100,100568,100,100035,100,100578,100,100031,200,100597,100,100030,101,100660,100,100007,100,100693,100,99985,100,100737,100,99970,100,100859,100,99954,100
2019-06-28 09:41:40.329093971,100461,496,100318,100,100481,100,100092,396,100555,100,100090,100,100568,100,100066,100,100578,100,100035,100,100597,100,100031,200,100660,100,100030,101,100693,100,100007,100,100737,100,99985,100,100859,100,99970,100
2019-06-28 09:41:47.674714756,100461,496,100318,200,100481,100,100092,396,100555,100,100090,100,100568,100,100066,100,100578,100,100035,100,100597,100,100031,200,100660,100,100030,101,100693,100,100007,100,100737,100,99985,100,100859,100,99970,100
2019-06-28 09:41:50.000000000,100461,199,100318,299,100481,199,100090,199,100555,199,100066,199,100568,199,100035,199,100578,100,100031,200,100597,100,100030,101,100660,100,100007,100,100693,100,99985,100,100737,100,99970,100,100859,100,99954,100
2019-06-28 09:42:00.000000000,100461,235,100318,335,100481,231,100090,231,100555,231,100066,231,100568,100,100035,100,100578,100,100031,200,100597,100,100030,101,100660,100,100007,100,100693,100,99985,100,100737,100,99970,100,100859,100,99954,100
2019-06-28 09:42:10.000000000,100461,235,100318,335,100481,231,100090,231,100555,231,100066,231,100568,100,100035,100,100578,100,100031,200,100597,100,100030,101,100660,100,100007,100,100693,100,99985,100,100737,100,99970,100,100859,100,99954,100
2019-06-28 09:42:20.000000000,100461,235,100318,335,100481,231,100090,231,100555,231,100066,231,100568,100,100035,100,100578,100,100031,200,100597,100,100030,101,100660,100,100007,100,100693,100,99985,100,100737,100,99970,100,100859,100,99954,100
2019-06-28 09:42:25.382526008,100444,100,100318,335,100461,235,100090,231,100481,231,100066,231,100555,231,100035,100,100568,100,100031,200,100578,100,100030,101,100597,100,100007,100,100660,100,99985,100,100693,100,99970,100,100737,100,99954,100
2019-06-28 09:42:27.449626827,100444,100,100398,100,100461,235,100318,335,100481,231,100090,231,100555,231,100066,231,100568,100,100035,100,100578,100,100031,200,100597,100,100030,101,100660,100,100007,100,100693,100,99985,100,100737,100,99970,100
2019-06-28 09:42:30.000000000,100444,179,100398,179,100461,179,100318,279,100481,179,100090,179,100555,179,100066,179,100568,179,100035,179,100578,100,100031,200,100597,100,100030,101,100660,100,100007,100,100693,100,99985,100,100737,100,99970,100
2019-06-28 09:42:40.000000000,100444,179,100398,179,100461,179,100318,279,100481,179,100090,179,100555,179,100066,179,100568,179,100035,179,100578,100,100031,200,100597,100,100030,101,100660,100,100007,100,100693,100,99985,100,100737,100,99970,100
2019-06-28 09:42:42.055119001,100444,179,100398,179,100461,179,100318,279,100481,179,100298,100,100555,179,100090,179,100568,179,100066,179,100578,100,100035,179,100597,100,100031,200,100660,100,100030,101,100693,100,100007,100,100737,100,99985,100
2019-06-28 09:42:50.000000000,100444,179,100398,179,100461,179,100318,279,100481,179,100298,179,100555,179,100090,179,100568,179,100066,179,100578,100,100035,100,100597,100,100031,200,100660,100,100030,101,100693,100,100007,100,100737,100,99985,100
2019-06-28 09:43:00.000000000,100444,496,100398,496,100461,100,100318,200,100481,100,100298,100,100555,100,100090,100,100568,100,100066,100,100578,100,100035,100,100597,100,100031,200,100660,100,100030,101,100693,100,100007,100,100737,100,99985,100
2019-06-28 09:43:00.985117299,100444,496,100398,496,100461,100,100318,200,100481,100,100298,100,100555,100,100090,100,100568,100,100066,100,100578,100,100035,100,100597,100,100031,200,100660,100,100030,101,100693,100,100007,100,100737,100,99985,100
2019-06-28 09:43:04.564715946,100444,496,100398,396,100461,100,100318,200,100481,100,100298,100,100555,100,100090,100,100568,100,100066,100,100578,100,100035,100,100597,100,100031,200,100660,100,100030,101,100693,100,100007,100,100737,100,99985,100
2019-06-28 09:43:04.923857632,100444,496,100398,396,100461,100,100318,200,100481,100,100298,100,100555,100,100090,100,100568,100,100066,100,100578,100,100035,100,100597,100,100031,100,100660,100,100030,101,100693,100,100007,100,100737,100,99985,100
2019-06-28 09:43:10.000000000,100444,235,100318,335,100461,231,100298,231,100481,231,100090,231,100555,100,100066,100,100568,100,100035,100,100578,100,100031,100,100597,100,100030,101,100660,100,100007,100,100693,100,99985,100,100737,100,99970,100
2019-06-28 09:43:20.000000000,100444,496,100318,596,100461,100,100298,100,100481,100,100090,100,100555,100,100066,100,100568,100,100035,100,100578,100,100031,100,100597,100,100030,101,100660,100,100007,100,100693,100,99985,100,100737,100,99970,100
2019-06-28 09:43:30.000000000,100444,199,100318,299,100461,199,100298,199,100481,199,100090,199,100555,199,100066,199,100568,100,100035,100,100578,100,100031,100,100597,100,100030,101,100660,100,100007,100,100693,100,99985,100,100737,100,99970,100
2019-06-28 09:43:37.861260588,100443,100,100318,299,100444,199,100298,199,100461,199,100090,99,100481,199,100066,199,100555,199,100035,100,100568,100,100031,100,100578,100,100030,101,100597,100,100007,100,100660,100,99985,100,100693,100,99970,100
2019-06-28 09:43:40.000000000,100443,235,100318,335,100444,231,100298,231,100461,231,100066,231,100481,100,100035,100,100555,100,100031,100,100568,100,100030,101,100578,100,100007,100,100597,100,99985,100,100660,100,99970,100,100693,100,99954,100
2019-06-28 09:43:40.263854857,100443,235,100318,235,100444,231,100298,231,100461,231,100066,231,100481,100,100035,100,100555,100,100031,100,100568,100,100030,101,100578,100,100007,100,100597,100,99985,100,100660,100,99970,100,100693,100,99954,100
2019-06-28 09:43:50.000000000,100443,298,100318,298,100444,298,100298,298,100461,100,100066,100,100481,100,100035,100,100555,100,100031,100,100568,100,100030,101,100578,100,100007,100,100597,100,99985,100,100660,100,99970,100,100693,100,99954,100
2019-06-28 09:43:57.158278225,100443,298,100318,298,100444,298,100298,298,100461,100,100066,100,100481,100,100035,100,100555,100,100031,100,100568,100,100030,101,100578,100,100007,100,100597,100,99985,100,100660,100,99970,100,100693,100,99954,100
2019-06-28 09:44:00.000000000,100443,199,100318,199,100444,199,100298,199,100461,199,100066,199,100481,199,100035,199,100555,100,100031,100,100568,100,100030,101,100578,100,100007,100,100597,100,99985,100,100660,100,99970,100,100693,100,99954,100
2019-06-28 09:44:10.000000000,100443,235,100318,235,100444,231,100298,231,100461,231,100066,231,100481,100,100035,100,100555,100,100031,100,100568,100,100030,101,100578,100,100007,100,100597,100,99985,100,100660,100,99970,100,100693,100,99954,100
2019-06-28 09:44:19.941070231,100443,235,100318,235,100444,231,100298,231,100461,231,100100,100,100481,100,100066,231,100555,100,100035,100,100568,100,100031,100,100578,100,100030,101,100597,100,100007,100,100660,100,99985,100,100693,100,99970,100
2019-06-28 09:44:20.000000000,100443,199,100318,199,100444,199,100298,199,100461,199,100100,199,100481,199,100066,199,100555,100,100035,100,100568,100,100031,100,100578,100,100030,101,100597,100,100007,100,100660,100,99985,100,100693,100,99970,100
2019-06-28 09:44:22.194968981,100398,100,100318,199,100443,199,100298,199,100444,199,100100,199,100461,199,100066,199,100481,199,100035,100,100555,100,100030,101,100568,100,100007,100,100578,100,99985,100,100597,100,99970,100,100660,100,99954,100
2019-06-28 09:44:30.000000000,100398,179,100318,179,100443,179,100298,179,100444,179,100100,179,100461,179,100066,179,100481,179,100035,179,100555,100,100030,101,100568,100,100007,100,100578,100,99985,100,100597,100,99970,100,100660,100,99954,100
2019-06-28 09:44:40.000000000,100398,298,100318,298,100443,298,100298,298,100444,100,100100,100,100461,100,100066,100,100481,100,100035,100,100555,100,100030,101,100568,100,100007,100,100578,100,99985,100,100597,100,99970,100,100660,100,99954,100
2019-06-28 09:44:50.000000000,100398,179,100318,179,100443,179,100298,179,100444,179,100100,179,100461,179,100066,179,100481,179,100035,179,100555,100,100030,101,100568,100,100007,100,100578,100,99985,100,100597,100,99970,100,100660,100,99954,100
2019-06-28 09:44:59.166415809,100398,79,100318,179,100443,179,100298,179,100444,179,100100,179,100461,179,100066,179,100481,179,100035,179,100555,100,100030,101,100568,100,100007,100,100578,100,99985,100,100597,100,99970,100,100660,100,99954,100
2019-06-28 09:45:00.000000000,100443,179,100318,179,100444,179,100298,179,100461,179,100100,179,100481,179,100066,179,100555,179,100035,179,100568,100,100030,101,100578,100,100007,100,100597,100,99985,100,100660,100,99970,100,100693,100,99954,100
2019-06-28 09:45:01.191207756,100443,179,100319,100,100444,179,100318,179,100461,179,100298,179,100481,179,100100,179,100555,179,100066,179,100568,100,100035,179,100578,100,100030,101,100597,100,100007,100,100660,100,99985,100,100693,100,99970,100
2019-06-28 09:45:03.620705314,100443,179,100319,100,100444,179,100318,179,100461,179,100298,179,100481,179,100100,179,100555,179,100066,179,100568,100,100035,179,100578,100,100030,101,100597,100,100007,100,100660,100,99985,100,100693,100,99970,100
2019-06-28 09:45:09.177448747,100443,79,100319,100,100444,179,100318,179,100461,179,100298,179,100481,179,100100,179,100555,179,100066,179,100568,100,100035,179,100578,100,100030,101,100597,100,100007,100,100660,100,99985,100,100693,100,99970,100
2019-06-28 09:45:10.000000000,100444,179,100319,179,100461,179,100318,179,100481,179,100298,179,100555,179,100100,179,100568,179,100066,179,100578,100,100035,100,100597,100,100030,101,100660,100,100007,100,100693,100,99985,100,100737,100,99970,100
2019-06-28 09:45:12.519459352,100444,79,100319,179,100461,179,100318,179,100481,179,100298,179,100555,179,100100,179,100568,179,100066,179,100578,100,100035,100,100597,100,100030,101,100660,100,100007,100,100693,100,99970,100,100737,100,99954,100
2019-06-28 09:45:20.000000000,100461,298,100319,298,100481,298,100318,298,100555,100,100298,100,100568,100,100100,100,100578,100,100066,100,100597,100,100035,100,100660,100,100030,101,100693,100,100007,100,100737,100,99970,100,100754,100,99954,100
2019-06-28 09:45:23.736135874,100461,298,100319,298,100481,298,100318,298,100555,100,100298,100,100568,100,100100,100,100578,100,100066,100,100597,100,100035,100,100660,100,100030,101,100693,100,100007,100,100737,100,99970,100,100754,100,99954,100
2019-06-28 09:45:29.287748583,100461,298,100319,298,100481,398,100318,298,100555,100,100298,100,100568,100,100100,100,100578,100,100066,100,100597,100,100035,100,100660,100,100030,101,100693,100,100007,100,100737,100,99970,100,100754,100,99954,100
2019-06-28 09:45:30.000000000,100461,298,100319,298,100481,398,100318,298,100555,100,100298,100,100568,100,100100,100,100578,100,100066,100,100597,100,100035,100,100660,100,100030,101,100693,100,100007,100,100737,100,99970,100,100754,100,99954,100
2019-06-28 09:45:31.032801346,100461,298,100319,298,100481,398,100318,298,100555,100,100298,100,100568,100,100202,100,100578,100,100100,100,100597,100,100066,100,100660,100,100035,100,100693,100,100030,101,100737,100,100007,100,100754,100,99970,100
2019-06-28 09:45:40.000000000,100461,298,100319,298,100481,398,100318,298,100555,100,100298,100,100568,100,100202,100,100578,100,100100,100,100597,100,100066,100,100660,100,100035,100,100693,100,100030,101,100737,100,100007,100,100754,100,99970,100
2019-06-28 09:45:50.000000000,100461,496,100319,496,100481,200,100318,100,100555,100,100298,100,100568,100,100202,100,100578,100,100100,100,100597,100,100066,100,100660,100,100035,100,100693,100,100030,101,100737,100,100007,100,100754,100,99970,100
2019-06-28 09:45:55.731785867,100461,496,100443,100,100481,200,100319,496,100555,100,100318,100,100568,100,100298,100,100578,100,100202,100,100597,100,100100,100,100660,100,100066,100,100693,100,100035,100,100737,100,100030,101,100754,100,100007,100
2019-06-28 09:46:00.000000000,100461,179,100443,179,100481,279,100319,179,100555,179,100318,179,100568,179,100298,179,100578,179,100202,179,100597,100,100100,100,100660,100,100066,100,100693,100,100035,100,100737,100,100030,101,100754,100,100007,100
2019-06-28 09:46:10.000000000,100461,199,100443,199,100481,299,100319,199,100555,199,100318,199,100568,199,100298,199,100578,100,100202,100,100597,100,100100,100,100660,100,100066,100,100693,100,100035,100,100737,100,100030,101,100754,100,100007,100
2019-06-28 09:46:11.094243883,100442,1,100319,199,100461,199,100318,199,100481,299,100298,199,100555,199,100202,100,100568,199,100100,100,100578,100,100066,100,100597,100,100035,100,100660,100,100030,101,100693,100,100007,100,100737,100,99954,100
2019-06-28 09:46:20.000000000,100442,199,100319,298,100461,298,100318,298,100481,200,100298,100,100555,100,100202,100,100568,100,100100,100,100578,100,100066,100,100597,100,100035,100,100660,100,100030,101,100693,100,100007,100,100737,100,99954,100
2019-06-28 09:46:24.734320887,100442,99,100319,298,100461,298,100318,298,100481,200,100298,100,100555,100,100202,100,100568,100,100100,100,100578,100,100066,100,100597,100,100035,100,100660,100,100030,101,100693,100,100007,100,100737,100,99954,100
2019-06-28 09:46:27.599649065,100442,99,100319,298,100461,298,100318,298,100481,200,100298,100,100555,100,100202,100,100568,100,100100,100,100578,100,100066,100,100597,100,100035,100,100645,100,100030,101,100660,100,100007,100,100693,100,99954,100
2019-06-28 09:46:30.000000000,100461,235,100319,235,100481,331,100318,231,100555,231,100298,231,100568,100,100202,100,100578,100,100100,100,100597,100,100066,100,100645,100,100035,100,100660,100,100030,101,100693,100,100007,100,100737,100,99954,100
2019-06-28 09:46:40.000000000,100461,298,100319,298,100481,398,100318,298,100555,100,100298,100,100568,100,100202,100,100578,100,100100,100,100597,100,100066,100,100645,100,100035,100,100660,100,100030,101,100693,100,100007,100,100737,100,99954,100
2019-06-28 09:46:50.000000000,100461,235,100319,235,100481,331,100318,231,100555,231,100298,231,100568,100,100202,100,100578,100,100100,100,100597,100,100066,100,100645,100,100035,100,100660,100,100030,101,100693,100,100007,100,100737,100,99954,100
2019-06-28 09:46:53.186099753,100461,235,100444,100,100481,331,100319,235,100555,231,100318,231,100568,100,100298,231,100578,100,100202,100,100597,100,100100,100,100645,100,100066,100,100660,100,100035,100,100693,100,100030,101,100737,100,100007,100
2019-06-28 09:47:00.000000000,100461,298,100444,298,100481,398,100319,298,100555,100,100318,100,100568,100,100298,100,100578,100,100202,100,100597,100,100100,100,100645,100,100066,100,100660,100,100035,100,100693,100,100030,101,100737,100,100007,100
2019-06-28 09:47:10.000000000,100461,496,100444,496,100481,200,100319,100,100555,100,100318,100,100568,100,100298,100,100578,100,100202,100,100597,100,100100,100,100645,100,100066,100,100660,100,100035,100,100693,100,100030,101,100737,100,100007,100
2019-06-28 09:47:20.000000000,100461,179,100444,179,100481,279,100319,179,100555,179,100318,179,100568,179,100298,179,100578,179,100202,179,100597,100,100100,100,100645,100,100066,100,100660,100,100035,100,100693,100,100030,101,100737,100,100007,100
2019-06-28 09:47:30.000000000,100461,235,100444,235,100481,331,100319,231,100555,231,100318,231,100568,100,100298,100,100578,100,100202,100,100597,100,100100,100,100645,100,100066,100,100660,100,100035,100,100693,100,100030,101,100737,100,100007,100
2019-06-28 09:47:40.000000000,100461,496,100444,496,100481,200,100319,100,100555,100,100318,100,100568,100,100298,100,100578,100,100202,100,100597,100,100100,100,100645,100,100066,100,100660,100,100035,100,100693,100,100030,101,100737,100,100007,100
2019-06-28 09:47:50.000000000,100461,235,100444,235,100481,331,100319,231,100555,231,100318,231,100568,100,100298,100,100578,100,100202,100,100597,100,100100,100,100645,100,100066,100,100660,100,100035,100,100693,100,100030,101,100737,100,100007,100
2019-06-28 09:47:59.936890413,100461,235,100444,235,100481,331,100319,231,100555,231,100318,231,100568,100,100298,100,100578,100,100215,100,100597,100,100202,100,100645,100,100100,100,100660,100,100066,100,100693,100,100035,100,100737,100,100030,101
2019-06-28 09:48:00.000000000,100461,179,100444,179,100481,279,100319,179,100555,179,100318,179,100568,179,100298,179,100578,179,100215,179,100597,100,100202,100,100645,100,100100,100,100660,100,100066,100,100693,100,100035,100,100737,100,100030,101
2019-06-28 09:48:10.000000000,100461,298,100444,298,100481,398,100319,298,100555,100,100318,100,100568,100,100298,100,100578,100,100215,100,100597,100,100202,100,100645,100,100100,100,100660,100,100066,100,100693,100,100035,100,100737,100,100030,101
2019-06-28 09:48:19.955282937,100461,298,100444,198,100481,298,100319,298,100555,100,100318,100,100568,100,100298,100,100578,100,100215,100,100597,100,100202,100,100645,100,100100,100,100660,100,100066,100,100693,100,100035,100,100737,100,100030,101
2019-06-28 09:48:20.000000000,100461,199,100319,199,100481,199,100318,199,100555,199,100298,199,100568,199,100215,199,100578,100,100202,100,100597,100,100100,100,100645,100,100066,100,100660,100,100035,100,100693,100,100030,101,100737,100,100007,100
2019-06-28 09:48:27.456904929,100461,199,100319,199,100481,199,100318,199,100555,199,100298,199,100568,199,100215,199,100578,100,100202,100,100597,100,100100,100,100645,100,100066,100,100660,100,100035,100,100693,100,100030,101,100737,100,100007,100
2019-06-28 09:48:30.000000000,100461,496,100319,496,100481,100,100318,100,100555,100,100298,100,100568,100,100215,100,100578,100,100202,100,100597,100,100100,100,100645,100,100066,100,100660,100,100035,100,100693,100,100030,101,100737,100,100007,100
2019-06-28 09:48:40.000000000,100461,496,100319,496,100481,100,100318,100,100555,100,100298,100,100568,100,100215,100,100578,100,100202,100,100597,100,100100,100,100645,100,100066,100,100660,100,100035,100,100693,100,100030,101,100737,100,100007,100
2019-06-28 09:48:50.000000000,100461,235,100319,235,100481,231,100318,231,100555,231,100298,231,100568,100,100215,100,100578,100,100202,100,100597,100,100100,100,100645,100,100066,100,100660,100,100035,100,100693,100,100030,101,100737,100,100007,100
2019-06-28 09:48:54.559558591,100461,235,100319,135,100481,231,100318,231,100555,231,100298,231,100568,100,100215,100,100578,100,100202,100,100597,100,100100,100,100645,100,100066,100,100660,100,100035,100,100693,100,100030,101,100737,100,100007,100
2019-06-28 09:48:57.321004330,100461,235,100319,35,100481,231,100318,231,100555,231,100298,231,100568,100,100215,100,100578,100,100202,100,100597,100,100100,100,100645,100,100066,100,100660,100,100035,100,100693,100,100030,101,100737,100,100007,100
2019-06-28 09:49:00.000000000,100461,179,100318,179,100481,179,100298,179,100555,179,100215,179,100568,179,100202,179,100578,179,100100,179,100597,100,100066,100,100645,100,100035,100,100660,100,100030,101,100693,100,100007,100,100737,100,99891,100
2019-06-28 09:49:10.000000000,100461,179,100318,179,100481,179,100298,179,100555,179,100215,179,100568,179,100202,179,100578,179,100100,179,100597,100,100066,100,100645,100,100035,100,100660,100,100030,101,100693,100,100007,100,100737,100,99891,100
2019-06-28 09:49:11.816997990,100319,100,100318,179,100461,179,100298,179,100481,179,100215,179,100555,179,100202,179,100568,179,100100,179,100578,179,100066,100,100597,100,100035,100,100645,100,100030,1,100660,100,100007,100,100693,100,99891,100
2019-06-28 09:49:16.330935691,100319,200,100318,79,100461,179,100298,179,100481,179,100215,179,100555,179,100202,179,100568,179,100100,179,100578,179,100066,100,100597,100,100035,100,100645,100,100030,1,100660,100,100007,100,100693,100,99891,100
2019-06-28 09:49:20.000000000,100319,299,100298,199,100461,199,100215,199,100481,199,100202,199,100555,199,100100,199,100568,100,100066,100,100578,100,100035,100,100597,100,100030,1,100645,100,100007,100,100660,100,99891,100,100693,100,99869,200
2019-06-28 09:49:30.000000000,100319,335,100298,235,100461,231,100215,231,100481,231,100202,231,100555,100,100100,100,100568,100,100066,100,100578,100,100035,100,100597,100,100030,1,100645,100,100007,100,100660,100,99891,100,100693,100,99869,200
2019-06-28 09:49:35.155829064,100319,335,100298,235,100461,231,100215,231,100481,231,100202,231,100555,100,100100,100,100568,100,100066,100,100578,100,100035,100,100597,100,100030,1,100645,100,100007,100,100660,100,99891,100,100693,100,99869,200
2019-06-28 09:49:36.771917647,100319,235,100298,235,100461,231,100215,231,100481,231,100202,231,100555,100,100100,100,100568,100,100066,100,100578,100,100035,100,100597,100,100030,1,100645,100,100007,100,100660,100,99891,100,100693,100,99869,200
2019-06-28 09:49:38.863418184,100319,235,100298,135,100461,231,100215,231,100481,231,100202,231,100555,100,100100,100,100568,100,100066,100,100578,100,100035,100,100597,100,100030,1,100645,100,100007,100,100660,100,99891,100,100693,100,99869,200
2019-06-28 09:49:40.000000000,100319,496,100215,496,100461,100,100202,100,100481,100,100100,100,100555,100,100066,100,100568,100,100035,100,100578,100,100030,1,100597,100,100007,100,100645,100,99891,100,100660,100,99869,200,100693,100,99628,100
2019-06-28 09:49:45.993362360,100319,496,100215,396,100461,100,100202,100,100481,100,100100,100,100568,100,100066,100,100578,100,100035,100,100597,100,100030,1,100645,100,100007,100,100660,100,99891,100,100693,100,99869,200,100737,100,99628,100
2019-06-28 09:49:50.000000000,100319,298,100202,298,100461,298,100100,298,100481,100,100066,100,100568,100,100035,100,100578,100,100030,1,100597,100,100007,100,100645,100,99891,100,100660,100,99869,200,100693,100,99628,100,100737,100,99392,100
2019-06-28 09:50:00.000000000,100319,179,100202,179,100461,179,100100,179,100481,179,100066,179,100568,179,100035,179,100578,179,100030,80,100597,100,100007,100,100645,100,99891,100,100660,100,99869,200,100693,100,99628,100,100737,100,99392,100
2019-06-28 09:50:02.356021264,100319,179,100202,79,100461,179,100100,179,100481,179,100066,179,100568,179,100035,179,100578,179,100030,80,100597,100,100007,100,100645,100,99891,100,100660,100,99869,200,100693,100,99628,100,100754,100,99392,100
2019-06-28 09:50:10.000000000,100319,179,100100,179,100461,179,100066,179,100481,179,100035,179,100568,179,100030,80,100578,179,100007,179,100597,100,99891,100,100645,100,99869,200,100660,100,99628,100,100693,100,99392,100,100754,100,,
2019-06-28 09:50:20.000000000,100319,298,100100,298,100461,298,100066,298,100481,100,100035,100,100568,100,100030,1,100578,100,100007,100,100597,100,99891,100,100645,100,99869,200,100660,100,99628,100,100693,100,99392,100,100754,100,,
2019-06-28 09:50:21.811175437,100319,298,100100,198,100461,298,100066,298,100481,100,100035,100,100568,100,100030,1,100578,100,100007,100,100597,100,99869,200,100645,100,99628,100,100660,100,99392,100,100693,100,,,100754,100,,
2019-06-28 09:50:30.000000000,100319,179,100066,179,100461,179,100035,179,100481,179,100030,80,100568,179,100007,179,100578,179,99869,279,100597,100,99628,100,100645,100,99392,100,100660,100,,,100693,100,,,100754,100,,
2019-06-28 09:50:40.000000000,100319,199,100066,199,100461,199,100035,199,100481,199,100030,100,100568,199,100007,199,100578,100,99869,200,100597,100,99628,100,100645,100,99392,100,100660,100,,,100693,100,,,100754,100,,
2019-06-28 09:50:50.000000000,100319,199,100066,199,100461,199,100035,199,100481,199,100030,100,100568,199,100007,199,100578,100,99869,200,100597,100,99628,100,100645,100,99392,100,100660,100,,,100693,100,,,100754,100,,
2019-06-28 09:50:58.958311320,100319,199,100066,99,100461,199,100035,199,100481,199,100030,100,100568,199,100007,199,100578,100,99869,200,100597,100,99628,100,100645,100,99392,100,100660,100,,,100693,100,,,100754,100,,
2019-06-28 09:51:00.000000000,100319,199,100035,199,100461,199,100030,100,100481,199,100007,199,100568,199,99869,299,100578,100,99628,100,100597,100,99392,100,100645,100,,,100660,100,,,100693,100,,,100754,100,,
2019-06-28 09:51:10.000000000,100319,496,100035,496,100461,100,100030,1,100481,100,100007,100,100568,100,99869,200,100578,100,99628,100,100597,100,99392,100,100645,100,,,100660,100,,,100693,100,,,100754,100,,
2019-06-28 09:51:20.000000000,100319,496,100035,496,100461,100,100030,1,100481,100,100007,100,100568,100,99869,200,100578,100,99628,100,100597,100,99392,100,100645,100,,,100660,100,,,100693,100,,,100754,100,,
2019-06-28 09:51:30.000000000,100319,179,100035,179,100461,179,100030,80,100481,179,100007,179,100568,179,99869,279,100578,179,99628,179,100597,100,99392,100,100645,100,,,100660,100,,,100693,100,,,100754,100,,
2019-06-28 09:51:40.000000000,100319,235,100035,235,100461,231,100030,132,100481,231,100007,231,100568,100,99869,200,100578,100,99628,100,100597,100,99392,100,100645,100,,,100660,100,,,100693,100,,,100754,100,,
2019-06-28 09:51:43.162224675,100319,235,100035,235,100461,231,100030,132,100481,231,100007,231,100568,100,99869,200,100578,100,99628,100,100645,100,99392,100,100660,100,98505,100,100693,100,,,100754,100,,,100842,100,,
2019-06-28 09:51:50.000000000,100319,179,100035,179,100461,179,100030,80,100481,179,100007,179,100568,179,99869,279,100578,179,99628,179,100645,100,99392,100,100660,100,98505,100,100693,100,,,100754,100,,,100842,100,,
2019-06-28 09:51:54.041019000,100319,179,100035,179,100461,179,100030,80,100481,179,100007,179,100568,179,99869,279,100578,179,99628,179,100645,100,99392,100,100660,100,98666,100,100693,100,98505,100,100754,100,,,100842,100,,
2019-06-28 09:51:57.969883244,100100,100,100035,179,100319,179,100030,80,100461,179,100007,179,100481,179,99869,279,100568,179,99628,179,100578,179,99392,100,100645,100,98666,100,100660,100,98505,100,100693,100,,,100754,100,,
2019-06-28 09:52:00.000000000,100100,496,100035,496,100319,100,100030,1,100461,100,100007,100,100481,100,99869,200,100568,100,99628,100,100578,100,99392,100,100645,100,98666,100,100660,100,98505,100,100693,100,,,100754,100,,
2019-06-28 09:52:10.000000000,100100,179,100035,179,100319,179,100030,80,100461,179,100007,179,100481,179,99869,279,100568,179,99628,179,100578,100,99392,100,100645,100,98666,100,100660,100,98505,100,100693,100,,,100754,100,,
2019-06-28 09:52:20.000000000,100100,199,100035,199,100319,199,100030,100,100461,199,100007,199,100481,199,99869,299,100568,100,99628,100,100578,100,99392,100,100645,100,98666,100,100660,100,98505,100,100693,100,,,100754,100,,
2019-06-28 09:52:30.000000000,100100,235,100035,235,100319,231,100030,132,100461,231,100007,231,100481,100,99869,200,100568,100,99628,100,100578,100,99392,100,100645,100,98666,100,100660,100,98505,100,100693,100,,,100754,100,,
2019-06-28 09:52:40.000000000,100100,496,100035,496,100319,100,100030,1,100461,100,100007,100,100481,100,99869,200,100568,100,99628,100,100578,100,99392,100,100645,100,98666,100,100660,100,98505,100,100693,100,,,100754,100,,
2019-06-28 09:52:47.732196566,100100,496,100035,496,100319,100,100030,1,100461,100,100007,100,100481,100,99869,200,100568,100,99392,100,100578,100,98666,100,100645,100,98590,100,100660,100,98505,100,100693,100,,,100754,100,,
2019-06-28 09:52:50.000000000,100100,179,100035,179,100319,179,100030,80,100461,179,100007,179,100481,179,99869,279,100568,179,99392,179,100578,100,98666,100,100645,100,98590,100,100660,100,98505,100,100693,100,,,100754,100,,
2019-06-28 09:52:56.463153662,100100,179,100035,179,100319,179,100030,80,100461,179,100007,179,100481,179,99869,279,100568,179,99392,179,100578,100,98666,100,100645,100,98590,100,100660,100,98586,100,100693,100,98505,100,100754,100,,
2019-06-28 09:53:00.000000000,100100,235,100035,235,100319,231,100030,132,100461,231,100007,231,100481,100,99869,200,100568,100,99392,100,100578,100,98666,100,100645,100,98590,100,100660,100,98586,100,100693,100,98505,100,100754,100,,
2019-06-28 09:53:09.229472733,100100,235,100035,235,100319,231,100030,132,100461,131,100007,231,100481,100,99869,200,100568,100,99392,100,100578,100,98666,100,100645,100,98607,100,100660,100,98590,100,100693,100,98586,100,100754,100,98505,100
2019-06-28 09:53:10.000000000,100100,179,100035,179,100319,179,100030,80,100481,179,100007,179,100568,179,99869,279,100578,179,99392,179,100645,100,98666,100,100660,100,98607,100,100693,100,98590,100,100754,100,98586,100,100842,100,98505,100
2019-06-28 09:53:19.975512593,100100,179,100035,179,100319,179,100030,80,100481,179,100007,179,100568,179,99869,279,100578,179,99392,179,100645,100,98666,100,100660,100,98614,100,100693,100,98607,100,100754,100,98590,100,100842,100,98586,100
2019-06-28 09:53:20.000000000,100100,298,100035,298,100319,298,100030,199,100481,100,100007,100,100568,100,99869,200,100578,100,99392,100,100645,100,98666,100,100660,100,98614,100,100693,100,98607,100,100754,100,98590,100,100842,100,98586,100
2019-06-28 09:53:23.432398880,100100,298,100035,298,100319,298,100030,199,100481,100,100007,100,100568,100,99869,200,100578,100,99392,100,100645,100,98677,100,100660,100,98666,100,100693,100,98614,100,100754,100,98607,100,100842,100,98590,100
2019-06-28 09:53:30.000000000,100100,235,100035,235,100319,231,100030,132,100481,231,100007,231,100568,100,99869,200,100578,100,99392,100,100645,100,98677,100,100660,100,98666,100,100693,100,98614,100,100754,100,98607,100,100842,100,98590,100
2019-06-28 09:53:40.000000000,100100,235,100035,235,100319,231,100030,132,100481,231,100007,231,100568,100,99869,200,100578,100,99392,100,100645,100,98677,100,100660,100,98666,100,100693,100,98614,100,100754,100,98607,100,100842,100,98590,100
2019-06-28 09:53:40.200266405,100100,235,100035,135,100319,231,100030,132,100481,231,100007,231,100568,100,99869,200,100578,100,99392,100,100645,100,98677,100,100660,100,98666,100,100693,100,98614,100,100754,100,98607,100,100842,100,98590,100
2019-06-28 09:53:50.000000000,100100,298,100030,199,100319,298,100007,298,100481,100,99869,200,100568,100,99392,100,100578,100,98677,100,100645,100,98666,100,100660,100,98614,100,100693,100,98607,100,100754,100,98590,100,100842,100,98586,100
2019-06-28 09:54:00.000000000,100100,298,100030,199,100319,298,100007,298,100481,100,99869,200,100568,100,99392,100,100578,100,98677,100,100645,100,98666,100,100660,100,98614,100,100693,100,98607,100,100754,100,98590,100,100842,100,98586,100
2019-06-28 09:54:10.000000000,100100,199,100030,100,100319,199,100007,199,100481,199,99869,299,100568,199,99392,199,100578,100,98677,100,100645,100,98666,100,100660,100,98614,100,100693,100,98607,100,100754,100,98590,100,100842,100,98586,100
2019-06-28 09:54:18.131189214,100100,199,100007,199,100319,199,99869,299,100481,199,99392,199,100568,199,98677,100,100578,100,98666,100,100645,100,98614,100,100660,100,98607,100,100693,100,98590,100,100754,100,98586,100,100842,100,98505,100
2019-06-28 09:54:20.000000000,100100,496,100007,496,100319,100,99869,200,100481,100,99392,100,100568,100,98677,100,100578,100,98666,100,100645,100,98614,100,100660,100,98607,100,100693,100,98590,100,100754,100,98586,100,100842,100,98505,100
2019-06-28 09:54:29.300601888,100100,496,100007,396,100319,100,99869,200,100481,100,99392,100,100578,100,98677,100,100645,100,98666,100,100660,100,98614,100,100693,100,98607,100,100754,100,98590,100,100842,100,98586,100,,,98505,100
2019-06-28 09:54:30.000000000,100100,298,99869,398,100319,298,99392,298,100481,100,98677,100,100578,100,98666,100,100645,100,98614,100,100660,100,98607,100,100693,100,98590,100,100754,100,98586,100,100842,100,98505,100,,,,
2019-06-28 09:54:35.147355230,100030,100,99869,398,100100,298,99392,298,100319,298,98677,100,100481,100,98666,100,100578,100,98614,100,100645,100,98607,100,100660,100,98590,100,100693,100,98586,100,100754,100,98505,100,100842,100,,
2019-06-28 09:54:40.000000000,100030,235,99869,335,100100,231,99392,231,100319,231,98677,231,100481,100,98666,100,100578,100,98614,100,100645,100,98607,100,100660,100,98590,100,100693,100,98586,100,100754,100,98505,100,100842,100,,
2019-06-28 09:54:42.740743544,100030,235,99869,235,100100,231,99392,231,100319,231,98677,231,100481,100,98666,100,100578,100,98614,100,100645,100,98607,100,100660,100,98590,100,100693,100,98586,100,100754,100,98505,100,100842,100,,
2019-06-28 09:54:43.251560001,100030,235,99869,235,100100,231,99392,231,100319,231,98677,231,100481,100,98666,100,100578,100,98614,100,100645,100,98607,100,100660,100,98590,100,100693,100,98586,100,100754,100,98578,100,100842,100,98505,100
2019-06-28 09:54:50.000000000,100030,199,99869,199,100100,199,99392,199,100319,199,98677,199,100481,199,98666,199,100578,100,98614,100,100645,100,98607,100,100660,100,98590,100,100693,100,98586,100,100754,100,98578,100,100842,100,98505,100
2019-06-28 09:55:00.000000000,100030,298,99869,298,100100,298,99392,298,100319,100,98677,100,100481,100,98666,100,100578,100,98614,100,100645,100,98607,100,100660,100,98590,100,100693,100,98586,100,100754,100,98578,100,100842,100,98505,100
2019-06-28 09:55:10.000000000,100030,298,99869,298,100100,298,99392,298,100319,100,98677,100,100481,100,98666,100,100578,100,98614,100,100645,100,98607,100,100660,100,98590,100,100693,100,98586,100,100754,100,98578,100,100842,100,98505,100
2019-06-28 09:55:20.000000000,100030,199,99869,199,100100,199,99392,199,100319,199,98677,199,100481,199,98666,199,100578,100,98614,100,100645,100,98607,100,100660,100,98590,100,100693,100,98586,100,100754,100,98578,100,100842,100,98505,100
2019-06-28 09:55:22.950025189,100030,199,99869,199,100100,199,99392,199,100319,199,99276,100,100481,199,98677,199,100578,100,98666,199,100645,100,98614,100,100660,100,98607,100,100693,100,98590,100,100754,100,98586,100,100842,100,98578,100
2019-06-28 09:55:30.000000000,100030,298,99869,298,100100,298,99392,298,100319,100,99276,100,100481,100,98677,100,100578,100,98666,100,100645,100,98614,100,100660,100,98607,100,100693,100,98590,100,100754,100,98586,100,100842,100,98578,100
2019-06-28 09:55:40.000000000,100030,179,99869,179,100100,179,99392,179,100319,179,99276,179,100481,179,98677,179,100578,179,98666,179,100645,100,98614,100,100660,100,98607,100,100693,100,98590,100,100754,100,98586,100,100842,100,98578,100
2019-06-28 09:55:50.000000000,100030,235,99869,235,100100,231,99392,231,100319,231,99276,231,100481,100,98677,100,100578,100,98666,100,100645,100,98614,100,100660,100,98607,100,100693,100,98590,100,100754,100,98586,100,100842,100,98578,100
2019-06-28 09:56:00.000000000,100030,496,99869,496,100100,100,99392,100,100319,100,99276,100,100481,100,98677,100,100578,100,98666,100,100645,100,98614,100,100660,100,98607,100,100693,100,98590,100,100754,100,98586,100,100842,100,98578,100
2019-06-28 09:56:09.397780645,100030,496,99869,396,100100,100,99392,100,100319,100,99276,100,100481,100,98677,100,100578,100,98666,100,100645,100,98614,100,100660,100,98607,100,100693,100,98590,100,100754,100,98586,100,100842,100,98578,100
2019-06-28 09:56:10.000000000,100030,199,99392,199,100100,199,99276,199,100319,199,98677,199,100481,199,98666,199,100578,100,98614,100,100645,100,98607,100,100660,100,98590,100,100693,100,98586,100,100754,100,98578,100,100842,100,98505,100
2019-06-28 09:56:10.046454675,100030,199,99392,199,100100,199,99276,199,100319,199,98894,100,100481,199,98677,199,100578,100,98666,199,100645,100,98614,100,100693,100,98607,100,100754,100,98590,100,100842,100,98586,100,,,98578,100
2019-06-28 09:56:20.000000000,100030,199,99392,199,100100,199,99276,199,100319,199,98894,199,100481,199,98677,199,100578,100,98666,100,100645,100,98614,100,100693,100,98607,100,100754,100,98590,100,100842,100,98586,100,,,98578,100
2019-06-28 09:56:21.953175909,100030,199,99392,199,100100,199,99276,199,100319,199,99098,100,100481,199,98894,199,100645,100,98677,199,100693,100,98666,100,100754,100,98614,100,100842,100,98607,100,,,98590,100,,,98586,100
2019-06-28 09:56:30.000000000,100030,496,99392,496,100100,100,99276,100,100319,100,99098,100,100481,100,98894,100,100645,100,98677,100,100693,100,98666,100,100754,100,98614,100,100842,100,98607,100,,,98590,100,,,98586,100
2019-06-28 09:56:30.931353112,100030,496,99392,496,100100,100,99276,100,100319,100,99098,100,100481,100,99071,100,100645,100,98894,100,100693,100,98677,100,100754,100,98666,100,100842,100,98614,100,,,98607,100,,,98590,100
2019-06-28 09:56:31.849116102,99869,100,99392,496,100030,496,99276,100,100100,100,99098,100,100319,100,99071,100,100481,100,98894,100,100645,100,98677,100,100693,100,98666,100,100754,100,98614,100,100842,100,98607,100,,,98590,100
2019-06-28 09:56:40.000000000,99869,179,99392,179,100030,179,99276,179,100100,179,99098,179,100319,179,99071,179,100481,179,98894,179,100645,100,98677,100,100693,100,98666,100,100754,100,98614,100,100842,100,98607,100,,,98590,100
2019-06-28 09:56:40.573022469,99869,279,99392,179,100030,179,99276,179,100100,179,99098,179,100319,179,99071,179,100481,179,98894,179,100645,100,98677,100,100693,100,98666,100,100754,100,98614,100,100842,100,98607,100,,,98590,100
2019-06-28 09:56:41.854767018,99869,279,99392,179,100030,179,99276,179,100100,179,99098,179,100319,179,99071,179,100481,179,99032,100,100645,100,98894,179,100693,100,98677,100,100754,100,98666,100,100842,100,98614,100,,,98607,100
2019-06-28 09:56:49.199400432,99869,379,99392,179,100030,179,99276,179,100100,179,99098,179,100319,179,99071,179,100481,179,99032,100,100645,100,98894,179,100693,100,98677,100,100754,100,98666,100,100842,100,98614,100,,,98607,100
2019-06-28 09:56:50.000000000,99869,399,99392,199,100030,199,99276,199,100100,199,99098,199,100319,199,99071,199,100481,100,99032,100,100645,100,98894,100,100693,100,98677,100,100754,100,98666,100,100842,100,98614,100,,,98607,100
2019-06-28 09:57:00.000000000,99869,696,99392,496,100030,100,99276,100,100100,100,99098,100,100319,100,99071,100,100481,100,99032,100,100645,100,98894,100,100693,100,98677,100,100754,100,98666,100,100842,100,98614,100,,,98607,100
2019-06-28 09:57:08.154327556,99869,696,99392,496,100030,100,99098,100,100100,100,99071,100,100319,100,99032,100,100481,100,98894,100,100645,100,98869,100,100693,100,98677,100,100754,100,98666,100,100842,100,98614,100,,,98607,100
2019-06-28 09:57:10.000000000,99869,498,99392,298,100030,298,99098,298,100100,100,99071,100,100319,100,99032,100,100481,100,98894,100,100645,100,98869,100,100693,100,98677,100,100754,100,98666,100,100842,100,98614,100,,,98607,100
2019-06-28 09:57:17.166827483,99869,498,99392,298,100030,298,99098,298,100100,100,99071,100,100319,100,99032,100,100481,100,98996,100,100645,100,98894,100,100693,100,98869,100,100754,100,98677,100,100842,100,98666,100,,,98614,100
2019-06-28 09:57:18.818173268,99869,498,99392,298,100030,298,99098,298,100100,100,99071,100,100319,100,98996,100,100481,100,98951,100,100645,100,98894,100,100693,100,98869,100,100754,100,98677,100,100842,100,98666,100,,,98614,100
2019-06-28 09:57:20.000000000,99869,399,99392,199,100030,199,99098,199,100100,199,99071,199,100319,199,98996,199,100481,100,98951,100,100645,100,98894,100,100693,100,98869,100,100754,100,98677,100,100842,100,98666,100,,,98614,100
2019-06-28 09:57:30.000000000,99869,498,99392,298,100030,298,99098,298,100100,100,99071,100,100319,100,98996,100,100481,100,98951,100,100645,100,98894,100,100693,100,98869,100,100754,100,98677,100,100842,100,98666,100,,,98614,100
2019-06-28 09:57:35.161724783,99869,498,99392,298,100030,298,99098,298,100100,100,99071,100,100319,100,98996,100,100481,100,98951,100,100645,100,98894,100,100693,100,98878,100,100754,100,98869,100,100842,100,98677,100,,,98666,100
2019-06-28 09:57:39.901516384,99869,498,99392,298,100030,298,99098,298,100100,100,99071,100,100319,100,98996,100,100481,100,98951,100,100645,100,98894,100,100693,100,98878,100,100754,100,98869,100,100842,100,98677,100,,,98666,100
2019-06-28 09:57:40.000000000,99869,435,99392,235,100030,231,99098,231,100100,231,99071,231,100319,100,98996,100,100481,100,98951,100,100645,100,98894,100,100693,100,98878,100,100754,100,98869,100,100842,100,98677,100,,,98666,100
2019-06-28 09:57:50.000000000,99869,399,99392,199,100030,199,99098,199,100100,199,99071,199,100319,199,98996,199,100481,100,98951,100,100645,100,98894,100,100693,100,98878,100,100754,100,98869,100,100842,100,98677,100,,,98666,100
2019-06-28 09:58:00.000000000,99869,435,99392,235,100030,231,99098,231,100100,231,99071,231,100319,100,98996,100,100481,100,98951,100,100645,100,98894,100,100693,100,98878,100,100754,100,98869,100,100842,100,98677,100,,,98666,100
2019-06-28 09:58:05.866344583,99869,435,99392,135,100030,231,99098,231,100100,231,99071,231,100319,100,98996,100,100481,100,98951,100,100645,100,98894,100,100693,100,98869,100,100754,100,98677,100,100842,100,98666,100,,,98614,100
2019-06-28 09:58:10.000000000,99869,498,99098,298,100030,298,99071,298,100100,100,98996,100,100319,100,98951,100,100481,100,98894,100,100645,100,98869,100,100693,100,98677,100,100754,100,98666,100,100842,100,98614,100,,,98607,100
2019-06-28 09:58:20.000000000,99869,498,99098,298,100030,298,99071,298,100100,100,98996,100,100319,100,98951,100,100481,100,98894,100,100645,100,98869,100,100693,100,98677,100,100754,100,98666,100,100842,100,98614,100,,,98607,100
2019-06-28 09:58:20.087769170,99869,498,99098,298,100030,298,99071,298,100100,100,98996,100,100319,100,98951,100,100481,100,98894,100,100645,100,98869,100,100693,100,98799,100,100754,100,98677,100,100842,100,98666,100,,,98614,100
2019-06-28 09:58:22.888015324,99868,100,99098,298,99869,498,99071,298,100030,298,98996,100,100100,100,98951,100,100319,100,98894,100,100481,100,98869,100,100645,100,98799,100,100693,100,98677,100,100754,100,98666,100,100842,100,98614,100
2019-06-28 09:58:30.000000000,99868,298,99098,298,99869,498,99071,298,100030,100,98996,100,100100,100,98951,100,100319,100,98894,100,100481,100,98869,100,100645,100,98799,100,100693,100,98677,100,100754,100,98666,100,100842,100,98614,100
2019-06-28 09:58:32.254725859,99868,298,99098,298,99869,498,99071,298,100030,100,98996,100,100100,100,98951,100,100319,100,98894,100,100481,100,98869,100,100645,100,98799,100,100693,100,98763,100,100754,100,98677,100,100842,100,98666,100
2019-06-28 09:58:40.000000000,99868,496,99098,496,99869,300,99071,100,100030,100,98996,100,100100,100,98951,100,100319,100,98894,100,100481,100,98869,100,100645,100,98799,100,100693,100,98763,100,100754,100,98677,100,100842,100,98666,100
2019-06-28 09:58:48.759680024,99868,496,99098,496,99869,300,99071,100,100030,100,98996,100,100100,100,98951,100,100319,100,98894,100,100481,100,98869,100,100645,100,98799,100,100693,100,98763,100,100754,100,98677,100,100842,100,98666,100
2019-06-28 09:58:50.000000000,99868,199,99098,199,99869,399,99071,199,100030,199,98996,199,100100,199,98951,199,100319,100,98894,100,100481,100,98869,100,100645,100,98799,100,100693,100,98763,100,100754,100,98677,100,100842,100,98666,100
2019-06-28 09:58:59.841860890,99868,199,99098,199,99869,299,99071,199,100030,199,98996,199,100100,199,98951,199,100319,100,98894,100,100481,100,98869,100,100645,100,98799,100,100693,100,98763,100,100754,100,98677,100,100842,100,98666,100
2019-06-28 09:59:00.000000000,99868,179,99098,179,99869,279,99071,179,100030,179,98996,179,100100,179,98951,179,100319,179,98894,179,100481,100,98869,100,100645,100,98799,100,100693,100,98763,100,100754,100,98677,100,100842,100,98666,100
2019-06-28 09:59:10.000000000,99868,199,99098,199,99869,299,99071,199,100030,199,98996,199,100100,199,98951,199,100319,100,98894,100,100481,100,98869,100,100645,100,98799,100,100693,100,98763,100,100754,100,98677,100,100842,100,98666,100
2019-06-28 09:59:20.000000000,99868,235,99098,235,99869,331,99071,231,100030,231,98996,231,100100,100,98951,100,100319,100,98894,100,100481,100,98869,100,100645,100,98799,100,100693,100,98763,100,100754,100,98677,100,100842,100,98666,100
2019-06-28 09:59:30.000000000,99868,496,99098,496,99869,200,99071,100,100030,100,98996,100,100100,100,98951,100,100319,100,98894,100,100481,100,98869,100,100645,100,98799,100,100693,100,98763,100,100754,100,98677,100,100842,100,98666,100
2019-06-28 09:59:39.780794459,99868,596,99098,496,99869,200,99071,100,100030,100,98996,100,100100,100,98951,100,100319,100,98894,100,100481,100,98869,100,100645,100,98799,100,100693,100,98763,100,100754,100,98677,100,100842,100,98666,100
2019-06-28 09:59:40.000000000,99868,398,99098,298,99869,398,99071,298,100030,100,98996,100,100100,100,98951,100,100319,100,98894,100,100481,100,98869,100,100645,100,98799,100,100693,100,98763,100,100754,100,98677,100,100842,100,98666,100
2019-06-28 09:59:44.205366565,99868,398,99213,100,99869,398,99098,298,100030,100,99071,298,100100,100,98996,100,100319,100,98951,100,100481,100,98894,100,100645,100,98869,100,100693,100,98799,100,100754,100,98763,100,100842,100,98677,100
2019-06-28 09:59:46.246770334,99868,398,99213,100,99869,398,99098,298,100030,100,99071,298,100100,100,99038,100,100319,100,98996,100,100481,100,98951,100,100645,100,98894,100,100693,100,98869,100,100754,100,98799,100,100842,100,98763,100
2019-06-28 09:59:50.000000000,99868,299,99213,199,99869,299,99098,199,100030,199,99071,199,100100,199,99038,199,100319,100,98996,100,100481,100,98951,100,100645,100,98894,100,100693,100,98869,100,100754,100,98799,100,100842,100,98763,100
2019-06-28 09:59:54.021773362,99868,299,99213,199,99869,199,99098,199,100030,199,99071,199,100100,199,99038,199,100319,100,98996,100,100481,100,98951,100,100645,100,98894,100,100693,100,98869,100,100754,100,98799,100,100842,100,98763,100
2019-06-28 10:00:00.000000000,99868,335,99213,235,99869,231,99098,231,100030,231,99071,231,100100,100,99038,100,100319,100,98996,100,100481,100,98951,100,100645,100,98894,100,100693,100,98869,100,100754,100,98799,100,100842,100,98763,100
2019-06-28 10:00:10.000000000,99868,398,99213,298,99869,298,99098,298,100030,100,99071,100,100100,100,99038,100,100319,100,98996,100,100481,100,98951,100,100645,100,98894,100,100693,100,98869,100,100754,100,98799,100,100842,100,98763,100
2019-06-28 10:00:20.000000000,99868,279,99213,179,99869,179,99098,179,100030,179,99071,179,100100,179,99038,179,100319,179,98996,179,100481,100,98951,100,100645,100,98894,100,100693,100,98869,100,100754,100,98799,100,100842,100,98763,100
2019-06-28 10:00:23.302689014,99868,379,99213,179,99869,179,99098,179,100030,179,99071,179,100100,179,99038,179,100319,179,98996,179,100481,100,98951,100,100645,100,98894,100,100693,100,98869,100,100754,100,98799,100,100842,100,98763,100
2019-06-28 10:00:30.000000000,99868,399,99213,199,99869,199,99098,199,100030,199,99071,199,100100,199,99038,199,100319,100,98996,100,100481,100,98951,100,100645,100,98894,100,100693,100,98869,100,100754,100,98799,100,100842,100,98763,100
2019-06-28 10:00:38.882931872,99868,499,99213,199,99869,199,99098,199,100030,199,99071,199,100100,199,99038,199,100319,100,98996,100,100481,100,98951,100,100645,100,98894,100,100693,100,98869,100,100754,100,98799,100,100842,100,98763,100
2019-06-28 10:00:40.000000000,99868,479,99213,179,99869,179,99098,179,100030,179,99071,179,100100,179,99038,179,100319,179,98996,179,100481,100,98951,100,100645,100,98894,100,100693,100,98869,100,100754,100,98799,100,100842,100,98763,100
2019-06-28 10:00:43.150993337,99868,479,99213,179,99869,179,99098,179,100030,179,99071,179,100100,179,99038,179,100319,179,98996,179,100481,100,98951,100,100645,100,98894,100,100693,100,98869,100,100754,100,98799,100,100842,100,98763,100
2019-06-28 10:00:49.768072742,99868,479,99213,79,99869,179,99098,179,100030,179,99071,179,100100,179,99038,179,100319,179,98996,179,100481,100,98951,100,100645,100,98894,100,100693,100,98869,100,100754,100,98799,100,100842,100,98763,100
2019-06-28 10:00:50.000000000,99868,479,99098,179,99869,179,99071,179,100030,179,99038,179,100100,179,98996,179,100319,179,98951,179,100481,100,98894,100,100645,100,98869,100,100693,100,98799,100,100754,100,98763,100,100842,100,98762,100
2019-06-28 10:01:00.000000000,99868,499,99098,199,99869,199,99071,199,100030,199,99038,199,100100,199,98996,199,100319,100,98951,100,100481,100,98894,100,100645,100,98869,100,100693,100,98799,100,100754,100,98763,100,100842,100,98762,100
2019-06-28 10:01:10.000000000,99868,479,99098,179,99869,179,99071,179,100030,179,99038,179,100100,179,98996,179,100319,179,98951,179,100481,100,98894,100,100645,100,98869,100,100693,100,98799,100,100754,100,98763,100,100842,100,98762,100
2019-06-28 10:01:15.818125817,99868,479,99260,100,99869,179,99098,179,100030,179,99071,179,100100,179,99038,179,100319,179,98996,179,100481,100,98951,179,100645,100,98894,100,100693,100,98869,100,100754,100,98799,100,100842,100,98763,100
2019-06-28 10:01:16.658237364,99868,479,99098,179,99869,179,99071,179,100030,179,99038,179,100100,179,98996,179,100319,179,98951,179,100481,100,98894,100,100645,100,98869,100,100693,100,98763,100,100754,100,98762,100,100842,100,98677,100
2019-06-28 10:01:18.622810807,99167,100,99098,179,99868,479,99071,179,99869,179,99038,179,100030,179,98996,179,100100,179,98951,179,100319,179,98894,100,100481,100,98869,100,100645,100,98763,100,100693,100,98762,100,100754,100,98677,100
2019-06-28 10:01:20.000000000,99167,235,99098,235,99868,531,99071,231,99869,231,99038,231,100030,100,98996,100,100100,100,98951,100,100319,100,98894,100,100481,100,98869,100,100645,100,98763,100,100693,100,98762,100,100754,100,98677,100
2019-06-28 10:01:30.000000000,99167,179,99098,179,99868,479,99071,179,99869,179,99038,179,100030,179,98996,179,100100,179,98951,179,100319,100,98894,100,100481,100,98869,100,100645,100,98763,100,100693,100,98762,100,100754,100,98677,100
2019-06-28 10:01:35.893673920,99167,179,99098,179,99868,479,99071,179,99869,179,99048,100,100030,179,99038,179,100100,179,98996,179,100319,100,98951,179,100481,100,98894,100,100645,100,98869,100,100693,100,98763,100,100754,100,98762,100
2019-06-28 10:01:40.000000000,99167,179,99098,179,99868,479,99071,179,99869,179,99048,179,100030,179,99038,179,100100,179,98996,179,100319,100,98951,100,100481,100,98894,100,100645,100,98869,100,100693,100,98763,100,100754,100,98762,100
2019-06-28 10:01:40.386923538,99167,179,99098,179,99260,100,99071,179,99868,479,99048,179,99869,179,99038,179,100030,179,98996,179,100100,79,98951,100,100319,100,98894,100,100481,100,98869,100,100645,100,98763,100,100693,100,98762,100
2019-06-28 10:01:50.000000000,99167,298,99098,298,99260,298,99071,298,99868,400,99048,100,99869,100,99038,100,100030,100,98996,100,100319,100,98951,100,100481,100,98894,100,100645,100,98869,100,100693,100,98763,100,100754,100,98762,100
2019-06-28 10:02:00.000000000,99167,199,99098,199,99260,199,99071,199,99868,499,99048,199,99869,199,99038,199,100030,100,98996,100,100319,100,98951,100,100481,100,98894,100,100645,100,98869,100,100693,100,98763,100,100754,100,98762,100
2019-06-28 10:02:10.000000000,99167,199,99098,199,99260,199,99071,199,99868,499,99048,199,99869,199,99038,199,100030,100,98996,100,100319,100,98951,100,100481,100,98894,100,100645,100,98869,100,100693,100,98763,100,100754,100,98762,100
2019-06-28 10:02:11.922989469,99167,99,99098,199,99260,199,99071,199,99868,499,99048,199,99869,199,99038,199,100030,100,98951,100,100319,100,98894,100,100481,100,98869,100,100645,100,98763,100,100693,100,98762,100,100754,100,98666,100
2019-06-28 10:02:19.407007957,99260,199,99167,1,99868,499,99098,199,99869,199,99071,199,100030,100,99048,199,100319,100,99038,199,100481,100,98951,100,100645,100,98894,100,100693,100,98869,100,100754,100,98763,100,100842,100,98762,100
2019-06-28 10:02:20.000000000,99260,199,99167,100,99868,499,99098,199,99869,199,99071,199,100030,199,99048,199,100319,100,99038,100,100481,100,98951,100,100645,100,98894,100,100693,100,98869,100,100754,100,98763,100,100842,100,98762,100
2019-06-28 10:02:20.991914559,99260,199,99167,100,99590,100,99098,199,99868,499,99071,199,99869,199,99048,199,100030,199,99038,100,100319,100,98951,100,100481,100,98894,100,100645,100,98869,100,100693,100,98762,100,100754,100,98666,100
2019-06-28 10:02:29.044422622,99260,199,99167,100,99590,100,99098,199,99859,100,99071,199,99868,499,99048,199,99869,199,99038,100,100030,199,98951,100,100319,100,98894,100,100481,100,98869,100,100645,100,98762,100,100693,100,98666,100
2019-06-28 10:02:30.000000000,99260,179,99167,80,99590,179,99098,179,99859,179,99071,179,99868,479,99048,179,99869,179,99038,179,100030,100,98951,100,100319,100,98894,100,100481,100,98869,100,100645,100,98762,100,100693,100,98666,100
2019-06-28 10:02:40.000000000,99260,199,99167,100,99590,199,99098,199,99859,199,99071,199,99868,499,99048,199,99869,100,99038,100,100030,100,98951,100,100319,100,98894,100,100481,100,98869,100,100645,100,98762,100,100693,100,98666,100
2019-06-28 10:02:50.000000000,99260,298,99167,199,99590,298,99098,298,99859,100,99071,100,99868,400,99048,100,99869,100,99038,100,100030,100,98951,100,100319,100,98894,100,100481,100,98869,100,100645,100,98762,100,100693,100,98666,100
2019-06-28 10:02:54.960883126,99260,198,99167,199,99590,298,99098,298,99859,100,99071,100,99868,400,99048,100,99869,100,99038,100,100030,100,98951,100,100319,100,98894,100,100481,100,98869,100,100645,100,98762,100,100693,100,98666,100
2019-06-28 10:03:00.000000000,99590,298,99167,199,99859,298,99098,298,99868,400,99071,100,99869,100,99048,100,100030,100,99038,100,100319,100,98951,100,100481,100,98894,100,100645,100,98869,100,100693,100,98762,100,100754,100,98666,100
2019-06-28 10:03:10.000000000,99590,199,99167,100,99859,199,99098,199,99868,499,99071,199,99869,199,99048,199,100030,100,99038,100,100319,100,98951,100,100481,100,98894,100,100645,100,98869,100,100693,100,98762,100,100754,100,98666,100
2019-06-28 10:03:20.000000000,99590,496,99167,397,99859,100,99098,100,99868,400,99071,100,99869,100,99048,100,100030,100,99038,100,100319,100,98951,100,100481,100,98894,100,100645,100,98869,100,100693,100,98762,100,100754,100,98666,100
2019-06-28 10:03:30.000000000,99590,298,99167,199,99859,298,99098,298,99868,400,99071,100,99869,100,99048,100,100030,100,99038,100,100319,100,98951,100,100481,100,98894,100,100645,100,98869,100,100693,100,98762,100,100754,100,98666,100
2019-06-28 10:03:40.000000000,99590,179,99167,80,99859,179,99098,179,99868,479,99071,179,99869,179,99048,179,100030,179,99038,179,100319,100,98951,100,100481,100,98894,100,100645,100,98869,100,100693,100,98762,100,100754,100,98666,100
2019-06-28 10:03:50.000000000,99590,298,99167,199,99859,298,99098,298,99868,400,99071,100,99869,100,99048,100,100030,100,99038,100,100319,100,98951,100,100481,100,98894,100,100645,100,98869,100,100693,100,98762,100,100754,100,98666,100
2019-06-28 10:03:50.359574420,99560,100,99167,199,99590,198,99098,298,99859,298,99071,100,99868,400,99048,100,99869,100,99038,100,100030,100,98951,100,100319,100,98894,100,100481,100,98869,100,100645,100,98762,100,100693,100,98666,100
2019-06-28 10:03:53.016963483,99560,100,99168,100,99590,198,99167,199,99859,298,99098,298,99868,400,99071,100,99869,100,99048,100,100030,100,99038,100,100319,100,98951,100,100481,100,98894,100,100645,100,98869,100,100693,100,98762,100
2019-06-28 10:04:00.000000000,99560,298,99168,298,99859,298,99167,199,99868,400,99098,100,99869,100,99071,100,100030,100,99048,100,100319,100,99038,100,100481,100,98951,100,100645,100,98894,100,100693,100,98869,100,100754,100,98762,100
2019-06-28 10:04:10.000000000,99560,235,99168,235,99859,231,99167,132,99868,531,99098,231,99869,100,99071,100,100030,100,99048,100,100319,100,99038,100,100481,100,98951,100,100645,100,98894,100,100693,100,98869,100,100754,100,98762,100
2019-06-28 10:04:20.000000000,99560,199,99168,199,99859,199,99167,100,99868,499,99098,199,99869,199,99071,199,100030,100,99048,100,100319,100,99038,100,100481,100,98951,100,100645,100,98894,100,100693,100,98869,100,100754,100,98762,100
2019-06-28 10:04:30.000000000,99560,179,99168,179,99859,179,99167,80,99868,479,99098,179,99869,179,99071,179,100030,179,99048,179,100319,100,99038,100,100481,100,98951,100,100645,100,98894,100,100693,100,98869,100,100754,100,98762,100
2019-06-28 10:04:37.207083903,99560,179,99415,100,99859,179,99168,179,99868,479,99167,80,99869,179,99098,179,100030,179,99071,179,100319,100,99048,179,100481,100,99038,100,100645,100,98951,100,100693,100,98894,100,100754,100,98869,100
2019-06-28 10:04:39.203388519,99560,179,99415,100,99787,100,99168,179,99859,179,99167,80,99868,479,99098,179,99869,179,99071,179,100030,179,99048,79,100319,100,99038,100,100481,100,98951,100,100645,100,98894,100,100693,100,98869,100
2019-06-28 10:04:40.000000000,99560,199,99415,199,99787,199,99168,199,99859,199,99167,100,99868,499,99098,199,99869,100,99071,100,100030,100,99038,100,100319,100,98951,100,100481,100,98894,100,100645,100,98869,100,100693,100,98762,100
2019-06-28 10:04:50.000000000,99560,298,99415,298,99787,298,99168,298,99859,100,99167,1,99868,400,99098,100,99869,100,99071,100,100030,100,99038,100,100319,100,98951,100,100481,100,98894,100,100645,100,98869,100,100693,100,98762,100
2019-06-28 10:04:58.593073495,99560,198,99415,298,99787,298,99168,298,99859,100,99167,1,99868,400,99098,100,99869,100,99071,100,100030,100,99038,100,100319,100,98951,100,100481,100,98894,100,100645,100,98869,100,100693,100,98762,100
2019-06-28 10:05:00.000000000,99787,496,99415,496,99859,100,99168,100,99868,400,99167,1,99869,100,99098,100,100030,100,99071,100,100319,100,99038,100,100481,100,98951,100,100645,100,98894,100,100693,100,98869,100,100754,100,98762,100
2019-06-28 10:05:10.000000000,99787,496,99415,496,99859,100,99168,100,99868,400,99167,1,99869,100,99098,100,100030,100,99071,100,100319,100,99038,100,100481,100,98951,100,100645,100,98894,100,100693,100,98869,100,100754,100,98762,100
2019-06-28 10:05:20.000000000,99787,298,99415,298,99859,298,99168,298,99868,400,99167,1,99869,100,99098,100,100030,100,99071,100,100319,100,99038,100,100481,100,98951,100,100645,100,98894,100,100693,100,98869,100,100754,100,98762,100
2019-06-28 10:05:30.000000000,99787,199,99415,199,99859,199,99168,199,99868,499,99167,100,99869,199,99098,199,100030,100,99071,100,100319,100,99038,100,100481,100,98951,100,100645,100,98894,100,100693,100,98869,100,100754,100,98762,100
2019-06-28 10:05:37.378225549,99787,199,99416,100,99859,199,99415,199,99868,499,99168,199,99869,199,99167,100,100030,100,99098,199,100319,100,99071,100,100481,100,99038,100,100645,100,98951,100,100693,100,98894,100,100754,100,98869,100
2019-06-28 10:05:40.000000000,99787,179,99416,179,99859,179,99415,179,99868,479,99168,179,99869,179,99167,80,100030,179,99098,179,100319,100,99071,100,100481,100,99038,100,100645,100,98951,100,100693,100,98894,100,100754,100,98869,100
2019-06-28 10:05:42.331152216,99765,100,99416,179,99787,179,99415,179,99859,179,99168,179,99868,479,99167,80,99869,179,99098,179,100030,179,99071,100,100319,100,99038,100,100481,100,98951,100,100645,100,98894,100,100693,100,98869,100
2019-06-28 10:05:50.000000000,99765,199,99416,199,99787,199,99415,199,99859,199,99168,199,99868,499,99167,100,99869,100,99098,100,100030,100,99071,100,100319,100,99038,100,100481,100,98951,100,100645,100,98894,100,100693,100,98869,100
2019-06-28 10:05:53.804067779,99765,199,99416,199,99787,199,99415,199,99859,199,99386,100,99868,499,99168,199,99869,100,99167,100,100030,100,99098,100,100319,100,99071,100,100481,100,99038,100,100645,100,98951,100,100693,100,98869,100
2019-06-28 10:06:00.000000000,99765,199,99416,199,99787,199,99415,199,99859,199,99386,199,99868,499,99168,199,99869,100,99167,1,100030,100,99098,100,100319,100,99071,100,100481,100,99038,100,100645,100,98951,100,100693,100,98869,100
2019-06-28 10:06:10.000000000,99765,298,99416,298,99787,298,99415,298,99859,100,99386,100,99868,400,99168,100,99869,100,99167,1,100030,100,99098,100,100319,100,99071,100,100481,100,99038,100,100645,100,98951,100,100693,100,98869,100
2019-06-28 10:06:20.000000000,99765,496,99416,496,99787,100,99415,100,99859,100,99386,100,99868,400,99168,100,99869,100,99167,1,100030,100,99098,100,100319,100,99071,100,100481,100,99038,100,100645,100,98951,100,100693,100,98869,100
2019-06-28 10:06:21.719392896,99765,496,99650,100,99787,100,99416,496,99859,100,99415,100,99868,400,99386,100,99869,100,99168,100,100030,100,99167,1,100319,100,99098,100,100481,100,99071,100,100645,100,99038,100,100693,100,98951,100
2019-06-28 10:06:27.922667930,99765,496,99650,100,99787,100,99416,496,99859,100,99415,100,99868,400,99386,100,99869,100,99168,100,99977,100,99167,1,100030,100,99098,100,100319,100,99071,100,100481,100,99038,100,100645,100,98951,100
