,ask_price_1,ask_size_1,bid_price_1,bid_size_1,ask_price_2,ask_size_2,bid_price_2,bid_size_2,ask_price_3,ask_size_3,bid_price_3,bid_size_3,ask_price_4,ask_size_4,bid_price_4,bid_size_4,ask_price_5,ask_size_5,bid_price_5,bid_size_5,ask_price_6,ask_size_6,bid_price_6,bid_size_6,ask_price_7,ask_size_7,bid_price_7,bid_size_7,ask_price_8,ask_size_8,bid_price_8,bid_size_8,ask_price_9,ask_size_9,bid_price_9,bid_size_9,ask_price_10,ask_size_10,bid_price_10,bid_size_10
2019-06-28 09:30:00.000000000,,,100020,100,,,99843,100,,,,,,,,,,,,,,,,,,,,,,,,,,,,,,,,
2019-06-28 09:30:00.000000003,,,100020,100,,,99905,100,,,99843,100,,,,,,,,,,,,,,,,,,,,,,,,,,,,
2019-06-28 09:30:00.000000004,100061,100,100020,100,,,99905,100,,,99843,100,,,,,,,,,,,,,,,,,,,,,,,,,,,,
2019-06-28 09:30:00.000000005,100061,100,100020,100,,,99906,100,,,99905,100,,,99843,100,,,,,,,,,,,,,,,,,,,,,,,,
2019-06-28 09:30:00.000000006,100061,100,100020,100,,,99906,100,,,99905,100,,,99885,100,,,99843,100,,,,,,,,,,,,,,,,,,,,
2019-06-28 09:30:00.000000008,100061,100,100020,100,100150,100,99906,100,,,99905,100,,,99885,100,,,99843,100,,,,,,,,,,,,,,,,,,,,
2019-06-28 09:30:00.000000009,100126,100,100044,100,100150,100,100020,100,100152,100,99906,100,,,99905,100,,,99885,100,,,99843,100,,,,,,,,,,,,,,,,
2019-06-28 09:30:00.000000010,100049,100,100044,100,100126,100,100020,100,100150,100,99906,100,100152,100,99905,100,,,99885,100,,,99843,100,,,,,,,,,,,,,,,,
2019-06-28 09:30:00.000000012,100049,100,100044,100,100126,100,100020,100,100150,100,99929,100,100152,100,99906,100,,,99905,100,,,99885,100,,,99843,100,,,,,,,,,,,,
2019-06-28 09:30:00.000000013,100049,100,100044,100,100077,100,100020,100,100126,100,99943,100,100150,100,99929,100,100152,100,99906,100,,,99905,100,,,99885,100,,,99843,100,,,,,,,,
2019-06-28 09:30:00.000000015,100049,100,100044,100,100077,100,100020,100,100126,100,99943,100,100150,100,99933,100,100152,100,99929,100,,,99906,100,,,99905,100,,,99885,100,,,99855,100,,,99843,100
2019-06-28 09:30:00.000000016,100049,100,100020,100,100077,100,99943,100,100126,100,99933,100,100150,100,99929,100,100152,100,99906,100,,,99905,100,,,99885,100,,,99855,100,,,99843,100,,,,
2019-06-28 09:30:00.000000017,100049,100,100020,100,100077,100,99943,100,100081,100,99933,100,100126,100,99929,100,100150,100,99906,100,100152,100,99905,100,,,99885,100,,,99865,100,,,99855,100,,,99843,100
2019-06-28 09:30:00.000000022,100049,100,100020,100,100077,100,99943,100,100081,100,99933,100,100126,100,99929,100,100132,100,99906,100,100150,100,99905,100,100152,100,99885,100,,,99865,100,,,99855,100,,,99843,100
2019-06-28 09:30:00.000000024,100049,100,100020,100,100077,100,99943,100,100081,100,99933,100,100126,100,99929,100,100132,100,99906,100,100150,100,99905,100,100152,100,99885,100,,,99869,100,,,99865,100,,,99855,100
2019-06-28 09:30:00.000000025,100049,100,100020,100,100070,100,99943,100,100077,100,99933,100,100081,100,99929,100,100126,100,99906,100,100132,100,99905,100,100150,100,99885,100,100152,100,99869,100,,,99865,100,,,99855,100
2019-06-28 09:30:00.000000027,100049,100,100044,100,100070,100,100020,100,100077,100,99943,100,100081,100,99933,100,100126,100,99929,100,100132,100,99906,100,100150,100,99905,100,100152,100,99885,100,,,99869,100,,,99865,100
2019-06-28 09:30:00.000000030,100049,100,100044,100,100070,100,100020,100,100077,100,99943,100,100081,100,99933,100,100126,100,99929,100,100132,100,99906,100,100150,100,99905,100,100152,100,99885,100,,,99873,100,,,99869,100
2019-06-28 09:30:00.000000031,100049,100,100044,100,100061,100,100020,100,100070,100,99943,100,100077,100,99933,100,100081,100,99929,100,100126,100,99906,100,100132,100,99905,100,100150,100,99885,100,100152,100,99873,100,,,99869,100
2019-06-28 09:30:00.000000034,100049,100,100020,100,100061,100,99943,100,100070,100,99933,100,100077,100,99929,100,100081,100,99906,100,100104,100,99905,100,100126,100,99885,100,100132,100,99873,100,100150,100,99869,100,100152,100,99865,100
2019-06-28 09:30:00.000000035,100044,100,100020,100,100049,100,99943,100,100061,100,99933,100,100070,100,99929,100,100077,100,99906,100,100081,100,99905,100,100104,100,99885,100,100126,100,99873,100,100132,100,99869,100,100150,100,99865,100
2019-06-28 09:30:00.000000036,100044,100,99943,100,100049,100,99933,100,100061,100,99929,100,100070,100,99906,100,100077,100,99905,100,100081,100,99891,100,100104,100,99885,100,100118,100,99873,100,100126,100,99869,100,100132,100,99865,100
2019-06-28 09:30:00.000000037,100044,100,99943,100,100049,100,99933,100,100061,100,99929,100,100070,100,99906,100,100077,100,99905,100,100081,100,99891,100,100104,100,99885,100,100118,100,99873,100,100126,100,99869,100,100132,100,99865,100
2019-06-28 09:30:00.000000038,100025,100,100020,100,100044,100,99943,100,100049,100,99933,100,100061,100,99929,100,100070,100,99906,100,100077,100,99905,100,100081,100,99891,100,100104,100,99885,100,100118,100,99873,100,100126,100,99869,100
2019-06-28 09:30:00.000000040,100025,100,100020,100,100044,100,99943,100,100049,100,99933,100,100061,100,99929,100,100070,100,99920,100,100077,100,99906,100,100081,100,99905,100,100104,100,99891,100,100118,100,99885,100,100126,100,99873,100
2019-06-28 09:30:00.000000042,100025,100,99943,100,100044,100,99933,100,100049,100,99929,100,100061,100,99920,100,100070,100,99906,100,100077,100,99905,100,100081,100,99891,100,100104,100,99885,100,100118,100,99873,100,100126,100,99869,100
2019-06-28 09:30:00.000000043,100025,100,99943,100,100044,100,99933,100,100049,100,99929,100,100061,100,99920,100,100070,100,99906,100,100077,100,99905,100,100081,100,99891,100,100104,100,99890,100,100118,100,99885,100,100126,100,99873,100
2019-06-28 09:30:00.000000046,100025,100,99943,100,100044,100,99933,100,100049,100,99929,100,100061,100,99920,100,100070,100,99906,100,100077,100,99905,100,100081,100,99891,100,100104,100,99890,100,100118,100,99885,100,100126,100,99873,100
2019-06-28 09:30:00.000000048,100025,100,100020,100,100044,100,99943,100,100049,100,99933,100,100061,100,99929,100,100070,100,99920,100,100077,100,99906,100,100081,100,99905,100,100104,100,99891,100,100118,100,99890,100,100126,100,99885,100
2019-06-28 09:30:00.000000050,100025,100,100020,100,100044,100,99943,100,100049,100,99933,100,100061,100,99929,100,100070,100,99920,100,100077,100,99906,100,100081,100,99905,100,100104,100,99891,100,100118,100,99890,100,100126,100,99885,100
2019-06-28 09:30:00.000000054,100025,100,100024,100,100044,100,100020,100,100049,100,99943,100,100061,100,99933,100,100070,100,99929,100,100077,100,99920,100,100081,100,99906,100,100104,100,99905,100,100118,100,99891,100,100126,100,99890,100
2019-06-28 09:30:00.000000056,100025,100,100024,100,100044,100,100020,100,100049,100,99951,100,100061,100,99943,100,100070,100,99933,100,100077,100,99929,100,100081,100,99920,100,100104,100,99906,100,100118,100,99905,100,100126,100,99891,100
2019-06-28 09:30:00.000000058,100044,100,100024,100,100049,100,100020,100,100061,100,99951,100,100070,100,99943,100,100077,100,99933,100,100081,100,99929,100,100104,100,99920,100,100118,100,99906,100,100126,100,99905,100,100132,100,99891,100
2019-06-28 09:30:00.000000059,100044,100,100020,100,100049,100,99951,100,100061,100,99943,100,100070,100,99933,100,100077,100,99929,100,100081,100,99920,100,100104,100,99906,100,100118,100,99905,100,100126,100,99891,100,100132,100,99890,100
2019-06-28 09:30:00.000000060,100044,100,100020,100,100049,100,99951,100,100061,100,99943,100,100070,100,99933,100,100077,100,99929,100,100081,100,99920,100,100104,100,99906,100,100105,100,99905,100,100118,100,99891,100,100126,100,99890,100
2019-06-28 09:30:00.000000061,100044,100,100020,100,100049,100,99994,100,100061,100,99951,100,100070,100,99943,100,100077,100,99933,100,100081,100,99929,100,100104,100,99920,100,100105,100,99906,100,100118,100,99905,100,100126,100,99891,100
2019-06-28 09:30:00.000000064,100044,100,100020,100,100049,100,99994,100,100061,100,99951,100,100070,100,99943,100,100077,100,99933,100,100081,100,99929,100,100104,100,99920,100,100105,100,99906,100,100118,100,99905,100,100126,100,99896,100
2019-06-28 09:30:00.000000069,100044,100,100020,100,100049,100,99994,100,100058,100,99951,100,100061,100,99943,100,100070,100,99933,100,100077,100,99929,100,100081,100,99920,100,100104,100,99906,100,100105,100,99905,100,100118,100,99896,100
2019-06-28 09:30:00.000000070,100044,100,100020,100,100049,100,99994,100,100054,100,99951,100,100058,100,99943,100,100061,100,99933,100,100070,100,99929,100,100077,100,99920,100,100081,100,99906,100,100104,100,99905,100,100105,100,99896,100
2019-06-28 09:30:00.000000071,100044,100,100020,100,100049,100,99994,100,100054,100,99951,100,100058,100,99943,100,100061,100,99933,100,100070,100,99929,100,100077,100,99920,100,100081,100,99906,100,100104,100,99905,100,100105,100,99896,100
2019-06-28 09:30:00.000000077,100044,100,100020,100,100049,100,99994,100,100054,100,99951,100,100058,100,99943,100,100061,100,99933,100,100070,100,99929,100,100077,100,99920,100,100081,100,99906,100,100104,100,99905,100,100105,100,99896,100
2019-06-28 09:30:00.000000078,100025,100,100020,100,100044,100,99994,100,100049,100,99951,100,100054,100,99947,100,100058,100,99943,100,100061,100,99933,100,100070,100,99929,100,100077,100,99920,100,100081,100,99906,100,100104,100,99905,100
2019-06-28 09:30:00.000000079,100025,100,100020,100,100044,100,99994,100,100049,100,99951,100,100052,100,99947,100,100054,100,99943,100,100058,100,99933,100,100061,100,99929,100,100070,100,99920,100,100077,100,99906,100,100081,100,99905,100
2019-06-28 09:30:00.000000080,100025,200,100020,100,100044,100,99994,100,100049,100,99951,100,100052,100,99947,100,100054,100,99943,100,100058,100,99933,100,100061,100,99929,100,100064,100,99920,100,100070,100,99906,100,100077,100,99905,100
2019-06-28 09:30:00.000000081,100025,200,100020,100,100044,100,99994,100,100049,100,99951,100,100052,100,99947,100,100054,100,99943,100,100058,100,99933,100,100061,100,99929,100,100064,100,99920,100,100070,100,99906,100,100077,100,99905,100
2019-06-28 09:30:00.000000082,100025,200,99994,100,100044,100,99951,100,100049,100,99947,100,100052,100,99943,100,100054,100,99933,100,100058,100,99929,100,100061,100,99920,100,100064,100,99906,100,100070,100,99905,100,100077,100,99896,100
2019-06-28 09:30:00.000000084,99999,100,99994,100,100025,200,99951,100,100044,100,99947,100,100049,100,99943,100,100052,100,99933,100,100054,100,99929,100,100058,100,99920,100,100061,100,99906,100,100064,100,99905,100,100070,100,99896,100
2019-06-28 09:30:00.000000085,99999,100,99994,100,100024,100,99951,100,100025,200,99947,100,100044,100,99943,100,100049,100,99933,100,100052,100,99929,100,100054,100,99920,100,100058,100,99906,100,100061,100,99905,100,100064,100,99896,100
2019-06-28 09:30:01.392727389,99999,100,99994,100,100024,100,99951,200,100025,200,99947,100,100044,100,99943,100,100049,100,99933,100,100052,100,99929,100,100054,100,99920,100,100058,100,99906,100,100061,100,99905,100,100064,100,99896,100
2019-06-28 09:30:06.264772075,99999,100,99951,200,100024,100,99947,100,100025,200,99943,100,100044,100,99933,100,100049,100,99929,100,100052,100,99920,100,100054,100,99906,100,100058,100,99905,100,100061,100,99896,100,100064,100,99891,100
2019-06-28 09:30:10.000000000,99999,220,99951,320,100024,220,99947,220,100025,320,99943,220,100044,220,99933,220,100049,100,99929,100,100052,100,99920,100,100054,100,99906,100,100058,100,99905,100,100061,100,99896,100,100064,100,99891,100
2019-06-28 09:30:10.436546663,99999,220,99951,320,100024,220,99947,220,100025,320,99943,220,100044,220,99933,220,100049,100,99929,100,100052,100,99920,100,100054,100,99906,100,100058,100,99896,100,100061,100,99891,100,100064,100,99890,100
2019-06-28 09:30:20.000000000,99999,220,99951,320,100024,220,99947,220,100025,320,99943,220,100044,220,99933,220,100049,100,99929,100,100052,100,99920,100,100054,100,99906,100,100058,100,99896,100,100061,100,99891,100,100064,100,99890,100
2019-06-28 09:30:24.438734690,99999,220,99951,320,100024,220,99947,220,100025,320,99943,220,100044,220,99933,220,100049,100,99929,100,100052,100,99920,100,100054,100,99906,100,100058,100,99896,100,100061,100,99891,100,100064,100,99890,100
2019-06-28 09:30:30.000000000,99999,340,99951,440,100024,340,99947,340,100025,200,99943,100,100044,100,99933,100,100049,100,99929,100,100052,100,99920,100,100054,100,99906,100,100058,100,99896,100,100061,100,99891,100,100064,100,99890,100
2019-06-28 09:30:34.845233576,99999,340,99951,440,100024,340,99947,340,100025,200,99943,100,100044,100,99940,100,100049,100,99933,100,100052,100,99929,100,100054,100,99920,100,100058,100,99906,100,100061,100,99896,100,100064,100,99891,100
2019-06-28 09:30:40.000000000,99999,263,99951,363,100024,258,99947,258,100025,358,99943,258,100044,100,99940,100,100049,100,99933,100,100052,100,99929,100,100054,100,99920,100,100058,100,99906,100,100061,100,99896,100,100064,100,99891,100
2019-06-28 09:30:50.000000000,99999,580,99951,680,100024,100,99947,100,100025,200,99943,100,100044,100,99940,100,100049,100,99933,100,100052,100,99929,100,100054,100,99920,100,100058,100,99906,100,100061,100,99896,100,100064,100,99891,100
2019-06-28 09:31:00.000000000,99999,263,99951,363,100024,258,99947,258,100025,358,99943,258,100044,100,99940,100,100049,100,99933,100,100052,100,99929,100,100054,100,99920,100,100058,100,99906,100,100061,100,99896,100,100064,100,99891,100
2019-06-28 09:31:02.912481993,99998,100,99951,363,99999,263,99947,258,100024,258,99943,258,100025,358,99940,100,100044,100,99933,100,100049,100,99920,100,100052,100,99906,100,100054,100,99896,100,100058,100,99891,100,100061,100,99890,100
2019-06-28 09:31:06.700472170,99998,200,99951,363,99999,263,99947,258,100024,258,99943,258,100025,358,99940,100,100044,100,99933,100,100049,100,99920,100,100052,100,99906,100,100054,100,99896,100,100058,100,99891,100,100061,100,99890,100
2019-06-28 09:31:06.775509226,99998,200,99951,263,99999,263,99947,258,100024,258,99943,258,100025,358,99940,100,100044,100,99933,100,100049,100,99920,100,100052,100,99906,100,100054,100,99896,100,100058,100,99891,100,100061,100,99890,100
2019-06-28 09:31:10.000000000,99998,296,99951,196,99999,196,99947,196,100024,196,99943,196,100025,296,99940,196,100044,196,99933,196,100049,100,99920,100,100052,100,99906,100,100054,100,99896,100,100058,100,99891,100,100061,100,99890,100
2019-06-28 09:31:20.000000000,99998,363,99951,263,99999,258,99947,258,100024,258,99943,258,100025,200,99940,100,100044,100,99933,100,100049,100,99920,100,100052,100,99906,100,100054,100,99896,100,100058,100,99891,100,100061,100,99890,100
2019-06-28 09:31:30.000000000,99998,320,99951,220,99999,220,99947,220,100024,220,99943,220,100025,320,99940,220,100044,100,99933,100,100049,100,99920,100,100052,100,99906,100,100054,100,99896,100,100058,100,99891,100,100061,100,99890,100
2019-06-28 09:31:37.458787386,99994,100,99951,220,99998,320,99947,220,99999,220,99943,220,100024,220,99940,220,100025,320,99933,100,100044,100,99920,100,100049,100,99906,100,100052,100,99896,100,100054,100,99891,100,100058,100,99890,100
2019-06-28 09:31:40.000000000,99994,263,99951,263,99998,358,99947,258,99999,258,99943,258,100024,100,99940,100,100025,200,99933,100,100044,100,99920,100,100049,100,99906,100,100052,100,99896,100,100054,100,99891,100,100058,100,99890,100
2019-06-28 09:31:42.628800646,99983,100,99951,263,99994,263,99947,258,99998,358,99943,258,99999,258,99940,100,100024,100,99933,100,100025,200,99920,100,100044,100,99906,100,100049,100,99896,100,100052,100,99891,100,100054,100,99890,100
2019-06-28 09:31:50.000000000,99983,196,99951,196,99994,196,99947,196,99998,296,99943,196,99999,196,99940,196,100024,196,99933,196,100025,200,99920,100,100044,100,99906,100,100049,100,99896,100,100052,100,99891,100,100054,100,99890,100
2019-06-28 09:31:56.340848008,99983,196,99951,96,99994,196,99947,196,99998,296,99943,196,99999,196,99940,196,100024,196,99933,196,100025,200,99920,100,100044,100,99906,100,100049,100,99896,100,100052,100,99891,100,100054,100,99890,100
2019-06-28 09:32:00.000000000,99983,580,99947,580,99994,100,99943,100,99998,200,99940,100,99999,100,99933,100,100024,100,99920,100,100025,200,99906,100,100044,100,99896,100,100049,100,99891,100,100052,100,99890,100,100054,100,99885,100
2019-06-28 09:32:00.098027079,99983,580,99947,580,99994,100,99943,100,99998,200,99940,100,99999,100,99933,100,100024,100,99920,100,100025,200,99906,100,100044,100,99896,100,100049,100,99891,100,100052,100,99890,100,100054,100,99885,100
2019-06-28 09:32:10.000000000,99983,263,99947,263,99994,258,99943,258,99998,358,99940,258,99999,100,99933,100,100024,100,99920,100,100025,200,99906,100,100044,100,99896,100,100049,100,99891,100,100052,100,99890,100,100054,100,99885,100
2019-06-28 09:32:20.000000000,99983,196,99947,196,99994,196,99943,196,99998,296,99940,196,99999,196,99933,196,100024,196,99920,196,100025,200,99906,100,100044,100,99896,100,100049,100,99891,100,100052,100,99890,100,100054,100,99885,100
2019-06-28 09:32:30.000000000,99983,196,99947,196,99994,196,99943,196,99998,296,99940,196,99999,196,99933,196,100024,196,99920,196,100025,200,99906,100,100044,100,99896,100,100049,100,99891,100,100052,100,99890,100,100054,100,99885,100
2019-06-28 09:32:40.000000000,99983,196,99947,196,99994,196,99943,196,99998,296,99940,196,99999,196,99933,196,100024,196,99920,196,100025,200,99906,100,100044,100,99896,100,100049,100,99891,100,100052,100,99890,100,100054,100,99885,100
2019-06-28 09:32:44.240944225,99951,100,99947,196,99983,196,99943,196,99994,196,99940,196,99998,296,99933,196,99999,196,99920,196,100024,196,99906,100,100025,200,99896,100,100049,100,99891,100,100052,100,99890,100,100054,100,99885,100
2019-06-28 09:32:50.000000000,99951,340,99947,340,99983,340,99943,340,99994,100,99940,100,99998,200,99933,100,99999,100,99920,100,100024,100,99906,100,100025,200,99896,100,100049,100,99891,100,100052,100,99890,100,100054,100,99885,100
2019-06-28 09:32:53.526453207,99951,340,99947,340,99983,340,99943,340,99994,100,99940,100,99998,200,99933,100,99999,100,99920,100,100024,100,99906,100,100025,200,99896,100,100049,100,99891,100,100052,100,99890,100,100054,100,99885,100
2019-06-28 09:33:00.000000000,99951,340,99947,340,99983,340,99943,340,99994,100,99940,100,99998,200,99933,100,99999,100,99920,100,100024,100,99906,100,100025,200,99896,100,100049,100,99891,100,100052,100,99890,100,100054,100,99885,100
2019-06-28 09:33:06.585126910,99951,340,99947,340,99983,340,99943,340,99994,100,99940,100,99998,200,99933,100,99999,100,99920,100,100024,100,99906,100,100025,200,99896,100,100049,100,99891,100,100052,100,99890,100,100054,100,99885,100
2019-06-28 09:33:10.000000000,99951,340,99947,340,99983,340,99943,340,99994,100,99940,100,99998,200,99933,100,99999,100,99920,100,100024,100,99906,100,100025,200,99896,100,100049,100,99891,100,100052,100,99890,100,100054,100,99885,100
2019-06-28 09:33:20.000000000,99951,340,99947,340,99983,340,99943,340,99994,100,99940,100,99998,200,99933,100,99999,100,99920,100,100024,100,99906,100,100025,200,99896,100,100049,100,99891,100,100052,100,99890,100,100054,100,99885,100
2019-06-28 09:33:30.000000000,99951,580,99947,580,99983,100,99943,100,99994,100,99940,100,99998,200,99933,100,99999,100,99920,100,100024,100,99906,100,100025,200,99896,100,100049,100,99891,100,100052,100,99890,100,100054,100,99885,100
2019-06-28 09:33:40.000000000,99951,340,99947,340,99983,340,99943,340,99994,100,99940,100,99998,200,99933,100,99999,100,99920,100,100024,100,99906,100,100025,200,99896,100,100049,100,99891,100,100052,100,99890,100,100054,100,99885,100
2019-06-28 09:33:49.463729473,99951,340,99947,340,99983,340,99943,340,99994,100,99940,100,99998,200,99933,100,99999,100,99920,100,100024,100,99906,100,100025,200,99896,100,100049,100,99891,100,100052,100,99890,100,100054,100,99885,100
2019-06-28 09:33:49.759537885,99951,240,99947,240,99983,340,99943,340,99994,100,99940,100,99998,200,99933,100,99999,100,99920,100,100024,100,99906,100,100025,200,99896,100,100049,100,99891,100,100052,100,99890,100,100054,100,99885,100
2019-06-28 09:33:50.000000000,99983,196,99943,196,99994,196,99940,196,99998,296,99933,196,99999,196,99920,196,100024,196,99906,196,100025,200,99896,100,100049,100,99891,100,100052,100,99890,100,100054,100,99885,100,100064,100,99873,100
2019-06-28 09:33:54.779123428,99983,196,99943,196,99994,196,99940,196,99998,296,99933,196,99999,196,99920,196,100024,196,99906,196,100025,200,99896,100,100049,100,99891,100,100052,100,99890,100,100054,100,99885,100,100064,100,99873,100
2019-06-28 09:34:00.000000000,99983,196,99943,196,99994,196,99940,196,99998,296,99933,196,99999,196,99920,196,100024,196,99906,196,100025,200,99896,100,100049,100,99891,100,100052,100,99890,100,100054,100,99885,100,100064,100,99873,100
2019-06-28 09:34:07.661750907,99983,196,99943,196,99994,196,99940,196,99998,296,99933,196,99999,196,99920,196,100024,196,99906,196,100025,200,99896,100,100052,100,99891,100,100054,100,99890,100,100064,100,99885,100,100070,100,99873,100
2019-06-28 09:34:10.000000000,99983,263,99943,263,99994,258,99940,258,99998,358,99933,258,99999,100,99920,100,100024,100,99906,100,100025,200,99896,100,100052,100,99891,100,100054,100,99890,100,100064,100,99885,100,100070,100,99873,100
2019-06-28 09:34:10.884491474,99983,163,99943,263,99994,258,99940,258,99998,358,99933,258,99999,100,99920,100,100024,100,99906,100,100025,200,99896,100,100052,100,99890,100,100054,100,99885,100,100064,100,99873,100,100070,100,99869,100
2019-06-28 09:34:18.757342020,99983,63,99943,263,99994,258,99940,258,99998,358,99933,258,99999,100,99920,100,100024,100,99906,100,100025,200,99896,100,100052,100,99890,100,100054,100,99885,100,100064,100,99873,100,100070,100,99869,100
2019-06-28 09:34:20.000000000,99994,263,99943,263,99998,358,99940,258,99999,258,99933,258,100024,100,99920,100,100025,200,99906,100,100052,100,99896,100,100054,100,99890,100,100064,100,99885,100,100070,100,99873,100,100072,100,99869,100
2019-06-28 09:34:30.000000000,99994,263,99943,263,99998,358,99940,258,99999,258,99933,258,100024,100,99920,100,100025,200,99906,100,100052,100,99896,100,100054,100,99890,100,100064,100,99885,100,100070,100,99873,100,100072,100,99869,100
2019-06-28 09:34:40.000000000,99994,196,99943,196,99998,296,99940,196,99999,196,99933,196,100024,196,99920,196,100025,296,99906,196,100052,100,99896,100,100054,100,99890,100,100064,100,99885,100,100070,100,99873,100,100072,100,99869,100
2019-06-28 09:34:50.000000000,99994,263,99943,263,99998,358,99940,258,99999,258,99933,258,100024,100,99920,100,100025,200,99906,100,100052,100,99896,100,100054,100,99890,100,100064,100,99885,100,100070,100,99873,100,100072,100,99869,100
2019-06-28 09:34:50.876110541,99994,263,99943,263,99998,358,99940,258,99999,258,99936,100,100024,100,99933,258,100025,200,99920,100,100052,100,99906,100,100054,100,99896,100,100064,100,99890,100,100070,100,99885,100,100072,100,99873,100
2019-06-28 09:35:00.000000000,99994,220,99943,220,99998,320,99940,220,99999,220,99936,220,100024,220,99933,220,100025,200,99920,100,100052,100,99906,100,100054,100,99896,100,100064,100,99890,100,100070,100,99885,100,100072,100,99873,100
2019-06-28 09:35:10.000000000,99994,340,99943,340,99998,440,99940,340,99999,100,99936,100,100024,100,99933,100,100025,200,99920,100,100052,100,99906,100,100054,100,99896,100,100064,100,99890,100,100070,100,99885,100,100072,100,99873,100
2019-06-28 09:35:10.002211430,99994,340,99943,240,99998,440,99940,340,99999,100,99936,100,100024,100,99933,100,100025,200,99920,100,100052,100,99906,100,100064,100,99896,100,100070,100,99890,100,100072,100,99885,100,100077,100,99873,100
2019-06-28 09:35:18.477773125,99983,100,99943,240,99994,340,99940,340,99998,440,99936,100,99999,100,99933,100,100024,100,99920,100,100025,100,99906,100,100052,100,99896,100,100064,100,99890,100,100070,100,99885,100,100072,100,99873,100
2019-06-28 09:35:20.000000000,99983,220,99940,220,99994,220,99936,220,99998,320,99933,220,99999,220,99920,220,100024,100,99906,100,100025,100,99896,100,100052,100,99890,100,100064,100,99885,100,100070,100,99873,100,100072,100,99869,100
2019-06-28 09:35:30.000000000,99983,263,99940,263,99994,258,99936,258,99998,358,99933,258,99999,100,99920,100,100024,100,99906,100,100025,100,99896,100,100052,100,99890,100,100064,100,99885,100,100070,100,99873,100,100072,100,99869,100
2019-06-28 09:35:40.000000000,99983,196,99940,196,99994,196,99936,196,99998,296,99933,196,99999,196,99920,196,100024,196,99906,196,100025,100,99896,100,100052,100,99890,100,100064,100,99885,100,100070,100,99873,100,100072,100,99869,100
2019-06-28 09:35:50.000000000,99983,340,99940,340,99994,340,99936,340,99998,200,99933,100,99999,100,99920,100,100024,100,99906,100,100025,100,99896,100,100052,100,99890,100,100064,100,99885,100,100070,100,99873,100,100072,100,99869,100
2019-06-28 09:36:00.000000000,99983,196,99940,196,99994,196,99936,196,99998,296,99933,196,99999,196,99920,196,100024,196,99906,196,100025,100,99896,100,100052,100,99890,100,100064,100,99885,100,100070,100,99873,100,100072,100,99869,100
2019-06-28 09:36:06.525915032,99983,196,99940,196,99994,196,99936,196,99998,296,99933,196,99999,196,99920,196,100024,196,99906,196,100025,100,99896,100,100052,100,99890,100,100064,100,99885,100,100070,100,99873,100,100072,100,99869,100
2019-06-28 09:36:10.000000000,99983,580,99940,580,99994,100,99936,100,99998,200,99933,100,99999,100,99920,100,100024,100,99906,100,100025,100,99896,100,100052,100,99890,100,100064,100,99885,100,100070,100,99873,100,100072,100,99869,100
2019-06-28 09:36:12.802071332,99983,580,99940,580,99994,100,99936,100,99998,200,99933,100,99999,100,99920,100,100024,100,99896,100,100025,100,99890,100,100052,100,99885,100,100064,100,99873,100,100070,100,99869,100,100072,100,99861,100
2019-06-28 09:36:16.583107431,99983,580,99940,580,99994,100,99936,100,99998,200,99933,100,99999,100,99920,100,100024,100,99896,100,100025,100,99890,100,100052,100,99885,100,100064,100,99873,100,100070,100,99869,100,100072,100,99861,100
2019-06-28 09:36:20.000000000,99983,340,99940,340,99994,340,99936,340,99998,200,99933,100,99999,100,99920,100,100024,100,99896,100,100025,100,99890,100,100052,100,99885,100,100064,100,99873,100,100070,100,99869,100,100072,100,99861,100
2019-06-28 09:36:30.000000000,99983,263,99940,263,99994,258,99936,258,99998,358,99933,258,99999,100,99920,100,100024,100,99896,100,100025,100,99890,100,100052,100,99885,100,100064,100,99873,100,100070,100,99869,100,100072,100,99861,100
2019-06-28 09:36:40.000000000,99983,196,99940,196,99994,196,99936,196,99998,296,99933,196,99999,196,99920,196,100024,196,99896,196,100025,100,99890,100,100052,100,99885,100,100064,100,99873,100,100070,100,99869,100,100072,100,99861,100
2019-06-28 09:36:50.000000000,99983,263,99940,263,99994,258,99936,258,99998,358,99933,258,99999,100,99920,100,100024,100,99896,100,100025,100,99890,100,100052,100,99885,100,100064,100,99873,100,100070,100,99869,100,100072,100,99861,100
2019-06-28 09:37:00.000000000,99983,580,99940,580,99994,100,99936,100,99998,200,99933,100,99999,100,99920,100,100024,100,99896,100,100025,100,99890,100,100052,100,99885,100,100064,100,99873,100,100070,100,99869,100,100072,100,99861,100
2019-06-28 09:37:10.000000000,99983,220,99940,220,99994,220,99936,220,99998,320,99933,220,99999,220,99920,220,100024,100,99896,100,100025,100,99890,100,100052,100,99885,100,100064,100,99873,100,100070,100,99869,100,100072,100,99861,100
2019-06-28 09:37:20.000000000,99983,220,99940,220,99994,220,99936,220,99998,320,99933,220,99999,220,99920,220,100024,100,99896,100,100025,100,99890,100,100052,100,99885,100,100064,100,99873,100,100070,100,99869,100,100072,100,99861,100
2019-06-28 09:37:21.599713484,99983,220,99940,220,99994,220,99936,220,99998,320,99933,220,99999,220,99920,220,100024,100,99896,100,100025,100,99890,100,100052,100,99885,100,100064,100,99873,100,100070,100,99869,100,100072,100,99861,100
2019-06-28 09:37:30.000000000,99983,220,99940,220,99994,220,99936,220,99998,320,99933,220,99999,220,99920,220,100024,100,99896,100,100025,100,99890,100,100052,100,99885,100,100064,100,99873,100,100070,100,99869,100,100072,100,99861,100
2019-06-28 09:37:33.552490923,99983,220,99944,100,99994,220,99940,220,99998,320,99936,220,99999,220,99933,220,100024,100,99920,220,100025,100,99896,100,100052,100,99890,100,100064,100,99885,100,100070,100,99873,100,100072,100,99869,100
2019-06-28 09:37:39.488176318,99983,120,99944,100,99994,220,99940,220,99998,320,99936,220,99999,220,99933,220,100024,100,99920,220,100025,100,99896,100,100052,100,99890,100,100064,100,99885,100,100070,100,99869,100,100072,100,99861,100
2019-06-28 09:37:40.000000000,99994,580,99944,580,99998,200,99940,100,99999,100,99936,100,100024,100,99933,100,100025,100,99920,100,100052,100,99896,100,100064,100,99890,100,100070,100,99885,100,100072,100,99869,100,100077,100,99861,100
2019-06-28 09:37:41.506842131,99994,480,99944,580,99998,200,99936,100,99999,100,99933,100,100024,100,99920,100,100025,100,99896,100,100052,100,99890,100,100064,100,99885,100,100070,100,99869,100,100072,100,99861,100,100077,100,99852,100
2019-06-28 09:37:44.055305951,99994,480,99983,100,99998,200,99944,580,99999,100,99936,100,100024,100,99933,100,100025,100,99920,100,100052,100,99896,100,100064,100,99890,100,100070,100,99885,100,100072,100,99869,100,100077,100,99861,100
2019-06-28 09:37:45.567042068,99994,480,99983,100,99998,200,99944,580,99999,100,99936,100,100024,100,99933,100,100025,100,99920,100,100052,100,99896,100,100064,100,99890,100,100070,100,99885,100,100072,100,99869,100,100077,100,99861,100
2019-06-28 09:37:45.954699831,99994,480,99983,200,99998,200,99944,580,99999,100,99936,100,100024,100,99933,100,100025,100,99920,100,100052,100,99896,100,100064,100,99890,100,100070,100,99885,100,100072,100,99869,100,100077,100,99861,100
2019-06-28 09:37:49.008516534,99994,380,99983,200,99998,200,99944,580,99999,100,99936,100,100024,100,99933,100,100025,100,99920,100,100052,100,99896,100,100064,100,99890,100,100070,100,99885,100,100072,100,99869,100,100077,100,99861,100
2019-06-28 09:37:50.000000000,99998,680,99983,680,99999,100,99944,100,100024,100,99936,100,100025,100,99933,100,100052,100,99920,100,100064,100,99896,100,100070,100,99890,100,100072,100,99885,100,100077,100,99869,100,100081,100,99861,100
2019-06-28 09:37:52.381237228,99998,580,99983,680,99999,100,99944,100,100024,100,99936,100,100025,100,99933,100,100052,100,99920,100,100064,100,99896,100,100070,100,99890,100,100072,100,99885,100,100077,100,99869,100,100081,100,99861,100
2019-06-28 09:37:53.386443213,99998,480,99983,680,99999,100,99944,100,100024,100,99936,100,100025,100,99933,100,100052,100,99920,100,100064,100,99896,100,100070,100,99890,100,100072,100,99885,100,100077,100,99869,100,100081,100,99861,100
2019-06-28 09:38:00.000000000,99999,580,99983,680,100024,100,99944,100,100025,100,99936,100,100052,100,99933,100,100064,100,99920,100,100070,100,99896,100,100072,100,99890,100,100077,100,99885,100,100081,100,99869,100,100118,100,99861,100
2019-06-28 09:38:10.000000000,99999,220,99983,320,100024,220,99944,220,100025,220,99936,220,100052,220,99933,220,100064,100,99920,100,100070,100,99896,100,100072,100,99890,100,100077,100,99885,100,100081,100,99869,100,100118,100,99861,100
2019-06-28 09:38:20.000000000,99999,220,99983,320,100024,220,99944,220,100025,220,99936,220,100052,220,99933,220,100064,100,99920,100,100070,100,99896,100,100072,100,99890,100,100077,100,99885,100,100081,100,99869,100,100118,100,99861,100
2019-06-28 09:38:30.000000000,99999,340,99983,440,100024,340,99944,340,100025,100,99936,100,100052,100,99933,100,100064,100,99920,100,100070,100,99896,100,100072,100,99890,100,100077,100,99885,100,100081,100,99869,100,100118,100,99861,100
2019-06-28 09:38:35.830277967,99999,340,99983,440,100024,340,99944,340,100025,100,99936,100,100052,100,99933,100,100064,100,99920,100,100070,100,99896,100,100072,100,99890,100,100077,100,99885,100,100081,100,99869,100,100118,100,99861,100
2019-06-28 09:38:40.000000000,99999,580,99983,680,100024,100,99944,100,100025,100,99936,100,100052,100,99933,100,100064,100,99920,100,100070,100,99896,100,100072,100,99890,100,100077,100,99885,100,100081,100,99869,100,100118,100,99861,100
2019-06-28 09:38:44.731665947,99999,480,99983,680,100024,100,99944,100,100025,100,99936,100,100052,100,99933,100,100064,100,99896,100,100070,100,99890,100,100072,100,99885,100,100077,100,99869,100,100081,100,99861,100,100118,100,99852,100
2019-06-28 09:38:50.000000000,100024,196,99983,296,100025,196,99944,196,100052,196,99936,196,100064,196,99933,196,100070,196,99896,196,100072,100,99890,100,100077,100,99885,100,100081,100,99869,100,100118,100,99861,100,100132,100,99852,100
2019-06-28 09:38:53.207692248,100024,96,99998,100,100025,196,99983,296,100052,196,99944,196,100064,196,99936,196,100070,196,99933,196,100072,100,99896,196,100077,100,99890,100,100081,100,99885,100,100118,100,99869,100,100132,100,99861,100
2019-06-28 09:39:00.000000000,100025,340,99998,340,100052,340,99983,440,100064,100,99944,100,100070,100,99936,100,100072,100,99933,100,100077,100,99896,100,100081,100,99890,100,100118,100,99885,100,100132,100,99869,100,100150,100,99861,100
2019-06-28 09:39:10.000000000,100025,263,99998,263,100052,258,99983,358,100064,258,99944,258,100070,100,99936,100,100072,100,99933,100,100077,100,99896,100,100081,100,99890,100,100118,100,99885,100,100132,100,99869,100,100150,100,99861,100
2019-06-28 09:39:20.000000000,100025,220,99998,220,100052,220,99983,320,100064,220,99944,220,100070,220,99936,220,100072,100,99933,100,100077,100,99896,100,100081,100,99890,100,100118,100,99885,100,100132,100,99869,100,100150,100,99861,100
2019-06-28 09:39:30.000000000,100025,340,99998,340,100052,340,99983,440,100064,100,99944,100,100070,100,99936,100,100072,100,99933,100,100077,100,99896,100,100081,100,99890,100,100118,100,99885,100,100132,100,99869,100,100150,100,99861,100
2019-06-28 09:39:40.000000000,100025,220,99998,220,100052,220,99983,320,100064,220,99944,220,100070,220,99936,220,100072,100,99933,100,100077,100,99896,100,100081,100,99890,100,100118,100,99885,100,100132,100,99869,100,100150,100,99861,100
2019-06-28 09:39:41.286024148,100025,220,99998,220,100052,220,99983,320,100064,220,99944,220,100070,220,99936,220,100072,100,99933,100,100077,100,99896,100,100081,100,99885,100,100118,100,99869,100,100132,100,99861,100,100150,100,99852,100
2019-06-28 09:39:50.000000000,100025,220,99998,220,100052,220,99983,320,100064,220,99944,220,100070,220,99936,220,100072,100,99933,100,100077,100,99896,100,100081,100,99885,100,100118,100,99869,100,100132,100,99861,100,100150,100,99852,100
2019-06-28 09:39:50.854662365,100025,120,99998,220,100052,220,99983,320,100064,220,99944,220,100070,220,99936,220,100072,100,99933,100,100077,100,99896,100,100081,100,99869,100,100118,100,99861,100,100132,100,99852,100,100150,100,99843,100
2019-06-28 09:39:56.402135594,100025,20,99998,220,100052,220,99983,320,100064,220,99944,220,100070,220,99936,220,100072,100,99933,100,100077,100,99896,100,100081,100,99869,100,100118,100,99861,100,100132,100,99852,100,100150,100,99843,100
2019-06-28 09:39:58.547251355,100052,220,100025,80,100064,220,99998,220,100070,220,99983,320,100072,100,99944,220,100077,100,99936,220,100081,100,99896,100,100118,100,99869,100,100132,100,99861,100,100150,100,99852,100,100152,100,99843,100
2019-06-28 09:40:00.000000000,100052,220,100025,200,100064,220,99998,220,100070,220,99983,320,100072,220,99944,220,100077,100,99936,100,100081,100,99896,100,100118,100,99869,100,100132,100,99861,100,100150,100,99852,100,100152,100,99843,100
2019-06-28 09:40:10.000000000,100052,340,100025,320,100064,340,99998,340,100070,100,99983,200,100072,100,99944,100,100077,100,99936,100,100081,100,99896,100,100118,100,99869,100,100132,100,99861,100,100150,100,99852,100,100152,100,99843,100
2019-06-28 09:40:20.000000000,100052,580,100025,560,100064,100,99998,100,100070,100,99983,200,100072,100,99944,100,100077,100,99936,100,100081,100,99896,100,100118,100,99869,100,100132,100,99861,100,100150,100,99852,100,100152,100,99843,100
2019-06-28 09:40:30.000000000,100052,196,100025,176,100064,196,99998,196,100070,196,99983,296,100072,196,99944,196,100077,196,99936,196,100081,100,99896,100,100118,100,99869,100,100132,100,99861,100,100150,100,99852,100,100152,100,99843,100
2019-06-28 09:40:33.670438716,100052,96,100025,176,100064,196,99998,196,100070,196,99983,296,100072,196,99944,196,100077,196,99936,196,100081,100,99896,100,100118,100,99869,100,100132,100,99861,100,100150,100,99852,100,100152,100,99843,100
2019-06-28 09:40:40.000000000,100064,263,100025,243,100070,258,99998,258,100072,258,99983,358,100077,100,99944,100,100081,100,99936,100,100118,100,99896,100,100132,100,99869,100,100150,100,99861,100,100152,100,99852,100,100216,100,99843,100
2019-06-28 09:40:48.277645765,100064,263,100026,100,100070,258,100025,243,100072,258,99998,158,100077,100,99983,358,100081,100,99944,100,100118,100,99936,100,100132,100,99896,100,100150,100,99869,100,100152,100,99861,100,100216,100,99852,100
2019-06-28 09:40:49.814109369,100064,163,100026,100,100070,258,100025,243,100072,258,99998,158,100077,100,99983,358,100118,100,99944,100,100132,100,99936,100,100150,100,99896,100,100152,100,99869,100,100216,100,99861,100,100293,100,99852,100
2019-06-28 09:40:50.000000000,100070,220,100026,220,100072,220,100025,200,100077,220,99983,320,100118,220,99944,220,100132,100,99936,100,100150,100,99896,100,100152,100,99869,100,100216,100,99861,100,100293,100,99852,100,100495,100,99843,100
2019-06-28 09:41:00.000000000,100070,220,100026,220,100072,220,100025,200,100077,220,99983,320,100118,220,99944,220,100132,100,99936,100,100150,100,99896,100,100152,100,99869,100,100216,100,99861,100,100293,100,99852,100,100495,100,99843,100
2019-06-28 09:41:01.907265279,100070,220,100026,220,100072,220,100025,200,100077,220,99983,320,100118,220,99944,220,100132,100,99936,100,100150,100,99896,100,100152,100,99869,100,100216,100,99861,100,100293,100,99852,100,100340,100,99843,100
2019-06-28 09:41:10.000000000,100070,263,100026,263,100072,258,100025,238,100077,258,99983,358,100118,100,99944,100,100132,100,99936,100,100150,100,99896,100,100152,100,99869,100,100216,100,99861,100,100293,100,99852,100,100340,100,99843,100
2019-06-28 09:41:20.000000000,100070,340,100026,340,100072,340,100025,320,100077,100,99983,200,100118,100,99944,100,100132,100,99936,100,100150,100,99896,100,100152,100,99869,100,100216,100,99861,100,100293,100,99852,100,100340,100,99843,100
2019-06-28 09:41:24.606597158,100070,340,100026,340,100072,340,100025,320,100077,100,99983,200,100118,100,99944,100,100132,100,99936,100,100150,100,99896,100,100152,100,99869,100,100178,100,99861,100,100216,100,99852,100,100293,100,99843,100
2019-06-28 09:41:25.237454235,100070,340,100026,340,100072,340,100025,320,100077,100,99983,200,100132,100,99944,100,100150,100,99936,100,100152,100,99896,100,100174,100,99869,100,100178,100,99861,100,100216,100,99852,100,100293,100,99843,100
2019-06-28 09:41:30.000000000,100070,580,100026,580,100072,100,100025,80,100077,100,99983,200,100132,100,99944,100,100150,100,99936,100,100152,100,99896,100,100174,100,99869,100,100178,100,99861,100,100216,100,99852,100,100293,100,99843,100
2019-06-28 09:41:31.237308416,100070,580,100026,580,100072,100,100025,80,100077,100,99983,200,100132,100,99944,100,100150,100,99936,100,100152,100,99896,100,100174,100,99869,100,100178,100,99861,100,100216,100,99852,100,100271,100,99843,100
2019-06-28 09:41:37.641877049,100070,580,100052,100,100072,100,100026,580,100077,100,100025,80,100132,100,99983,200,100150,100,99944,100,100152,100,99936,100,100174,100,99896,100,100178,100,99869,100,100216,100,99861,100,100271,100,99852,100
2019-06-28 09:41:40.000000000,100070,580,100052,580,100072,100,100026,100,100077,100,100025,80,100132,100,99983,200,100150,100,99944,100,100152,100,99936,100,100174,100,99896,100,100178,100,99869,100,100216,100,99861,100,100271,100,99852,100
2019-06-28 09:41:50.000000000,100070,263,100052,263,100072,258,100026,258,100077,258,100025,238,100132,100,99983,200,100150,100,99944,100,100152,100,99936,100,100174,100,99896,100,100178,100,99869,100,100216,100,99861,100,100271,100,99852,100
2019-06-28 09:42:00.000000000,100070,220,100052,220,100072,220,100026,220,100077,220,100025,200,100132,220,99983,320,100150,100,99944,100,100152,100,99936,100,100174,100,99896,100,100178,100,99869,100,100216,100,99861,100,100271,100,99852,100
2019-06-28 09:42:01.324120276,100070,220,100052,220,100072,220,100026,220,100077,220,100025,200,100132,220,99983,320,100150,100,99944,100,100152,100,99936,100,100174,100,99896,100,100178,100,99869,100,100216,100,99861,100,100271,100,99852,100
2019-06-28 09:42:02.402580286,100070,220,100052,220,100072,220,100026,220,100077,220,100025,200,100132,220,99983,320,100150,100,99951,100,100152,100,99944,100,100174,100,99936,100,100178,100,99896,100,100216,100,99869,100,100271,100,99861,100
2019-06-28 09:42:10.000000000,100070,196,100052,196,100072,196,100026,196,100077,196,100025,176,100132,196,99983,296,100150,196,99951,196,100152,100,99944,100,100174,100,99936,100,100178,100,99896,100,100216,100,99869,100,100271,100,99861,100
2019-06-28 09:42:20.000000000,100070,580,100052,580,100072,100,100026,100,100077,100,100025,80,100132,100,99983,200,100150,100,99951,100,100152,100,99944,100,100174,100,99936,100,100178,100,99896,100,100216,100,99869,100,100271,100,99861,100
2019-06-28 09:42:30.000000000,100070,220,100052,220,100072,220,100026,220,100077,220,100025,200,100132,220,99983,320,100150,100,99951,100,100152,100,99944,100,100174,100,99936,100,100178,100,99896,100,100216,100,99869,100,100271,100,99861,100
2019-06-28 09:42:33.388851258,100070,220,100052,220,100072,220,100026,220,100077,220,100025,200,100132,220,99983,320,100150,100,99951,100,100152,100,99944,100,100174,100,99936,100,100178,100,99896,100,100216,100,99869,100,100271,100,99861,100
2019-06-28 09:42:40.000000000,100070,263,100052,263,100072,258,100026,258,100077,258,100025,238,100132,100,99983,200,100150,100,99951,100,100152,100,99944,100,100174,100,99936,100,100178,100,99896,100,100216,100,99869,100,100271,100,99861,100
2019-06-28 09:42:44.117192824,100070,263,100052,163,100072,258,100026,258,100077,258,100025,238,100132,100,99983,200,100150,100,99951,100,100152,100,99944,100,100174,100,99936,100,100178,100,99896,100,100216,100,99869,100,100271,100,99861,100
2019-06-28 09:42:50.000000000,100070,220,100026,220,100072,220,100025,200,100077,220,99983,320,100132,220,99951,220,100150,100,99944,100,100152,100,99936,100,100174,100,99896,100,100178,100,99869,100,100216,100,99861,100,100271,100,99852,100
2019-06-28 09:43:00.000000000,100070,196,100026,196,100072,196,100025,176,100077,196,99983,296,100132,196,99951,196,100150,196,99944,196,100152,100,99936,100,100174,100,99896,100,100178,100,99869,100,100216,100,99861,100,100271,100,99852,100
2019-06-28 09:43:10.000000000,100070,220,100026,220,100072,220,100025,200,100077,220,99983,320,100132,220,99951,220,100150,100,99944,100,100152,100,99936,100,100174,100,99896,100,100178,100,99869,100,100216,100,99861,100,100271,100,99852,100
2019-06-28 09:43:20.000000000,100070,220,100026,220,100072,220,100025,200,100077,220,99983,320,100132,220,99951,220,100150,100,99944,100,100152,100,99936,100,100174,100,99896,100,100178,100,99869,100,100216,100,99861,100,100271,100,99852,100
2019-06-28 09:43:30.000000000,100070,220,100026,220,100072,220,100025,200,100077,220,99983,320,100132,220,99951,220,100150,100,99944,100,100152,100,99936,100,100174,100,99896,100,100178,100,99869,100,100216,100,99861,100,100271,100,99852,100
2019-06-28 09:43:38.211249415,100070,220,100026,120,100072,220,100025,200,100077,220,99983,320,100132,220,99951,220,100150,100,99944,100,100152,100,99936,100,100174,100,99896,100,100178,100,99869,100,100216,100,99861,100,100271,100,99852,100
2019-06-28 09:43:40.000000000,100070,340,100025,320,100072,340,99983,440,100077,100,99951,100,100132,100,99944,100,100150,100,99936,100,100152,100,99896,100,100174,100,99869,100,100178,100,99861,100,100216,100,99852,100,100271,100,99843,100
2019-06-28 09:43:50.000000000,100070,263,100025,243,100072,258,99983,358,100077,258,99951,258,100132,100,99944,100,100150,100,99936,100,100152,100,99896,100,100174,100,99869,100,100178,100,99861,100,100216,100,99852,100,100271,100,99843,100
2019-06-28 09:44:00.000000000,100070,263,100025,243,100072,258,99983,358,100077,258,99951,258,100132,100,99944,100,100150,100,99936,100,100152,100,99896,100,100174,100,99869,100,100178,100,99861,100,100216,100,99852,100,100271,100,99843,100
2019-06-28 09:44:09.578812629,100052,100,100025,243,100070,263,99983,358,100072,258,99951,258,100077,258,99944,100,100132,100,99936,100,100150,100,99896,100,100152,100,99869,100,100174,100,99861,100,100178,100,99852,100,100216,100,99843,100
2019-06-28 09:44:10.000000000,100052,220,100025,200,100070,220,99983,320,100072,220,99951,220,100077,220,99944,220,100132,100,99936,100,100150,100,99896,100,100152,100,99869,100,100174,100,99861,100,100178,100,99852,100,100216,100,99843,100
2019-06-28 09:44:10.217989947,100052,320,100025,200,100070,220,99983,320,100072,220,99951,220,100077,220,99944,220,100132,100,99936,100,100150,100,99896,100,100152,100,99869,100,100174,100,99861,100,100178,100,99852,100,100216,100,99843,100
2019-06-28 09:44:20.000000000,100052,363,100025,243,100070,258,99983,358,100072,258,99951,258,100077,100,99944,100,100132,100,99936,100,100150,100,99896,100,100152,100,99869,100,100174,100,99861,100,100178,100,99852,100,100216,100,99843,100
2019-06-28 09:44:22.233567116,100052,363,100025,143,100070,258,99983,358,100072,258,99951,258,100077,100,99944,100,100132,100,99936,100,100150,100,99896,100,100152,100,99869,100,100174,100,99861,100,100178,100,99852,100,100216,100,99843,100
2019-06-28 09:44:23.995949919,100052,363,100025,143,100070,258,99983,358,100072,258,99951,258,100077,100,99944,100,100132,100,99936,100,100150,100,99896,100,100152,100,99869,100,100174,100,99861,100,100178,100,99852,100,100216,100,99843,100
2019-06-28 09:44:25.579656095,100052,363,100025,43,100070,258,99983,358,100072,258,99951,258,100077,100,99944,100,100132,100,99936,100,100150,100,99896,100,100152,100,99869,100,100174,100,99861,100,100178,100,99852,100,100216,100,99843,100
2019-06-28 09:44:26.611746724,100052,363,100025,43,100070,258,99983,358,100072,258,99951,258,100077,100,99944,100,100132,100,99936,100,100150,100,99896,100,100152,100,99869,100,100174,100,99861,100,100178,100,99852,100,100216,100,99843,100
2019-06-28 09:44:30.000000000,100052,296,99983,296,100070,196,99951,196,100072,196,99944,196,100077,196,99936,196,100132,196,99896,196,100150,100,99869,100,100152,100,99861,100,100174,100,99852,100,100178,100,99843,100,100216,100,99820,100
2019-06-28 09:44:35.660273186,100052,296,99983,296,100070,196,99951,196,100072,196,99944,196,100077,196,99936,196,100132,196,99896,196,100150,100,99869,100,100152,100,99861,100,100174,100,99852,100,100178,100,99843,100,100216,100,99820,100
2019-06-28 09:44:40.000000000,100052,296,99983,296,100070,196,99951,196,100072,196,99944,196,100077,196,99936,196,100132,196,99896,196,100150,100,99869,100,100152,100,99861,100,100174,100,99852,100,100178,100,99843,100,100216,100,99820,100
2019-06-28 09:44:43.886868094,100052,296,99983,296,100070,196,99951,196,100072,196,99944,196,100077,196,99936,96,100132,196,99896,196,100150,100,99869,100,100152,100,99861,100,100174,100,99852,100,100178,100,99843,100,100216,100,99820,100
2019-06-28 09:44:49.738318549,100052,296,99983,196,100070,196,99951,196,100072,196,99944,196,100077,196,99936,96,100132,196,99896,196,100150,100,99869,100,100152,100,99861,100,100174,100,99852,100,100178,100,99843,100,100216,100,99820,100
2019-06-28 09:44:50.000000000,100052,320,99983,220,100070,220,99951,220,100072,220,99944,220,100077,220,99896,220,100132,100,99869,100,100150,100,99861,100,100152,100,99852,100,100174,100,99843,100,100178,100,99820,100,100216,100,99692,100
2019-06-28 09:44:58.684367349,100025,100,99983,220,100052,320,99951,220,100070,220,99944,220,100072,220,99896,220,100077,220,99869,100,100132,100,99861,100,100150,100,99852,100,100152,100,99843,100,100174,100,99820,100,100178,100,99692,100
2019-06-28 09:45:00.000000000,100025,580,99983,580,100052,200,99951,100,100070,100,99944,100,100072,100,99896,100,100077,100,99869,100,100132,100,99861,100,100150,100,99852,100,100152,100,99843,100,100174,100,99820,100,100178,100,99692,100
2019-06-28 09:45:00.159103788,100025,580,99983,580,100052,200,99951,100,100070,100,99944,100,100072,100,99896,100,100077,100,99861,100,100132,100,99852,100,100150,100,99843,100,100152,100,99820,100,100174,100,99692,100,100178,100,99598,100
2019-06-28 09:45:02.189234803,100025,580,99983,480,100052,200,99951,100,100070,100,99944,100,100072,100,99896,100,100077,100,99861,100,100132,100,99852,100,100150,100,99843,100,100152,100,99820,100,100174,100,99692,100,100178,100,99598,100
2019-06-28 09:45:10.000000000,100025,580,99951,580,100052,200,99944,100,100070,100,99896,100,100072,100,99861,100,100077,100,99852,100,100132,100,99843,100,100150,100,99820,100,100152,100,99692,100,100174,100,99598,100,100178,100,99434,100
2019-06-28 09:45:20.000000000,100025,580,99951,580,100052,200,99944,100,100070,100,99896,100,100072,100,99861,100,100077,100,99852,100,100132,100,99843,100,100150,100,99820,100,100152,100,99692,100,100174,100,99598,100,100178,100,99434,100
2019-06-28 09:45:30.000000000,100025,340,99951,340,100052,440,99944,340,100070,100,99896,100,100072,100,99861,100,100077,100,99852,100,100132,100,99843,100,100150,100,99820,100,100152,100,99692,100,100174,100,99598,100,100178,100,99434,100
2019-06-28 09:45:36.424575118,100025,340,99951,240,100052,440,99944,340,100070,100,99896,100,100072,100,99852,100,100077,100,99843,100,100132,100,99820,100,100150,100,99692,100,100152,100,99598,100,100174,100,99434,100,100178,100,99371,100
2019-06-28 09:45:40.000000000,100025,340,99944,340,100052,440,99896,340,100070,100,99852,100,100072,100,99843,100,100077,100,99820,100,100132,100,99692,100,100150,100,99598,100,100152,100,99434,100,100174,100,99371,100,100178,100,99362,100
2019-06-28 09:45:43.421773705,100025,340,99944,240,100052,440,99896,340,100070,100,99852,100,100072,100,99843,100,100077,100,99820,100,100132,100,99692,100,100150,100,99434,100,100152,100,99371,100,100174,100,99362,100,100178,100,99320,100
2019-06-28 09:45:50.000000000,100025,263,99896,263,100052,358,99852,258,100070,258,99843,258,100072,100,99820,100,100077,100,99692,100,100132,100,99434,100,100150,100,99371,100,100152,100,99362,100,100174,100,99320,100,100178,100,99160,100
2019-06-28 09:45:50.201030083,100025,263,99896,263,100052,358,99852,258,100070,258,99843,258,100072,100,99692,100,100077,100,99434,100,100132,100,99371,100,100150,100,99362,100,100152,100,99320,100,100174,100,99160,100,100178,100,99039,100
2019-06-28 09:45:55.972129812,100025,263,99896,163,100052,358,99852,258,100070,258,99843,258,100077,100,99692,100,100132,100,99434,100,100150,100,99371,100,100152,100,99362,100,100174,100,99320,100,100178,100,99160,100,100216,100,99039,100
2019-06-28 09:46:00.000000000,100025,220,99852,220,100052,320,99843,220,100070,220,99692,220,100077,220,99434,220,100132,100,99371,100,100150,100,99362,100,100152,100,99320,100,100174,100,99160,100,100178,100,99039,100,100216,100,,
2019-06-28 09:46:10.000000000,100025,340,99852,340,100052,440,99843,340,100070,100,99692,100,100077,100,99434,100,100132,100,99371,100,100150,100,99362,100,100152,100,99320,100,100174,100,99160,100,100178,100,99039,100,100216,100,,
2019-06-28 09:46:11.469642844,100025,340,99852,240,100052,440,99843,340,100070,100,99692,100,100077,100,99434,100,100132,100,99371,100,100150,100,99362,100,100152,100,99320,100,100178,100,99160,100,100216,100,99039,100,100271,100,,
2019-06-28 09:46:20.000000000,100025,196,99843,196,100052,296,99692,196,100070,196,99434,196,100077,196,99371,196,100132,196,99362,196,100150,100,99320,100,100152,100,99160,100,100178,100,99039,100,100216,100,,,100271,100,,
2019-06-28 09:46:30.000000000,100025,196,99843,196,100052,296,99692,196,100070,196,99434,196,100077,196,99371,196,100132,196,99362,196,100150,100,99320,100,100152,100,99160,100,100178,100,99039,100,100216,100,,,100271,100,,
2019-06-28 09:46:39.617688997,100025,196,99843,196,100052,296,99692,196,100070,196,99434,196,100077,196,99371,196,100132,196,99362,196,100150,100,99320,100,100152,100,99160,100,100178,100,99039,100,100216,100,98834,100,100271,100,,
2019-06-28 09:46:40.000000000,100025,220,99843,220,100052,320,99692,220,100070,220,99434,220,100077,220,99371,220,100132,100,99362,100,100150,100,99320,100,100152,100,99160,100,100178,100,99039,100,100216,100,98834,100,100271,100,,
2019-06-28 09:46:40.405332094,100025,220,99843,120,100052,320,99692,220,100070,220,99434,220,100077,220,99371,220,100132,100,99362,100,100150,100,99320,100,100152,100,99160,100,100178,100,99039,100,100216,100,98834,100,100271,100,,
2019-06-28 09:46:41.171767022,100025,220,99843,120,100052,320,99692,220,100070,220,99434,220,100077,220,99371,220,100132,100,99362,100,100150,100,99320,100,100152,100,99160,100,100178,100,99039,100,100216,100,98834,100,100271,100,98783,100
2019-06-28 09:46:49.199735512,100025,220,99843,120,100052,220,99692,220,100070,220,99434,220,100077,220,99371,220,100132,100,99362,100,100150,100,99320,100,100152,100,99160,100,100178,100,99039,100,100216,100,98834,100,100271,100,98783,100
2019-06-28 09:46:50.000000000,100025,263,99692,263,100052,258,99434,258,100070,258,99371,258,100077,100,99362,100,100132,100,99320,100,100150,100,99160,100,100152,100,99039,100,100178,100,98834,100,100216,100,98783,100,100271,100,,
2019-06-28 09:47:00.000000000,100025,220,99692,220,100052,220,99434,220,100070,220,99371,220,100077,220,99362,220,100132,100,99320,100,100150,100,99160,100,100152,100,99039,100,100178,100,98834,100,100216,100,98783,100,100271,100,,
2019-06-28 09:47:10.000000000,100025,196,99692,196,100052,196,99434,196,100070,196,99371,196,100077,196,99362,196,100132,196,99320,196,100150,100,99160,100,100152,100,99039,100,100178,100,98834,100,100216,100,98783,100,100271,100,,
2019-06-28 09:47:20.000000000,100025,340,99692,340,100052,340,99434,340,100070,100,99371,100,100077,100,99362,100,100132,100,99320,100,100150,100,99160,100,100152,100,99039,100,100178,100,98834,100,100216,100,98783,100,100271,100,,
2019-06-28 09:47:25.789963238,99852,100,99692,340,100025,340,99434,340,100052,340,99371,100,100070,100,99362,100,100077,100,99320,100,100132,100,99160,100,100150,100,99039,100,100152,100,98834,100,100178,100,98783,100,100216,100,,
2019-06-28 09:47:28.149162187,99852,200,99692,340,100025,340,99434,340,100052,340,99371,100,100070,100,99362,100,100077,100,99320,100,100132,100,99160,100,100150,100,99039,100,100152,100,98834,100,100178,100,98783,100,100216,100,,
2019-06-28 09:47:30.000000000,99852,440,99692,340,100025,340,99434,340,100052,100,99371,100,100070,100,99362,100,100077,100,99320,100,100132,100,99160,100,100150,100,99039,100,100152,100,98834,100,100178,100,98783,100,100216,100,,
2019-06-28 09:47:36.153009927,99852,440,99692,240,100025,340,99434,340,100052,100,99371,100,100070,100,99362,100,100077,100,99320,100,100132,100,99160,100,100150,100,99039,100,100152,100,98834,100,100178,100,98783,100,100216,100,,
2019-06-28 09:47:38.567509172,99843,100,99692,240,99852,440,99434,340,100025,340,99371,100,100052,100,99362,100,100070,100,99320,100,100077,100,99160,100,100132,100,99039,100,100150,100,98834,100,100152,100,98783,100,100178,100,,
2019-06-28 09:47:39.997544767,99843,100,99692,240,99852,440,99434,340,100025,340,99371,100,100052,100,99362,100,100070,100,99320,100,100077,100,99160,100,100132,100,99055,100,100150,100,99039,100,100152,100,98834,100,100178,100,98783,100
2019-06-28 09:47:40.000000000,99843,580,99434,580,99852,200,99371,100,100025,100,99362,100,100052,100,99320,100,100070,100,99160,100,100077,100,99055,100,100132,100,99039,100,100150,100,98834,100,100152,100,98783,100,100178,100,,
2019-06-28 09:47:48.247024620,99843,580,99434,580,99852,200,99371,100,100025,100,99362,100,100052,100,99320,100,100070,100,99291,100,100077,100,99160,100,100132,100,99055,100,100150,100,99039,100,100178,100,98834,100,100216,100,98783,100
2019-06-28 09:47:50.000000000,99843,196,99434,196,99852,296,99371,196,100025,196,99362,196,100052,196,99320,196,100070,196,99291,196,100077,100,99160,100,100132,100,99055,100,100150,100,99039,100,100178,100,98834,100,100216,100,98783,100
2019-06-28 09:47:57.271544170,99843,296,99434,196,99852,296,99371,196,100025,196,99362,196,100052,196,99320,196,100070,196,99291,196,100077,100,99160,100,100132,100,99055,100,100150,100,99039,100,100178,100,98834,100,100216,100,98783,100
2019-06-28 09:47:58.987960072,99843,296,99434,196,99852,296,99371,196,100025,196,99362,196,100052,196,99320,196,100070,196,99291,196,100077,100,99160,100,100132,100,99072,100,100150,100,99055,100,100178,100,99039,100,100216,100,98834,100
2019-06-28 09:48:00.000000000,99843,440,99434,340,99852,440,99371,340,100025,100,99362,100,100052,100,99320,100,100070,100,99291,100,100077,100,99160,100,100132,100,99072,100,100150,100,99055,100,100178,100,99039,100,100216,100,98834,100
2019-06-28 09:48:10.000000000,99843,680,99434,580,99852,200,99371,100,100025,100,99362,100,100052,100,99320,100,100070,100,99291,100,100077,100,99160,100,100132,100,99072,100,100150,100,99055,100,100178,100,99039,100,100216,100,98834,100
2019-06-28 09:48:17.069194662,99843,680,99434,580,99852,200,99371,100,100025,100,99362,100,100052,100,99320,100,100070,100,99291,100,100077,100,99160,100,100132,100,99116,100,100150,100,99072,100,100178,100,99055,100,100216,100,99039,100
2019-06-28 09:48:20.000000000,99843,296,99434,196,99852,296,99371,196,100025,196,99362,196,100052,196,99320,196,100070,196,99291,196,100077,100,99160,100,100132,100,99116,100,100150,100,99072,100,100178,100,99055,100,100216,100,99039,100
2019-06-28 09:48:30.000000000,99843,440,99434,340,99852,440,99371,340,100025,100,99362,100,100052,100,99320,100,100070,100,99291,100,100077,100,99160,100,100132,100,99116,100,100150,100,99072,100,100178,100,99055,100,100216,100,99039,100
2019-06-28 09:48:40.000000000,99843,320,99434,220,99852,320,99371,220,100025,220,99362,220,100052,220,99320,220,100070,100,99291,100,100077,100,99160,100,100132,100,99116,100,100150,100,99072,100,100178,100,99055,100,100216,100,99039,100
2019-06-28 09:48:50.000000000,99843,296,99434,196,99852,296,99371,196,100025,196,99362,196,100052,196,99320,196,100070,196,99291,196,100077,100,99160,100,100132,100,99116,100,100150,100,99072,100,100178,100,99055,100,100216,100,99039,100
2019-06-28 09:49:00.000000000,99843,440,99434,340,99852,440,99371,340,100025,100,99362,100,100052,100,99320,100,100070,100,99291,100,100077,100,99160,100,100132,100,99116,100,100150,100,99072,100,100178,100,99055,100,100216,100,99039,100
2019-06-28 09:49:10.000000000,99843,363,99434,263,99852,358,99371,258,100025,258,99362,258,100052,100,99320,100,100070,100,99291,100,100077,100,99160,100,100132,100,99116,100,100150,100,99072,100,100178,100,99055,100,100216,100,99039,100
2019-06-28 09:49:20.000000000,99843,320,99434,220,99852,320,99371,220,100025,220,99362,220,100052,220,99320,220,100070,100,99291,100,100077,100,99160,100,100132,100,99116,100,100150,100,99072,100,100178,100,99055,100,100216,100,99039,100
2019-06-28 09:49:30.000000000,99843,440,99434,340,99852,440,99371,340,100025,100,99362,100,100052,100,99320,100,100070,100,99291,100,100077,100,99160,100,100132,100,99116,100,100150,100,99072,100,100178,100,99055,100,100216,100,99039,100
2019-06-28 09:49:34.535522597,99843,540,99434,340,99852,440,99371,340,100025,100,99362,100,100052,100,99320,100,100070,100,99291,100,100077,100,99160,100,100132,100,99116,100,100150,100,99072,100,100178,100,99055,100,100216,100,99039,100
2019-06-28 09:49:34.822372130,99843,540,99434,340,99852,440,99371,340,100052,100,99362,100,100070,100,99320,100,100077,100,99291,100,100132,100,99160,100,100150,100,99116,100,100178,100,99072,100,100216,100,99055,100,100271,100,99039,100
2019-06-28 09:49:40.000000000,99843,780,99434,580,99852,200,99371,100,100052,100,99362,100,100070,100,99320,100,100077,100,99291,100,100132,100,99160,100,100150,100,99116,100,100178,100,99072,100,100216,100,99055,100,100271,100,99039,100
2019-06-28 09:49:40.199848874,99843,780,99434,480,99852,200,99371,100,100052,100,99362,100,100070,100,99320,100,100077,100,99291,100,100132,100,99160,100,100150,100,99116,100,100178,100,99072,100,100216,100,99055,100,100271,100,99039,100
2019-06-28 09:49:50.000000000,99843,780,99371,580,99852,200,99362,100,100052,100,99320,100,100070,100,99291,100,100077,100,99160,100,100132,100,99116,100,100150,100,99072,100,100178,100,99055,100,100216,100,99039,100,100271,100,98834,100
2019-06-28 09:50:00.000000000,99843,396,99371,196,99852,296,99362,196,100052,196,99320,196,100070,196,99291,196,100077,196,99160,196,100132,100,99116,100,100150,100,99072,100,100178,100,99055,100,100216,100,99039,100,100271,100,98834,100
2019-06-28 09:50:04.349697976,99843,396,99371,196,99852,296,99362,196,100052,196,99320,196,100070,196,99291,196,100077,196,99160,196,100132,100,99116,100,100150,100,99072,100,100178,100,99055,100,100216,100,99039,100,100271,100,98834,100
2019-06-28 09:50:07.000342802,99843,396,99371,96,99852,296,99362,96,100052,196,99320,196,100070,196,99291,196,100077,196,99160,196,100132,100,99116,100,100150,100,99072,100,100178,100,99055,100,100216,100,99039,100,100271,100,98834,100
2019-06-28 09:50:10.000000000,99843,540,99320,340,99852,440,99291,340,100052,100,99160,100,100070,100,99116,100,100077,100,99072,100,100132,100,99055,100,100150,100,99039,100,100178,100,98834,100,100216,100,98783,100,100271,100,98537,100
2019-06-28 09:50:13.285612633,99843,540,99320,240,99852,440,99291,240,100052,100,99160,100,100070,100,99116,100,100077,100,99072,100,100132,100,99055,100,100150,100,99039,100,100178,100,98834,100,100216,100,98783,100,100271,100,98537,100
2019-06-28 09:50:20.000000000,99843,420,99160,220,99852,320,99116,220,100052,220,99072,220,100070,220,99055,220,100077,100,99039,100,100132,100,98834,100,100150,100,98783,100,100178,100,98537,100,100216,100,,,100271,100,,
2019-06-28 09:50:30.000000000,99843,540,99160,340,99852,440,99116,340,100052,100,99072,100,100070,100,99055,100,100077,100,99039,100,100132,100,98834,100,100150,100,98783,100,100178,100,98537,100,100216,100,,,100271,100,,
2019-06-28 09:50:40.000000000,99843,463,99160,263,99852,358,99116,258,100052,258,99072,258,100070,100,99055,100,100077,100,99039,100,100132,100,98834,100,100150,100,98783,100,100178,100,98537,100,100216,100,,,100271,100,,
2019-06-28 09:50:45.485367472,99843,463,99160,63,99852,358,99116,258,100052,258,99072,258,100070,100,99055,100,100077,100,99039,100,100132,100,98834,100,100150,100,98783,100,100178,100,98537,100,100216,100,,,100271,100,,
2019-06-28 09:50:50.000000000,99843,780,99116,580,99852,200,99072,100,100052,100,99055,100,100070,100,99039,100,100077,100,98834,100,100132,100,98783,100,100150,100,98537,100,100178,100,,,100216,100,,,100271,100,,
2019-06-28 09:50:58.384284912,99843,780,99116,480,99852,200,99072,100,100052,100,99055,100,100070,100,99039,100,100077,100,98834,100,100132,100,98783,100,100150,100,98537,100,100178,100,,,100216,100,,,100271,100,,
2019-06-28 09:51:00.000000000,99843,420,99072,220,99852,320,99055,220,100052,220,99039,220,100070,220,98834,220,100077,100,98783,100,100132,100,98537,100,100150,100,,,100178,100,,,100216,100,,,100271,100,,
2019-06-28 09:51:10.000000000,99843,463,99072,263,99852,358,99055,258,100052,258,99039,258,100070,100,98834,100,100077,100,98783,100,100132,100,98537,100,100150,100,,,100178,100,,,100216,100,,,100271,100,,
2019-06-28 09:51:12.169021496,99160,100,99072,263,99843,463,99055,258,99852,358,99039,258,100052,258,98834,100,100070,100,98783,100,100077,100,98537,100,100132,100,,,100150,100,,,100178,100,,,100216,100,,
2019-06-28 09:51:19.694735852,99160,100,99093,100,99843,463,99072,263,99852,358,99055,258,100052,258,99039,258,100070,100,98834,100,100077,100,98783,100,100132,100,98537,100,100150,100,,,100178,100,,,100216,100,,
2019-06-28 09:51:20.000000000,99160,263,99093,263,99843,458,99072,258,99852,358,99055,258,100052,100,99039,100,100070,100,98834,100,100077,100,98783,100,100132,100,98537,100,100150,100,,,100178,100,,,100216,100,,
2019-06-28 09:51:28.098240646,99160,263,99093,263,99843,458,99072,258,99852,358,99055,258,100052,100,99039,100,100070,100,99037,100,100077,100,98834,100,100132,100,98783,100,100150,100,98537,100,100178,100,,,100216,100,,
2019-06-28 09:51:30.000000000,99160,196,99093,196,99843,396,99072,196,99852,296,99055,196,100052,196,99039,196,100070,196,99037,196,100077,100,98834,100,100132,100,98783,100,100150,100,98537,100,100178,100,,,100216,100,,
2019-06-28 09:51:34.120411786,99160,196,99117,100,99843,296,99093,196,99852,296,99072,196,100052,196,99055,196,100070,196,99039,196,100077,100,99037,196,100132,100,98834,100,100150,100,98783,100,100178,100,98537,100,100216,100,,
2019-06-28 09:51:38.137533829,99160,96,99117,100,99843,296,99093,196,99852,296,99072,196,100052,196,99055,196,100070,196,99039,196,100077,100,99037,196,100132,100,98834,100,100150,100,98783,100,100178,100,98537,100,100216,100,,
2019-06-28 09:51:40.000000000,99843,680,99117,580,99852,200,99093,100,100052,100,99072,100,100070,100,99055,100,100077,100,99039,100,100132,100,99037,100,100150,100,98834,100,100178,100,98783,100,100216,100,98537,100,100271,100,,
2019-06-28 09:51:43.142066686,99417,100,99117,580,99843,680,99093,100,99852,200,99072,100,100052,100,99055,100,100070,100,99039,100,100077,100,99037,100,100132,100,98834,100,100150,100,98783,100,100178,100,98537,100,100216,100,,
2019-06-28 09:51:46.076121113,99198,100,99117,580,99417,100,99093,100,99843,680,99072,100,99852,200,99055,100,100052,100,99039,100,100070,100,99037,100,100077,100,98834,100,100150,100,98783,100,100178,100,98537,100,100216,100,,
2019-06-28 09:51:49.893123438,99198,100,99117,580,99417,100,99093,100,99843,680,99072,100,99852,200,99055,100,100023,100,99039,100,100052,100,99037,100,100070,100,98834,100,100077,100,98783,100,100150,100,98537,100,100178,100,,
2019-06-28 09:51:50.000000000,99198,196,99117,196,99417,196,99093,196,99843,296,99072,196,99852,296,99055,196,100023,196,99039,196,100052,100,99037,100,100070,100,98834,100,100077,100,98783,100,100150,100,98537,100,100178,100,,
2019-06-28 09:52:00.000000000,99198,340,99117,340,99417,340,99093,340,99843,200,99072,100,99852,200,99055,100,100023,100,99039,100,100052,100,99037,100,100070,100,98834,100,100077,100,98783,100,100150,100,98537,100,100178,100,,
2019-06-28 09:52:10.000000000,99198,220,99117,220,99417,220,99093,220,99843,320,99072,220,99852,320,99055,220,100023,100,99039,100,100052,100,99037,100,100070,100,98834,100,100077,100,98783,100,100150,100,98537,100,100178,100,,
2019-06-28 09:52:20.000000000,99198,196,99117,196,99417,196,99093,196,99843,296,99072,196,99852,296,99055,196,100023,196,99039,196,100052,100,99037,100,100070,100,98834,100,100077,100,98783,100,100150,100,98537,100,100178,100,,
2019-06-28 09:52:22.282371007,99198,196,99117,196,99417,196,99093,196,99843,296,99072,196,99852,296,99055,196,99922,100,99039,196,100023,196,99037,100,100052,100,98834,100,100070,100,98783,100,100077,100,98537,100,100150,100,,
2019-06-28 09:52:30.000000000,99198,220,99117,220,99417,220,99093,220,99843,320,99072,220,99852,320,99055,220,99922,100,99039,100,100023,100,99037,100,100052,100,98834,100,100070,100,98783,100,100077,100,98537,100,100150,100,,
2019-06-28 09:52:39.564049943,99198,220,99117,220,99417,220,99093,220,99843,220,99072,220,99852,320,99055,220,99922,100,99039,100,100023,100,99037,100,100052,100,98834,100,100070,100,98783,100,100077,100,98537,100,100150,100,,
2019-06-28 09:52:40.000000000,99198,340,99117,340,99417,340,99093,340,99843,100,99072,100,99852,200,99055,100,99922,100,99039,100,100023,100,99037,100,100052,100,98834,100,100070,100,98783,100,100077,100,98537,100,100150,100,,
2019-06-28 09:52:47.383680766,99198,340,99117,340,99417,340,99093,340,99843,100,99072,100,99852,200,99055,100,99922,100,99039,100,99972,100,99037,100,100023,100,98834,100,100052,100,98783,100,100070,100,98537,100,100077,100,,
2019-06-28 09:52:50.000000000,99198,580,99117,580,99417,100,99093,100,99843,100,99072,100,99852,200,99055,100,99922,100,99039,100,99972,100,99037,100,100023,100,98834,100,100052,100,98783,100,100070,100,98537,100,100077,100,,
2019-06-28 09:53:00.000000000,99198,340,99117,340,99417,340,99093,340,99843,100,99072,100,99852,200,99055,100,99922,100,99039,100,99972,100,99037,100,100023,100,98834,100,100052,100,98783,100,100070,100,98537,100,100077,100,,
2019-06-28 09:53:00.984708939,99198,340,99161,100,99417,340,99117,340,99843,100,99093,340,99852,200,99072,100,99922,100,99055,100,99972,100,99039,100,100023,100,99037,100,100052,100,98834,100,100070,100,98783,100,100077,100,98537,100
2019-06-28 09:53:08.582707587,99198,340,99161,100,99417,340,99117,340,99748,100,99093,340,99843,100,99072,100,99852,200,99055,100,99922,100,99039,100,99972,100,99037,100,100023,100,98834,100,100052,100,98783,100,100070,100,98537,100
2019-06-28 09:53:10.000000000,99198,263,99161,263,99417,258,99117,258,99748,258,99093,258,99843,100,99072,100,99852,200,99055,100,99922,100,99039,100,99972,100,99037,100,100023,100,98834,100,100052,100,98783,100,100070,100,98537,100
2019-06-28 09:53:16.315740512,99198,263,99161,263,99417,258,99117,258,99748,258,99093,258,99843,100,99072,100,99852,200,99055,100,99885,100,99039,100,99922,100,99037,100,99972,100,98834,100,100023,100,98783,100,100052,100,98537,100
2019-06-28 09:53:20.000000000,99198,220,99161,220,99417,220,99117,220,99748,220,99093,220,99843,220,99072,220,99852,200,99055,100,99885,100,99039,100,99922,100,99037,100,99972,100,98834,100,100023,100,98783,100,100052,100,98537,100
2019-06-28 09:53:20.195273361,99198,220,99161,220,99417,220,99117,220,99748,220,99093,220,99803,100,99072,220,99843,220,99055,100,99852,200,99039,100,99885,100,99037,100,99922,100,98834,100,99972,100,98783,100,100023,100,98537,100
2019-06-28 09:53:29.562303617,99198,120,99161,220,99417,220,99117,220,99748,220,99093,220,99803,100,99072,220,99843,220,99055,100,99852,200,99037,100,99885,100,98834,100,99922,100,98783,100,99972,100,98537,100,100023,100,,
2019-06-28 09:53:30.000000000,99417,220,99161,220,99748,220,99117,220,99803,220,99093,220,99843,220,99072,220,99852,200,99055,100,99885,100,99037,100,99922,100,98834,100,99972,100,98783,100,100023,100,98537,100,100052,100,,
2019-06-28 09:53:40.000000000,99417,220,99161,220,99748,220,99117,220,99803,220,99093,220,99843,220,99072,220,99852,200,99055,100,99885,100,99037,100,99922,100,98834,100,99972,100,98783,100,100023,100,98537,100,100052,100,,
2019-06-28 09:53:42.510361523,99417,120,99161,220,99748,220,99117,220,99803,220,99093,220,99843,220,99072,220,99852,200,99055,100,99885,100,99037,100,99899,100,98834,100,99922,100,98783,100,99972,100,98537,100,100023,100,,
2019-06-28 09:53:44.979434805,99417,20,99161,220,99748,220,99117,220,99803,220,99093,220,99843,220,99072,220,99852,200,99055,100,99885,100,99037,100,99899,100,98834,100,99922,100,98783,100,99972,100,98537,100,100023,100,,
2019-06-28 09:53:47.837148889,99748,220,99417,80,99803,220,99161,220,99843,220,99117,220,99852,200,99093,220,99885,100,99072,220,99899,100,99055,100,99922,100,99037,100,99972,100,98834,100,100023,100,98783,100,100052,100,98537,100
2019-06-28 09:53:50.000000000,99748,340,99417,320,99803,340,99161,340,99843,100,99117,100,99852,200,99093,100,99885,100,99072,100,99899,100,99055,100,99922,100,99037,100,99972,100,98834,100,100023,100,98783,100,100052,100,98537,100
2019-06-28 09:53:57.022408690,99748,340,99417,320,99803,340,99161,340,99843,100,99117,100,99852,200,99093,100,99885,100,99072,100,99899,100,99055,100,99922,100,99037,100,99972,100,98834,100,100023,100,98783,100,100027,100,98537,100
2019-06-28 09:54:00.000000000,99748,196,99417,176,99803,196,99161,196,99843,196,99117,196,99852,296,99093,196,99885,196,99072,196,99899,100,99055,100,99922,100,99037,100,99972,100,98834,100,100023,100,98783,100,100027,100,98537,100
2019-06-28 09:54:08.270425568,99748,96,99417,176,99803,196,99161,196,99843,196,99117,196,99852,296,99093,196,99885,196,99072,196,99899,100,99055,100,99922,100,98834,100,99972,100,98783,100,100023,100,98537,100,100027,100,,
2019-06-28 09:54:10.000000000,99803,580,99417,560,99843,100,99161,100,99852,200,99117,100,99885,100,99093,100,99899,100,99072,100,99922,100,99055,100,99972,100,98834,100,100023,100,98783,100,100027,100,98537,100,100052,100,,
2019-06-28 09:54:20.000000000,99803,220,99417,200,99843,220,99161,220,99852,320,99117,220,99885,220,99093,220,99899,100,99072,100,99922,100,99055,100,99972,100,98834,100,100023,100,98783,100,100027,100,98537,100,100052,100,,
2019-06-28 09:54:23.726133557,99803,120,99417,200,99843,220,99161,220,99852,320,99117,220,99885,220,99093,220,99899,100,99072,100,99922,100,99055,100,99972,100,98834,100,100023,100,98783,100,100027,100,98537,100,100052,100,,
2019-06-28 09:54:30.000000000,99843,220,99417,200,99852,320,99161,220,99885,220,99117,220,99899,220,99093,220,99922,100,99072,100,99972,100,99055,100,100023,100,98834,100,100027,100,98783,100,100052,100,98537,100,100070,100,,
2019-06-28 09:54:40.000000000,99843,580,99417,560,99852,200,99161,100,99885,100,99117,100,99899,100,99093,100,99922,100,99072,100,99972,100,99055,100,100023,100,98834,100,100027,100,98783,100,100052,100,98537,100,100070,100,,
2019-06-28 09:54:50.000000000,99843,340,99417,320,99852,440,99161,340,99885,100,99117,100,99899,100,99093,100,99922,100,99072,100,99972,100,99055,100,100023,100,98834,100,100027,100,98783,100,100052,100,98537,100,100070,100,,
2019-06-28 09:54:50.691267511,99843,240,99417,320,99852,440,99161,340,99885,100,99117,100,99899,100,99093,100,99922,100,99072,100,99972,100,99055,100,100023,100,98834,100,100027,100,98783,100,100052,100,98537,100,100070,100,,
2019-06-28 09:54:56.291923290,99843,240,99417,320,99852,440,99161,340,99885,100,99117,100,99899,100,99093,100,99922,100,99072,100,99961,100,99055,100,99972,100,98783,100,100023,100,98537,100,100027,100,,,100052,100,,
2019-06-28 09:55:00.000000000,99852,296,99417,176,99885,196,99161,196,99899,196,99117,196,99922,196,99093,196,99961,196,99072,196,99972,100,99055,100,100023,100,98783,100,100027,100,98537,100,100052,100,,,100070,100,,
2019-06-28 09:55:00.909303080,99852,296,99803,100,99885,196,99417,176,99899,196,99161,196,99922,196,99117,196,99961,196,99093,196,99972,100,99072,196,100023,100,99055,100,100027,100,98783,100,100052,100,98537,100,100070,100,,
2019-06-28 09:55:10.000000000,99852,320,99803,220,99885,220,99417,200,99899,220,99161,220,99922,220,99117,220,99961,100,99093,100,99972,100,99072,100,100023,100,99055,100,100027,100,98783,100,100052,100,98537,100,100070,100,,
2019-06-28 09:55:20.000000000,99852,680,99803,580,99885,100,99417,80,99899,100,99161,100,99922,100,99117,100,99961,100,99093,100,99972,100,99072,100,100023,100,99055,100,100027,100,98783,100,100052,100,98537,100,100070,100,,
2019-06-28 09:55:21.840012671,99852,680,99803,580,99885,100,99417,80,99899,100,99161,100,99922,100,99117,100,99961,100,99093,100,99972,100,99072,100,100023,100,99055,100,100027,100,98783,100,100052,100,98537,100,100070,100,,
2019-06-28 09:55:30.000000000,99852,680,99803,580,99885,100,99417,80,99899,100,99161,100,99922,100,99117,100,99961,100,99093,100,99972,100,99072,100,100023,100,99055,100,100027,100,98783,100,100052,100,98537,100,100070,100,,
2019-06-28 09:55:37.618117601,99852,680,99803,580,99885,100,99417,80,99899,100,99161,100,99922,100,99117,100,99961,100,99093,100,99972,100,99072,100,100023,100,99055,100,100027,100,98783,100,100052,100,98537,100,100070,100,,
2019-06-28 09:55:40.000000000,99852,363,99803,263,99885,258,99417,238,99899,258,99161,258,99922,100,99117,100,99961,100,99093,100,99972,100,99072,100,100023,100,99055,100,100027,100,98783,100,100052,100,98537,100,100070,100,,
2019-06-28 09:55:40.105404345,99852,263,99803,263,99885,258,99417,238,99899,258,99161,258,99922,100,99117,100,99961,100,99093,100,99972,100,99072,100,100023,100,99055,100,100027,100,98783,100,100052,100,98537,100,100070,100,,
2019-06-28 09:55:46.838581046,99852,263,99803,263,99885,258,99417,238,99899,258,99161,258,99922,100,99117,100,99961,100,99093,100,99972,100,99072,100,100023,100,99055,100,100027,100,98783,100,100052,100,98537,100,100070,100,,
2019-06-28 09:55:48.941205787,99852,263,99803,263,99885,158,99417,238,99899,258,99161,258,99922,100,99117,100,99961,100,99093,100,99972,100,99072,100,100023,100,99055,100,100027,100,98783,100,100052,100,98537,100,100070,100,,
2019-06-28 09:55:50.000000000,99852,196,99803,196,99899,196,99417,176,99922,196,99161,196,99961,196,99117,196,99972,196,99093,196,100023,100,99072,100,100027,100,99055,100,100052,100,98783,100,100070,100,98537,100,100077,100,,
2019-06-28 09:56:00.000000000,99852,340,99803,340,99899,340,99417,320,99922,100,99161,100,99961,100,99117,100,99972,100,99093,100,100023,100,99072,100,100027,100,99055,100,100052,100,98783,100,100070,100,98537,100,100077,100,,
2019-06-28 09:56:06.860309448,99852,340,99803,340,99899,340,99417,320,99922,100,99161,100,99961,100,99117,100,99972,100,99093,100,100023,100,99072,100,100027,100,99055,100,100052,100,98783,100,100070,100,98537,100,100077,100,,
2019-06-28 09:56:10.000000000,99852,263,99803,263,99899,258,99417,238,99922,258,99161,258,99961,100,99117,100,99972,100,99093,100,100023,100,99072,100,100027,100,99055,100,100052,100,98783,100,100070,100,98537,100,100077,100,,
2019-06-28 09:56:20.000000000,99852,340,99803,340,99899,340,99417,320,99922,100,99161,100,99961,100,99117,100,99972,100,99093,100,100023,100,99072,100,100027,100,99055,100,100052,100,98783,100,100070,100,98537,100,100077,100,,
2019-06-28 09:56:21.887738638,99852,340,99803,340,99899,340,99417,320,99922,100,99161,100,99961,100,99117,100,99972,100,99093,100,100023,100,99072,100,100027,100,99055,100,100052,100,98783,100,100070,100,98537,100,100077,100,,
2019-06-28 09:56:25.374572192,99852,340,99803,340,99899,340,99417,320,99922,100,99161,100,99961,100,99117,100,99972,100,99093,100,100023,100,99072,100,100027,100,99055,100,100052,100,98783,100,100070,100,98537,100,100077,100,,
2019-06-28 09:56:30.000000000,99852,196,99803,196,99899,196,99417,176,99922,196,99161,196,99961,196,99117,196,99972,196,99093,196,100023,100,99072,100,100027,100,99055,100,100052,100,98783,100,100070,100,98537,100,100077,100,,
2019-06-28 09:56:40.000000000,99852,196,99803,196,99899,196,99417,176,99922,196,99161,196,99961,196,99117,196,99972,196,99093,196,100023,100,99072,100,100027,100,99055,100,100052,100,98783,100,100070,100,98537,100,100077,100,,
2019-06-28 09:56:50.000000000,99852,220,99803,220,99899,220,99417,200,99922,220,99161,220,99961,220,99117,220,99972,100,99093,100,100023,100,99072,100,100027,100,99055,100,100052,100,98783,100,100070,100,98537,100,100077,100,,
2019-06-28 09:56:59.093209542,99842,100,99803,220,99852,220,99417,200,99899,220,99161,220,99922,220,99117,220,99961,220,99093,100,99972,100,99072,100,100023,100,99055,100,100027,100,98783,100,100052,100,98537,100,100070,100,,
2019-06-28 09:57:00.000000000,99842,220,99803,220,99852,220,99417,200,99899,220,99161,220,99922,220,99117,220,99961,100,99093,100,99972,100,99072,100,100023,100,99055,100,100027,100,98783,100,100052,100,98537,100,100070,100,,
2019-06-28 09:57:07.318791419,99842,320,99803,220,99852,220,99417,200,99899,220,99161,220,99922,220,99117,220,99961,100,99093,100,99972,100,99072,100,100023,100,99055,100,100027,100,98783,100,100052,100,98537,100,100070,100,,
2019-06-28 09:57:10.000000000,99842,680,99803,580,99852,100,99417,80,99899,100,99161,100,99922,100,99117,100,99961,100,99093,100,99972,100,99072,100,100023,100,99055,100,100027,100,98783,100,100052,100,98537,100,100070,100,,
2019-06-28 09:57:20.000000000,99842,440,99803,340,99852,340,99417,320,99899,100,99161,100,99922,100,99117,100,99961,100,99093,100,99972,100,99072,100,100023,100,99055,100,100027,100,98783,100,100052,100,98537,100,100070,100,,
2019-06-28 09:57:29.965529605,99842,440,99803,240,99852,340,99417,320,99899,100,99161,100,99922,100,99117,100,99961,100,99093,100,99972,100,99072,100,100023,100,98783,100,100027,100,98537,100,100052,100,,,100070,100,,
2019-06-28 09:57:30.000000000,99842,363,99417,243,99852,258,99161,258,99899,258,99117,258,99922,100,99093,100,99961,100,99072,100,99972,100,98783,100,100023,100,98537,100,100027,100,,,100052,100,,,100070,100,,
2019-06-28 09:57:40.000000000,99842,320,99417,200,99852,220,99161,220,99899,220,99117,220,99922,220,99093,220,99961,100,99072,100,99972,100,98783,100,100023,100,98537,100,100027,100,,,100052,100,,,100070,100,,
2019-06-28 09:57:41.095580985,99701,100,99417,200,99842,320,99161,220,99852,220,99117,220,99899,220,99093,220,99922,220,99072,100,99961,100,98783,100,100023,100,98537,100,100027,100,,,100052,100,,,100070,100,,
2019-06-28 09:57:44.267426981,99701,100,99417,200,99841,100,99161,220,99842,320,99117,220,99852,220,99093,220,99899,220,99072,100,99922,220,98783,100,99961,100,98537,100,100023,100,,,100027,100,,,100052,100,,
2019-06-28 09:57:50.000000000,99701,220,99417,200,99841,220,99161,220,99842,320,99117,220,99852,220,99093,220,99899,100,99072,100,99922,100,98783,100,99961,100,98537,100,100023,100,,,100027,100,,,100052,100,,
2019-06-28 09:57:54.217124700,99603,100,99417,200,99701,220,99161,220,99841,220,99117,220,99842,320,99093,220,99852,220,99072,100,99899,100,98783,100,99922,100,98537,100,99961,100,,,100023,100,,,100027,100,,
2019-06-28 09:57:57.765649572,99701,220,99417,200,99841,220,99161,220,99842,320,99117,220,99852,220,99093,220,99899,100,99072,100,99922,100,98783,100,99961,100,98537,100,100023,100,,,100027,100,,,100052,100,,
2019-06-28 09:58:00.000000000,99701,580,99417,560,99841,100,99161,100,99842,200,99117,100,99852,100,99093,100,99899,100,99072,100,99922,100,98783,100,99961,100,98537,100,100023,100,,,100027,100,,,100052,100,,
2019-06-28 09:58:04.522784115,99701,480,99417,560,99841,100,99161,100,99842,200,99117,100,99899,100,99093,100,99922,100,99072,100,99961,100,98783,100,100023,100,98537,100,100027,100,,,100052,100,,,100070,100,,
2019-06-28 09:58:10.000000000,99841,263,99417,243,99842,358,99161,258,99899,258,99117,258,99922,100,99093,100,99961,100,99072,100,100023,100,98783,100,100027,100,98537,100,100052,100,,,100070,100,,,100077,100,,
2019-06-28 09:58:12.340749029,99841,263,99629,100,99842,358,99417,243,99899,258,99161,258,99922,100,99117,258,99961,100,99093,100,100023,100,99072,100,100027,100,98783,100,100052,100,98537,100,100070,100,,,100077,100,,
2019-06-28 09:58:13.844134839,99841,263,99629,100,99842,358,99495,100,99899,258,99417,243,99922,100,99161,258,99961,100,99117,258,100023,100,99093,100,100027,100,99072,100,100052,100,98783,100,100070,100,98537,100,100077,100,,
2019-06-28 09:58:20.000000000,99841,340,99629,340,99842,440,99495,340,99899,100,99417,80,99922,100,99161,100,99961,100,99117,100,100023,100,99093,100,100027,100,99072,100,100052,100,98783,100,100070,100,98537,100,100077,100,,
2019-06-28 09:58:22.577508327,99700,100,99629,340,99841,340,99495,340,99842,440,99417,80,99899,100,99161,100,99922,100,99117,100,99961,100,99093,100,100023,100,99072,100,100027,100,98783,100,100052,100,98537,100,100070,100,,
2019-06-28 09:58:30.000000000,99700,263,99629,263,99841,258,99495,258,99842,358,99417,238,99899,100,99161,100,99922,100,99117,100,99961,100,99093,100,100023,100,99072,100,100027,100,98783,100,100052,100,98537,100,100070,100,,
2019-06-28 09:58:30.951841813,99700,263,99629,263,99841,258,99495,258,99842,358,99417,238,99899,100,99329,100,99922,100,99161,100,99961,100,99117,100,100023,100,99093,100,100027,100,99072,100,100052,100,98783,100,100070,100,98537,100
2019-06-28 09:58:38.644846128,99700,163,99629,263,99841,258,99495,258,99842,358,99417,238,99899,100,99329,100,99922,100,99161,100,99961,100,99117,100,100023,100,99093,100,100027,100,99072,100,100052,100,98783,100,100070,100,98537,100
2019-06-28 09:58:40.000000000,99841,220,99629,220,99842,320,99495,220,99899,220,99417,200,99922,220,99329,220,99961,100,99161,100,100023,100,99117,100,100027,100,99093,100,100052,100,99072,100,100070,100,98783,100,100077,100,98537,100
2019-06-28 09:58:46.047269621,99841,120,99629,220,99842,320,99495,220,99899,120,99417,200,99922,220,99329,220,99961,100,99161,100,100023,100,99117,100,100027,100,99093,100,100052,100,99072,100,100070,100,98783,100,100077,100,98537,100
2019-06-28 09:58:50.000000000,99842,296,99629,196,99922,196,99495,196,99961,196,99417,176,100023,196,99329,196,100027,196,99161,196,100052,100,99117,100,100070,100,99093,100,100077,100,99072,100,100115,100,98783,100,100161,100,98537,100
2019-06-28 09:58:56.674737275,99840,100,99629,196,99842,296,99495,196,99922,196,99417,176,99961,196,99329,196,100023,196,99161,196,100027,196,99117,100,100052,100,99093,100,100070,100,99072,100,100077,100,98783,100,100115,100,98537,100
2019-06-28 09:59:00.000000000,99840,580,99629,580,99842,200,99495,100,99922,100,99417,80,99961,100,99329,100,100023,100,99161,100,100027,100,99117,100,100052,100,99093,100,100070,100,99072,100,100077,100,98783,100,100115,100,98537,100
2019-06-28 09:59:10.000000000,99840,196,99629,196,99842,296,99495,196,99922,196,99417,176,99961,196,99329,196,100023,196,99161,196,100027,100,99117,100,100052,100,99093,100,100070,100,99072,100,100077,100,98783,100,100115,100,98537,100
2019-06-28 09:59:20.000000000,99840,220,99629,220,99842,320,99495,220,99922,220,99417,200,99961,220,99329,220,100023,100,99161,100,100027,100,99117,100,100052,100,99093,100,100070,100,99072,100,100077,100,98783,100,100115,100,98537,100
2019-06-28 09:59:30.000000000,99840,580,99629,580,99842,200,99495,100,99922,100,99417,80,99961,100,99329,100,100023,100,99161,100,100027,100,99117,100,100052,100,99093,100,100070,100,99072,100,100077,100,98783,100,100115,100,98537,100
2019-06-28 09:59:33.577905421,99840,580,99700,100,99842,200,99629,580,99922,100,99495,100,99961,100,99417,80,100023,100,99329,100,100027,100,99161,100,100070,100,99117,100,100077,100,99093,100,100115,100,99072,100,100161,100,98783,100
2019-06-28 09:59:35.853515927,99840,580,99700,200,99842,200,99629,580,99922,100,99495,100,99961,100,99417,80,100023,100,99329,100,100027,100,99117,100,100070,100,99093,100,100077,100,99072,100,100115,100,98783,100,100161,100,98537,100
2019-06-28 09:59:40.000000000,99840,263,99700,363,99842,358,99629,258,99922,258,99495,258,99961,100,99417,80,100023,100,99329,100,100027,100,99117,100,100070,100,99093,100,100077,100,99072,100,100115,100,98783,100,100161,100,98537,100
2019-06-28 09:59:40.229025384,99840,263,99700,363,99842,358,99629,258,99922,258,99495,258,99961,100,99417,80,100023,100,99329,100,100027,100,99117,100,100070,100,99093,100,100077,100,99072,100,100115,100,98783,100,100161,100,98537,100
2019-06-28 09:59:50.000000000,99840,220,99700,320,99842,320,99629,220,99922,220,99495,220,99961,220,99417,200,100023,100,99329,100,100027,100,99117,100,100070,100,99093,100,100077,100,99072,100,100115,100,98783,100,100161,100,98537,100
2019-06-28 10:00:00.000000000,99840,340,99700,440,99842,440,99629,340,99922,100,99495,100,99961,100,99417,80,100023,100,99329,100,100027,100,99117,100,100070,100,99093,100,100077,100,99072,100,100115,100,98783,100,100161,100,98537,100
2019-06-28 10:00:01.712013831,99840,340,99700,440,99842,440,99629,340,99922,100,99495,100,99961,100,99417,80,100023,100,99329,100,100027,100,99117,100,100070,100,99093,100,100077,100,99072,100,100115,100,98783,100,100161,100,98537,100
2019-06-28 10:00:10.000000000,99840,220,99700,320,99842,320,99629,220,99922,220,99495,220,99961,220,99417,200,100023,100,99329,100,100027,100,99117,100,100070,100,99093,100,100077,100,99072,100,100115,100,98783,100,100161,100,98537,100
2019-06-28 10:00:20.000000000,99840,580,99700,680,99842,200,99629,100,99922,100,99495,100,99961,100,99417,80,100023,100,99329,100,100027,100,99117,100,100070,100,99093,100,100077,100,99072,100,100115,100,98783,100,100161,100,98537,100
2019-06-28 10:00:24.683220914,99840,580,99700,680,99842,200,99629,100,99922,100,99495,100,99961,100,99417,80,100023,100,99329,100,100027,100,99117,100,100070,100,99093,100,100077,100,99072,100,100115,100,98783,100,100131,100,98537,100
2019-06-28 10:00:29.579899154,99804,100,99700,680,99840,580,99629,100,99842,200,99495,100,99922,100,99417,80,99961,100,99117,100,100023,100,99093,100,100027,100,99072,100,100070,100,98783,100,100077,100,98537,100,100115,100,,
2019-06-28 10:00:30.000000000,99804,580,99700,680,99840,100,99629,100,99842,200,99495,100,99922,100,99417,80,99961,100,99117,100,100023,100,99093,100,100027,100,99072,100,100070,100,98783,100,100077,100,98537,100,100115,100,,
2019-06-28 10:00:40.000000000,99804,340,99700,440,99840,340,99629,340,99842,200,99495,100,99922,100,99417,80,99961,100,99117,100,100023,100,99093,100,100027,100,99072,100,100070,100,98783,100,100077,100,98537,100,100115,100,,
2019-06-28 10:00:40.847427039,99804,340,99700,440,99840,440,99629,340,99842,200,99495,100,99922,100,99417,80,99961,100,99117,100,100023,100,99093,100,100027,100,99072,100,100070,100,98783,100,100077,100,98537,100,100115,100,,
2019-06-28 10:00:50.000000000,99804,340,99700,440,99840,440,99629,340,99842,200,99495,100,99922,100,99417,80,99961,100,99117,100,100023,100,99093,100,100027,100,99072,100,100070,100,98783,100,100077,100,98537,100,100115,100,,
2019-06-28 10:00:52.433264672,99804,340,99700,440,99840,540,99629,340,99842,100,99495,100,99922,100,99417,80,99961,100,99117,100,100023,100,99093,100,100027,100,99072,100,100070,100,98783,100,100077,100,98537,100,100115,100,,
2019-06-28 10:01:00.000000000,99804,220,99700,320,99840,420,99629,220,99842,220,99495,220,99922,220,99417,200,99961,100,99117,100,100023,100,99093,100,100027,100,99072,100,100070,100,98783,100,100077,100,98537,100,100115,100,,
2019-06-28 10:01:10.000000000,99804,263,99700,363,99840,458,99629,258,99842,258,99495,258,99922,100,99417,80,99961,100,99117,100,100023,100,99093,100,100027,100,99072,100,100070,100,98783,100,100077,100,98537,100,100115,100,,
2019-06-28 10:01:20.000000000,99804,340,99700,440,99840,540,99629,340,99842,100,99495,100,99922,100,99417,80,99961,100,99117,100,100023,100,99093,100,100027,100,99072,100,100070,100,98783,100,100077,100,98537,100,100115,100,,
2019-06-28 10:01:30.000000000,99804,340,99700,440,99840,540,99629,340,99842,100,99495,100,99922,100,99417,80,99961,100,99117,100,100023,100,99093,100,100027,100,99072,100,100070,100,98783,100,100077,100,98537,100,100115,100,,
2019-06-28 10:01:31.779629362,99711,100,99700,440,99804,340,99629,340,99840,540,99495,100,99842,100,99417,80,99922,100,99117,100,99961,100,99093,100,100023,100,99072,100,100027,100,98783,100,100077,100,98537,100,100115,100,,
2019-06-28 10:01:40.000000000,99711,580,99700,680,99804,100,99629,100,99840,300,99495,100,99842,100,99417,80,99922,100,99117,100,99961,100,99093,100,100023,100,99072,100,100027,100,98783,100,100077,100,98537,100,100115,100,,
2019-06-28 10:01:42.040317058,99711,580,99700,680,99804,100,99629,100,99840,300,99417,80,99842,100,99284,100,99922,100,99117,100,99961,100,99093,100,100023,100,99072,100,100027,100,98783,100,100077,100,98537,100,100115,100,,
2019-06-28 10:01:50.000000000,99711,220,99700,320,99804,220,99629,220,99840,420,99417,200,99842,220,99284,220,99922,100,99117,100,99961,100,99093,100,100023,100,99072,100,100027,100,98783,100,100077,100,98537,100,100115,100,,
2019-06-28 10:01:56.271389249,99711,220,99700,320,99804,220,99629,220,99840,420,99417,200,99842,220,99344,100,99922,100,99284,220,99961,100,99117,100,100023,100,99093,100,100027,100,99072,100,100077,100,98783,100,100115,100,98537,100
2019-06-28 10:02:00.000000000,99711,263,99700,363,99804,258,99629,258,99840,458,99417,238,99842,100,99344,100,99922,100,99284,100,99961,100,99117,100,100023,100,99093,100,100027,100,99072,100,100077,100,98783,100,100115,100,98537,100
2019-06-28 10:02:10.000000000,99711,263,99700,363,99804,258,99629,258,99840,458,99417,238,99842,100,99344,100,99922,100,99284,100,99961,100,99117,100,100023,100,99093,100,100027,100,99072,100,100077,100,98783,100,100115,100,98537,100
2019-06-28 10:02:19.904908532,99711,263,99700,363,99790,100,99629,258,99804,258,99417,238,99840,458,99344,100,99842,100,99284,100,99922,100,99117,100,100023,100,99093,100,100027,100,99072,100,100077,100,98783,100,100115,100,98537,100
2019-06-28 10:02:20.000000000,99711,263,99700,363,99790,258,99629,258,99804,258,99417,238,99840,300,99344,100,99842,100,99284,100,99922,100,99117,100,100023,100,99093,100,100027,100,99072,100,100077,100,98783,100,100115,100,98537,100
2019-06-28 10:02:30.000000000,99711,263,99700,363,99790,258,99629,258,99804,258,99417,238,99840,300,99344,100,99842,100,99284,100,99922,100,99117,100,100023,100,99093,100,100027,100,99072,100,100077,100,98783,100,100115,100,98537,100
2019-06-28 10:02:40.000000000,99711,196,99700,296,99790,196,99629,196,99804,196,99417,176,99840,396,99344,196,99842,196,99284,196,99922,100,99117,100,100023,100,99093,100,100027,100,99072,100,100077,100,98783,100,100115,100,98537,100
2019-06-28 10:02:46.041718159,99711,96,99700,296,99790,196,99629,196,99804,196,99417,176,99840,396,99344,196,99842,196,99284,196,99922,100,99117,100,100023,100,99093,100,100027,100,99072,100,100077,100,98783,100,100115,100,98537,100
2019-06-28 10:02:48.274262820,99711,96,99700,296,99790,196,99629,196,99804,196,99417,176,99840,396,99344,196,99842,196,99284,196,99922,100,99117,100,99954,100,99093,100,100023,100,99072,100,100027,100,98783,100,100077,100,98537,100
2019-06-28 10:02:50.000000000,99790,580,99700,680,99804,100,99629,100,99840,300,99417,80,99842,100,99344,100,99922,100,99284,100,99954,100,99117,100,100023,100,99093,100,100027,100,99072,100,100077,100,98783,100,100115,100,98537,100
2019-06-28 10:02:59.012470789,99790,580,99700,680,99804,100,99629,100,99840,300,99417,80,99842,100,99344,100,99856,100,99284,100,99922,100,99117,100,99954,100,99093,100,100023,100,99072,100,100027,100,98783,100,100077,100,98537,100
2019-06-28 10:03:00.000000000,99790,340,99700,440,99804,340,99629,340,99840,300,99417,80,99842,100,99344,100,99856,100,99284,100,99922,100,99117,100,99954,100,99093,100,100023,100,99072,100,100027,100,98783,100,100077,100,98537,100
2019-06-28 10:03:06.864648763,99790,240,99700,440,99804,340,99629,340,99840,300,99417,80,99842,100,99344,100,99856,100,99284,100,99922,100,99117,100,99954,100,99093,100,100023,100,99072,100,100027,100,98783,100,100077,100,,
2019-06-28 10:03:09.136493675,99790,140,99700,440,99804,340,99629,340,99840,300,99417,80,99842,100,99344,100,99856,100,99284,100,99922,100,99117,100,99954,100,99093,100,100023,100,99072,100,100027,100,98783,100,100077,100,,
2019-06-28 10:03:10.000000000,99804,220,99700,320,99840,420,99629,220,99842,220,99417,200,99856,220,99344,220,99922,100,99284,100,99954,100,99117,100,100023,100,99093,100,100027,100,99072,100,100077,100,98783,100,100115,100,,
2019-06-28 10:03:13.679930596,99804,220,99790,100,99840,420,99700,320,99842,220,99629,220,99856,220,99417,200,99922,100,99344,220,99954,100,99284,100,100023,100,99093,100,100027,100,99072,100,100077,100,98783,100,100115,100,,
2019-06-28 10:03:20.000000000,99804,580,99790,580,99840,300,99700,200,99842,100,99629,100,99856,100,99417,80,99922,100,99344,100,99954,100,99284,100,100023,100,99093,100,100027,100,99072,100,100077,100,98783,100,100115,100,,
2019-06-28 10:03:24.109486445,99804,580,99790,580,99840,300,99700,200,99842,100,99629,100,99856,100,99417,80,99922,100,99344,100,99954,100,99284,100,100023,100,99093,100,100027,100,99072,100,100077,100,98783,100,100095,100,,
2019-06-28 10:03:30.000000000,99804,196,99790,196,99840,396,99700,296,99842,196,99629,196,99856,196,99417,176,99922,196,99344,196,99954,100,99284,100,100023,100,99093,100,100027,100,99072,100,100077,100,98783,100,100095,100,,
2019-06-28 10:03:33.429728414,99804,196,99790,296,99840,296,99700,296,99842,196,99629,196,99856,196,99417,176,99922,196,99344,196,99954,100,99284,100,100023,100,99093,100,100027,100,99072,100,100077,100,98783,100,100095,100,,
2019-06-28 10:03:36.835974733,99804,96,99790,296,99840,296,99700,296,99842,196,99629,196,99856,196,99417,176,99922,196,99344,196,99954,100,99284,100,100023,100,99093,100,100027,100,99072,100,100077,100,98783,100,100095,100,,
2019-06-28 10:03:40.000000000,99840,680,99790,680,99842,100,99700,200,99856,100,99629,100,99922,100,99417,80,99954,100,99344,100,100023,100,99284,100,100027,100,99093,100,100077,100,99072,100,100095,100,98783,100,100131,100,,
2019-06-28 10:03:46.400289359,99840,580,99790,680,99842,100,99700,200,99856,100,99629,100,99922,100,99417,80,99954,100,99344,100,100023,100,99284,100,100027,100,99093,100,100077,100,99072,100,100095,100,98783,100,100131,100,,
2019-06-28 10:03:50.000000000,99840,580,99790,680,99842,100,99700,200,99856,100,99629,100,99922,100,99417,80,99954,100,99344,100,100023,100,99284,100,100027,100,99093,100,100077,100,99072,100,100095,100,98783,100,100131,100,,
2019-06-28 10:04:00.000000000,99840,263,99790,363,99842,258,99700,358,99856,258,99629,258,99922,100,99417,80,99954,100,99344,100,100023,100,99284,100,100027,100,99093,100,100077,100,99072,100,100095,100,98783,100,100131,100,,
2019-06-28 10:04:05.514483453,99840,163,99790,363,99842,258,99700,358,99856,258,99629,258,99922,100,99417,80,99954,100,99344,100,100023,100,99284,100,100027,100,99093,100,100077,100,99072,100,100095,100,98783,100,100131,100,,
2019-06-28 10:04:10.000000000,99842,340,99790,440,99856,340,99700,440,99922,100,99629,100,99954,100,99417,80,100023,100,99344,100,100027,100,99284,100,100077,100,99093,100,100095,100,99072,100,100131,100,98783,100,100161,100,,
2019-06-28 10:04:19.169224718,99839,100,99790,440,99842,340,99700,440,99856,340,99629,100,99922,100,99417,80,99954,100,99344,100,100023,100,99284,100,100027,100,99093,100,100077,100,99072,100,100095,100,98783,100,100131,100,,
2019-06-28 10:04:20.000000000,99839,220,99790,320,99842,220,99700,320,99856,220,99629,220,99922,220,99417,200,99954,100,99344,100,100023,100,99284,100,100027,100,99093,100,100077,100,99072,100,100095,100,98783,100,100131,100,,
2019-06-28 10:04:23.121277228,99839,220,99809,100,99842,220,99790,320,99856,220,99700,320,99922,220,99629,220,99954,100,99417,200,100023,100,99344,100,100027,100,99284,100,100077,100,99093,100,100095,100,99072,100,100131,100,98783,100
2019-06-28 10:04:30.000000000,99839,220,99809,220,99842,220,99790,320,99856,220,99700,320,99922,220,99629,220,99954,100,99417,80,100023,100,99344,100,100027,100,99284,100,100077,100,99093,100,100095,100,99072,100,100131,100,98783,100
2019-06-28 10:04:40.000000000,99839,196,99809,196,99842,196,99790,296,99856,196,99700,296,99922,196,99629,196,99954,196,99417,176,100023,100,99344,100,100027,100,99284,100,100077,100,99093,100,100095,100,99072,100,100131,100,98783,100
2019-06-28 10:04:50.000000000,99839,580,99809,580,99842,100,99790,200,99856,100,99700,200,99922,100,99629,100,99954,100,99417,80,100023,100,99344,100,100027,100,99284,100,100077,100,99093,100,100095,100,99072,100,100131,100,98783,100
2019-06-28 10:05:00.000000000,99839,196,99809,196,99842,196,99790,296,99856,196,99700,296,99922,196,99629,196,99954,196,99417,176,100023,100,99344,100,100027,100,99284,100,100077,100,99093,100,100095,100,99072,100,100131,100,98783,100
2019-06-28 10:05:01.602370790,99839,96,99809,196,99842,196,99790,296,99856,196,99700,296,99922,196,99629,196,99954,196,99417,176,100023,100,99284,100,100027,100,99093,100,100077,100,99072,100,100095,100,98783,100,100131,100,,
2019-06-28 10:05:10.000000000,99842,220,99809,220,99856,220,99790,320,99922,220,99700,320,99954,220,99629,220,100023,100,99417,80,100027,100,99284,100,100077,100,99093,100,100095,100,99072,100,100131,100,98783,100,100161,100,,
2019-06-28 10:05:20.000000000,99842,340,99809,340,99856,340,99790,440,99922,100,99700,200,99954,100,99629,100,100023,100,99417,80,100027,100,99284,100,100077,100,99093,100,100095,100,99072,100,100131,100,98783,100,100161,100,,
2019-06-28 10:05:30.000000000,99842,340,99809,340,99856,340,99790,440,99922,100,99700,200,99954,100,99629,100,100023,100,99417,80,100027,100,99284,100,100077,100,99093,100,100095,100,99072,100,100131,100,98783,100,100161,100,,
2019-06-28 10:05:40.000000000,99842,220,99809,220,99856,220,99790,320,99922,220,99700,320,99954,220,99629,220,100023,100,99417,80,100027,100,99284,100,100077,100,99093,100,100095,100,99072,100,100131,100,98783,100,100161,100,,
