,ask_price_1,ask_size_1,bid_price_1,bid_size_1,ask_price_2,ask_size_2,bid_price_2,bid_size_2,ask_price_3,ask_size_3,bid_price_3,bid_size_3,ask_price_4,ask_size_4,bid_price_4,bid_size_4,ask_price_5,ask_size_5,bid_price_5,bid_size_5,ask_price_6,ask_size_6,bid_price_6,bid_size_6,ask_price_7,ask_size_7,bid_price_7,bid_size_7,ask_price_8,ask_size_8,bid_price_8,bid_size_8,ask_price_9,ask_size_9,bid_price_9,bid_size_9,ask_price_10,ask_size_10,bid_price_10,bid_size_10
2019-06-28 09:30:00.000000000,99980,100,,,,,,,,,,,,,,,,,,,,,,,,,,,,,,,,,,,,,,
2019-06-28 09:30:00.000000001,99980,100,99919,100,,,,,,,,,,,,,,,,,,,,,,,,,,,,,,,,,,,,
2019-06-28 09:30:00.000000004,99980,100,99919,100,,,99846,100,,,,,,,,,,,,,,,,,,,,,,,,,,,,,,,,
2019-06-28 09:30:00.000000007,99980,100,99936,100,99991,100,99919,100,100088,100,99846,100,,,,,,,,,,,,,,,,,,,,,,,,,,,,
2019-06-28 09:30:00.000000008,99980,100,99936,100,99991,100,99919,100,100006,100,99846,100,100088,100,,,,,,,,,,,,,,,,,,,,,,,,,,
2019-06-28 09:30:00.000000010,99980,100,99936,100,99991,100,99919,100,100006,100,99880,100,100088,100,99846,100,,,,,,,,,,,,,,,,,,,,,,,,
2019-06-28 09:30:00.000000011,99980,100,99936,100,99991,100,99919,100,100006,100,99890,100,100088,100,99880,100,,,99846,100,,,,,,,,,,,,,,,,,,,,
2019-06-28 09:30:00.000000012,99980,100,99936,100,99991,100,99919,100,100006,100,99890,100,100088,100,99880,100,100162,100,99846,100,,,,,,,,,,,,,,,,,,,,
2019-06-28 09:30:00.000000014,99980,100,99936,100,99990,100,99919,100,99991,100,99890,100,100006,100,99880,100,100088,100,99846,100,100162,100,,,,,,,,,,,,,,,,,,
2019-06-28 09:30:00.000000017,99980,100,99930,100,99990,100,99919,100,99991,100,99890,100,100006,100,99880,100,100086,100,99846,100,100088,100,,,100162,100,,,,,,,,,,,,,,
2019-06-28 09:30:00.000000018,99980,100,99966,100,99990,100,99930,100,99991,100,99919,100,100006,100,99890,100,100086,100,99880,100,100088,100,99846,100,100117,100,,,100162,100,,,,,,,,,,
2019-06-28 09:30:00.000000023,99980,100,99966,100,99990,100,99930,100,99991,100,99919,100,100006,100,99890,100,100009,100,99880,100,100071,100,99846,100,100086,100,,,100088,100,,,100117,100,,,100162,100,,
2019-06-28 09:30:00.000000024,99980,100,99966,100,99990,100,99964,100,99991,100,99930,100,100006,100,99919,100,100009,100,99890,100,100071,100,99880,100,100086,100,99846,100,100088,100,,,100117,100,,,100162,100,,
2019-06-28 09:30:00.000000026,99980,100,99966,100,99990,100,99964,100,99991,100,99930,100,99999,100,99919,100,100006,100,99890,100,100009,100,99880,100,100071,100,99846,100,100086,100,,,100088,100,,,100117,100,,
2019-06-28 09:30:00.000000027,99990,100,99966,100,99991,100,99964,100,99999,100,99930,100,100006,100,99919,100,100009,100,99890,100,100071,100,99880,100,100086,100,99846,100,100088,100,,,100117,100,,,100162,100,,
2019-06-28 09:30:00.000000028,99990,100,99966,100,99991,100,99964,100,99999,100,99936,100,100006,100,99930,100,100009,100,99919,100,100071,100,99890,100,100086,100,99880,100,100088,100,99846,100,100117,100,,,100162,100,,
2019-06-28 09:30:00.000000033,99990,100,99966,100,99991,100,99964,100,99999,100,99936,100,100006,100,99930,100,100009,100,99919,100,100033,100,99890,100,100058,100,99880,100,100071,100,99846,100,100086,100,,,100088,100,,
2019-06-28 09:30:00.000000034,99990,100,99966,100,99991,100,99964,100,99999,100,99936,100,100006,100,99930,100,100009,100,99919,100,100033,100,99890,100,100058,100,99880,100,100071,100,99846,100,100086,100,,,100088,100,,
2019-06-28 09:30:00.000000037,99990,100,99964,100,99991,100,99936,100,99995,100,99930,100,99999,100,99919,100,100006,100,99890,100,100009,100,99880,100,100033,100,99846,100,100058,100,,,100071,100,,,100086,100,,
2019-06-28 09:30:00.000000038,99990,100,99964,100,99991,100,99936,100,99995,100,99930,100,99999,100,99919,100,100006,100,99890,100,100009,100,99880,100,100020,100,99846,100,100033,100,,,100058,100,,,100071,100,,
2019-06-28 09:30:00.000000040,99990,100,99966,100,99991,100,99964,100,99995,100,99936,100,99999,100,99930,100,100006,100,99919,100,100009,100,99890,100,100020,100,99880,100,100033,100,99846,100,100058,100,,,100071,100,,
2019-06-28 09:30:00.000000042,99990,100,99966,100,99991,100,99964,100,99995,100,99936,100,99999,100,99930,100,100006,100,99919,100,100009,100,99890,100,100020,100,99880,100,100028,100,99846,100,100033,100,,,100058,100,,
2019-06-28 09:30:00.000000043,99980,100,99966,100,99990,100,99964,100,99991,100,99936,100,99995,100,99930,100,99999,100,99919,100,100006,100,99890,100,100009,100,99880,100,100020,100,99846,100,100028,100,,,100033,100,,
2019-06-28 09:30:00.000000044,99990,100,99966,100,99991,100,99964,100,99995,100,99936,100,99999,100,99930,100,100006,100,99919,100,100009,100,99890,100,100020,100,99880,100,100028,100,99846,100,100033,100,,,100058,100,,
2019-06-28 09:30:00.000000046,99990,100,99966,100,99991,100,99964,100,99995,100,99936,100,99999,100,99930,100,100006,100,99919,100,100009,100,99890,100,100020,100,99880,100,100028,100,99846,100,100033,100,,,100040,100,,
2019-06-28 09:30:00.000000047,99990,100,99967,100,99991,100,99966,100,99995,100,99964,100,99999,100,99936,100,100006,100,99930,100,100009,100,99919,100,100020,100,99890,100,100028,100,99880,100,100033,100,99846,100,100040,100,,
2019-06-28 09:30:00.000000051,99990,100,99966,100,99991,100,99964,100,99995,100,99936,100,99999,100,99930,100,100006,100,99919,100,100009,100,99890,100,100020,100,99880,100,100022,100,99846,100,100028,100,,,100033,100,,
2019-06-28 09:30:00.000000052,99974,100,99964,100,99990,100,99936,100,99991,100,99930,100,99995,100,99919,100,99999,100,99890,100,100006,100,99880,100,100009,100,99846,100,100020,100,,,100022,100,,,100028,100,,
2019-06-28 09:30:00.000000055,99967,100,99964,100,99974,100,99936,100,99990,100,99930,100,99991,100,99919,100,99995,100,99890,100,99999,100,99880,100,100006,100,99846,100,100009,100,,,100020,100,,,100022,100,,
2019-06-28 09:30:00.000000056,99967,100,99964,100,99974,100,99936,100,99990,100,99930,100,99991,100,99919,100,99995,100,99890,100,99999,100,99880,100,100006,100,99846,100,100009,100,,,100020,100,,,100022,100,,
2019-06-28 09:30:00.000000062,99967,100,99964,100,99974,100,99936,100,99990,100,99930,100,99991,100,99927,100,99995,100,99919,100,99999,100,99890,100,100006,100,99880,100,100009,100,99846,100,100020,100,,,100022,100,,
2019-06-28 09:30:00.000000065,99967,100,99964,100,99974,100,99936,100,99990,100,99930,100,99991,100,99927,100,99995,100,99919,100,99999,100,99890,100,100006,100,99880,100,100009,100,99846,100,100020,100,,,100022,100,,
2019-06-28 09:30:00.000000071,99967,100,99964,100,99974,100,99936,100,99990,100,99930,100,99991,100,99927,100,99995,100,99919,100,99999,100,99890,100,100006,100,99880,100,100009,100,99846,100,100020,100,99810,100,100022,100,,
2019-06-28 09:30:00.000000072,99967,100,99964,100,99974,100,99936,100,99990,100,99930,100,99991,100,99927,100,99995,100,99919,100,99999,100,99890,100,100006,100,99880,100,100009,100,99846,100,100020,100,99831,100,100022,100,99821,100
2019-06-28 09:30:00.000000073,99967,100,99964,100,99974,100,99936,100,99990,100,99930,100,99991,100,99927,100,99995,100,99919,100,99999,100,99890,100,100006,100,99880,100,100009,100,99846,100,100020,100,99831,100,100022,100,99821,100
2019-06-28 09:30:00.000000075,99967,100,99966,100,99974,100,99964,100,99990,100,99936,100,99991,100,99930,100,99995,100,99927,100,99999,100,99919,100,100006,100,99890,100,100009,100,99880,100,100020,100,99846,100,100022,100,99831,100
2019-06-28 09:30:00.000000076,99967,100,99966,100,99974,100,99964,100,99990,100,99936,100,99991,100,99930,100,99995,100,99927,100,99999,100,99919,100,100006,100,99890,100,100009,100,99880,100,100020,100,99861,100,100022,100,99846,100
2019-06-28 09:30:00.000000077,99967,100,99966,100,99974,100,99964,100,99990,100,99936,100,99991,100,99930,100,99995,100,99927,100,99999,100,99919,100,100006,100,99890,100,100009,100,99880,100,100020,100,99861,100,100022,100,99846,100
2019-06-28 09:30:00.000000078,99967,100,99966,300,99974,100,99964,100,99990,100,99936,100,99991,100,99930,100,99995,100,99927,100,99999,100,99919,100,100006,100,99910,100,100009,100,99890,100,100020,100,99880,100,100022,100,99861,100
2019-06-28 09:30:00.000000079,99967,100,99966,400,99974,100,99964,100,99990,100,99936,100,99991,100,99930,100,99995,100,99927,100,99999,100,99919,100,100006,100,99910,100,100009,100,99890,100,100020,100,99880,100,100022,100,99861,100
2019-06-28 09:30:00.000000084,99967,100,99966,400,99974,100,99964,100,99990,100,99943,100,99991,100,99936,100,99995,100,99930,100,99999,100,99927,100,100006,100,99919,100,100009,100,99910,100,100020,100,99890,100,100022,100,99880,100
2019-06-28 09:30:00.000000085,99967,100,99966,300,99974,100,99964,100,99985,100,99943,100,99990,100,99936,100,99991,100,99930,100,99995,100,99927,100,99999,100,99919,100,100006,100,99917,100,100009,100,99910,100,100020,100,99890,100
2019-06-28 09:30:00.000000088,99967,100,99966,300,99974,100,99964,100,99985,100,99943,100,99990,100,99936,100,99991,100,99930,100,99995,100,99927,100,99999,100,99919,100,100006,100,99917,100,100009,100,99910,100,100020,100,99890,100
2019-06-28 09:30:00.000000090,99967,100,99966,200,99974,100,99964,100,99985,100,99944,100,99990,100,99943,100,99991,100,99936,100,99995,100,99930,100,99999,100,99927,100,100006,100,99919,100,100009,100,99917,100,100020,100,99910,100
2019-06-28 09:30:00.000000091,99967,100,99966,200,99974,100,99964,100,99985,100,99944,100,99990,100,99943,100,99991,100,99936,100,99995,100,99930,100,99999,100,99927,100,100006,100,99919,100,100009,100,99917,100,100020,100,99910,100
2019-06-28 09:30:00.000000094,99967,100,99966,200,99974,100,99964,100,99985,100,99956,100,99990,100,99944,100,99991,100,99943,100,99995,100,99936,100,99999,100,99930,100,100006,100,99927,100,100009,100,99919,100,100020,100,99917,100
2019-06-28 09:30:10.000000000,99967,190,99966,290,99974,187,99964,187,99985,187,99956,187,99990,100,99944,100,99991,100,99943,100,99995,100,99936,100,99999,100,99930,100,100006,100,99927,100,100009,100,99919,100,100020,100,99917,100
2019-06-28 09:30:20.000000000,99967,190,99966,290,99974,187,99964,187,99985,187,99956,187,99990,100,99944,100,99991,100,99943,100,99995,100,99936,100,99999,100,99930,100,100006,100,99927,100,100009,100,99919,100,100020,100,99917,100
2019-06-28 09:30:24.305112588,99967,190,99966,290,99974,187,99964,187,99985,187,99956,187,99990,100,99944,100,99991,100,99943,100,99995,100,99936,100,99999,100,99930,100,100006,100,99927,100,100009,100,99919,100,100020,100,99917,100
2019-06-28 09:30:30.000000000,99967,153,99966,253,99974,153,99964,153,99985,153,99956,153,99990,153,99944,153,99991,153,99943,153,99995,100,99936,100,99999,100,99930,100,100006,100,99927,100,100009,100,99919,100,100020,100,99917,100
2019-06-28 09:30:35.377729306,99967,153,99966,253,99974,153,99964,153,99985,153,99956,153,99990,153,99944,153,99991,153,99943,153,99995,100,99930,100,99999,100,99927,100,100006,100,99919,100,100009,100,99917,100,100020,100,99910,100
2019-06-28 09:30:37.059059222,99967,53,99966,253,99974,153,99964,153,99985,153,99956,153,99990,53,99944,153,99991,153,99943,153,99995,100,99930,100,99999,100,99927,100,100006,100,99919,100,100009,100,99917,100,100020,100,99910,100
2019-06-28 09:30:40.000000000,99974,232,99966,332,99985,232,99964,232,99991,100,99956,100,99995,100,99944,100,99999,100,99943,100,100006,100,99930,100,100009,100,99927,100,100020,100,99919,100,100022,100,99917,100,100028,200,99910,100
2019-06-28 09:30:50.000000000,99974,364,99966,464,99985,100,99964,100,99991,100,99956,100,99995,100,99944,100,99999,100,99943,100,100006,100,99930,100,100009,100,99927,100,100020,100,99919,100,100022,100,99917,100,100028,200,99910,100
2019-06-28 09:31:00.000000000,99974,153,99966,253,99985,153,99964,153,99991,153,99956,153,99995,153,99944,153,99999,153,99943,153,100006,100,99930,100,100009,100,99927,100,100020,100,99919,100,100022,100,99917,100,100028,200,99910,100
2019-06-28 09:31:01.612151656,99974,53,99966,253,99985,153,99964,153,99991,153,99956,153,99995,153,99944,153,99999,153,99943,153,100006,100,99930,100,100009,100,99927,100,100020,100,99919,100,100022,100,99917,100,100028,200,99910,100
2019-06-28 09:31:02.295291050,99985,153,99974,47,99991,153,99966,253,99995,153,99964,153,99999,153,99956,153,100006,100,99944,153,100009,100,99943,153,100020,100,99930,100,100022,100,99927,100,100028,200,99919,100,100033,100,99917,100
2019-06-28 09:31:10.000000000,99985,232,99974,179,99991,232,99966,332,99995,100,99964,100,99999,100,99956,100,100006,100,99944,100,100009,100,99943,100,100020,100,99930,100,100022,100,99927,100,100028,200,99919,100,100033,100,99917,100
2019-06-28 09:31:12.039460719,99985,232,99974,179,99991,232,99966,232,99995,100,99964,100,99999,100,99956,100,100006,100,99944,100,100009,100,99943,100,100020,100,99930,100,100022,100,99927,100,100028,200,99919,100,100033,100,99917,100
2019-06-28 09:31:20.000000000,99985,190,99974,137,99991,187,99966,187,99995,187,99964,187,99999,100,99956,100,100006,100,99944,100,100009,100,99943,100,100020,100,99930,100,100022,100,99927,100,100028,200,99919,100,100033,100,99917,100
2019-06-28 09:31:30.000000000,99985,364,99974,311,99991,100,99966,100,99995,100,99964,100,99999,100,99956,100,100006,100,99944,100,100009,100,99943,100,100020,100,99930,100,100022,100,99927,100,100028,200,99919,100,100033,100,99917,100
2019-06-28 09:31:30.497769588,99985,264,99974,311,99991,100,99966,100,99995,100,99964,100,99999,100,99956,100,100006,100,99944,100,100009,200,99943,100,100020,100,99930,100,100022,100,99927,100,100028,200,99919,100,100033,100,99917,100
2019-06-28 09:31:31.688305094,99985,164,99974,311,99991,100,99966,100,99995,100,99964,100,99999,100,99956,100,100006,100,99944,100,100009,200,99943,100,100020,100,99930,100,100022,100,99927,100,100028,200,99919,100,100033,100,99917,100
2019-06-28 09:31:40.000000000,99991,190,99974,137,99995,187,99966,187,99999,187,99964,187,100006,100,99956,100,100009,200,99944,100,100020,100,99943,100,100022,100,99930,100,100028,200,99927,100,100033,100,99919,100,100046,100,99917,100
2019-06-28 09:31:50.000000000,99991,166,99974,113,99995,166,99966,166,99999,166,99964,166,100006,166,99956,166,100009,200,99944,100,100020,100,99943,100,100022,100,99930,100,100028,200,99927,100,100033,100,99919,100,100046,100,99917,100
2019-06-28 09:31:55.439778237,99991,166,99975,100,99995,166,99974,113,99999,166,99966,166,100006,166,99964,166,100009,200,99956,166,100020,100,99944,100,100022,100,99943,100,100028,200,99930,100,100033,100,99927,100,100046,100,99919,100
2019-06-28 09:32:00.000000000,99991,190,99975,190,99995,187,99974,134,99999,187,99966,187,100006,100,99964,100,100009,200,99956,100,100020,100,99944,100,100022,100,99943,100,100028,200,99930,100,100033,100,99927,100,100046,100,99919,100
2019-06-28 09:32:00.316123406,99991,190,99975,190,99995,187,99974,134,99999,187,99966,187,100006,100,99964,100,100009,200,99956,100,100020,100,99944,100,100022,100,99943,100,100028,200,99930,100,100033,100,99927,100,100046,100,99919,100
2019-06-28 09:32:10.000000000,99991,232,99975,232,99995,232,99974,179,99999,100,99966,100,100006,100,99964,100,100009,200,99956,100,100020,100,99944,100,100022,100,99943,100,100028,200,99930,100,100033,100,99927,100,100046,100,99919,100
2019-06-28 09:32:20.000000000,99991,190,99975,190,99995,187,99974,134,99999,187,99966,187,100006,100,99964,100,100009,200,99956,100,100020,100,99944,100,100022,100,99943,100,100028,200,99930,100,100033,100,99927,100,100046,100,99919,100
2019-06-28 09:32:21.731983547,99991,190,99975,290,99995,187,99974,134,99999,187,99966,187,100006,100,99964,100,100009,200,99956,100,100020,100,99944,100,100022,100,99943,100,100028,200,99930,100,100033,100,99927,100,100046,100,99919,100
2019-06-28 09:32:30.000000000,99991,153,99975,253,99995,153,99974,100,99999,153,99966,153,100006,153,99964,153,100009,253,99956,153,100020,100,99944,100,100022,100,99943,100,100028,200,99930,100,100033,100,99927,100,100046,100,99919,100
2019-06-28 09:32:40.000000000,99991,232,99975,332,99995,232,99974,179,99999,100,99966,100,100006,100,99964,100,100009,200,99956,100,100020,100,99944,100,100022,100,99943,100,100028,200,99930,100,100033,100,99927,100,100046,100,99919,100
2019-06-28 09:32:42.244709297,99984,100,99975,332,99991,232,99974,179,99995,232,99964,100,99999,100,99956,100,100006,100,99944,100,100009,200,99943,100,100020,100,99930,100,100022,100,99927,100,100028,200,99919,100,100033,100,99917,100
2019-06-28 09:32:45.729876481,99991,232,99975,332,99995,232,99974,179,99999,100,99964,100,100006,100,99956,100,100009,200,99944,100,100020,100,99943,100,100028,200,99930,100,100033,100,99927,100,100046,100,99919,100,100051,100,99917,100
2019-06-28 09:32:50.000000000,99991,364,99975,464,99995,100,99974,47,99999,100,99964,100,100006,100,99956,100,100009,200,99944,100,100020,100,99943,100,100028,200,99930,100,100033,100,99927,100,100046,100,99919,100,100051,100,99917,100
2019-06-28 09:32:52.204301499,99991,364,99975,464,99995,100,99974,47,99999,100,99964,100,100006,100,99956,100,100009,200,99944,100,100020,100,99943,100,100028,200,99930,100,100033,100,99927,100,100046,100,99919,100,100051,100,99917,100
2019-06-28 09:32:52.349722208,99991,364,99975,464,99995,100,99974,47,99999,100,99964,100,100006,100,99956,100,100009,200,99944,100,100020,100,99943,100,100028,200,99930,100,100033,100,99927,100,100046,100,99919,100,100051,100,99917,100
2019-06-28 09:32:55.277660974,99991,364,99975,464,99995,100,99974,47,99999,100,99964,100,100006,100,99956,100,100009,200,99944,100,100020,100,99943,100,100028,200,99930,200,100033,100,99927,100,100046,100,99919,100,100051,100,99917,100
2019-06-28 09:32:59.050603000,99991,364,99975,464,99995,100,99974,47,100006,100,99964,100,100009,200,99956,100,100020,100,99944,100,100028,200,99943,100,100033,100,99930,200,100046,100,99927,100,100051,100,99919,100,100064,100,99917,100
2019-06-28 09:33:00.000000000,99991,153,99975,253,99995,153,99974,100,100006,153,99964,153,100009,253,99956,153,100020,153,99944,153,100028,200,99943,100,100033,100,99930,200,100046,100,99927,100,100051,100,99919,100,100064,100,99917,100
2019-06-28 09:33:04.217217015,99991,153,99975,253,99995,153,99974,100,100006,153,99964,153,100009,253,99956,153,100020,153,99944,153,100028,200,99943,100,100033,100,99930,200,100046,100,99927,100,100051,100,99919,100,100064,100,99917,100
2019-06-28 09:33:08.902492475,99984,100,99975,253,99991,153,99974,100,99995,153,99964,153,100006,153,99956,153,100009,253,99944,153,100020,153,99943,100,100028,200,99930,200,100033,100,99927,100,100046,100,99919,100,100051,100,99917,100
2019-06-28 09:33:10.000000000,99984,166,99975,266,99991,166,99974,113,99995,166,99964,166,100006,166,99956,166,100009,200,99944,100,100020,100,99943,100,100028,200,99930,200,100033,100,99927,100,100046,100,99919,100,100051,100,99917,100
2019-06-28 09:33:16.828346537,99984,166,99975,266,99991,166,99974,113,99995,166,99964,166,100006,166,99956,166,100009,200,99944,100,100020,100,99943,100,100028,200,99930,200,100033,100,99927,100,100046,100,99919,100,100051,100,99917,100
2019-06-28 09:33:20.000000000,99984,232,99975,332,99991,232,99974,179,99995,100,99964,100,100006,100,99956,100,100009,200,99944,100,100020,100,99943,100,100028,200,99930,200,100033,100,99927,100,100046,100,99919,100,100051,100,99917,100
2019-06-28 09:33:20.137190397,99984,232,99975,332,99991,232,99974,179,99995,100,99964,100,100006,100,99956,100,100009,200,99944,100,100020,100,99943,100,100028,200,99930,200,100033,100,99927,100,100046,100,99919,100,100051,100,99917,100
2019-06-28 09:33:21.907266337,99984,232,99975,332,99991,232,99974,179,99995,100,99964,100,100006,100,99956,100,100009,200,99944,100,100020,100,99943,100,100028,200,99930,200,100046,100,99927,100,100051,100,99919,100,100064,100,99917,100
2019-06-28 09:33:30.000000000,99984,232,99975,332,99991,232,99974,179,99995,100,99964,100,100006,100,99956,100,100009,200,99944,100,100020,100,99943,100,100028,200,99930,200,100046,100,99927,100,100051,100,99919,100,100064,100,99917,100
2019-06-28 09:33:36.615007387,99984,232,99975,332,99991,232,99974,179,99995,100,99964,100,100006,100,99956,100,100009,200,99944,100,100020,100,99943,100,100028,200,99930,200,100046,100,99927,100,100051,100,99919,100,100064,100,99917,100
2019-06-28 09:33:40.000000000,99984,153,99975,253,99991,153,99974,100,99995,153,99964,153,100006,153,99956,153,100009,253,99944,153,100020,100,99943,100,100028,200,99930,200,100046,100,99927,100,100051,100,99919,100,100064,100,99917,100
2019-06-28 09:33:50.000000000,99984,153,99975,253,99991,153,99974,100,99995,153,99964,153,100006,153,99956,153,100009,253,99944,153,100020,100,99943,100,100028,200,99930,200,100046,100,99927,100,100051,100,99919,100,100064,100,99917,100
2019-06-28 09:33:53.415027798,99984,153,99975,253,99991,53,99974,100,99995,153,99964,153,100006,153,99956,153,100009,253,99944,153,100020,100,99943,100,100028,200,99930,200,100046,100,99927,100,100051,100,99919,100,100064,100,99917,100
2019-06-28 09:34:00.000000000,99984,153,99975,253,99995,153,99974,100,100006,153,99964,153,100009,253,99956,153,100020,153,99944,153,100028,200,99943,100,100046,100,99930,200,100051,100,99927,100,100064,100,99919,100,100072,100,99917,100
2019-06-28 09:34:10.000000000,99984,166,99975,266,99995,166,99974,113,100006,166,99964,166,100009,266,99956,166,100020,100,99944,100,100028,200,99943,100,100046,100,99930,200,100051,100,99927,100,100064,100,99919,100,100072,100,99917,100
2019-06-28 09:34:20.000000000,99984,364,99975,464,99995,100,99974,47,100006,100,99964,100,100009,200,99956,100,100020,100,99944,100,100028,200,99943,100,100046,100,99930,200,100051,100,99927,100,100064,100,99919,100,100072,100,99917,100
2019-06-28 09:34:24.152639533,99984,364,99975,364,99995,100,99974,47,100006,100,99964,100,100009,200,99956,100,100020,100,99944,100,100028,100,99943,100,100046,100,99930,200,100051,100,99927,100,100064,100,99919,100,100072,100,99917,100
2019-06-28 09:34:30.000000000,99984,190,99975,190,99995,187,99974,134,100006,187,99964,187,100009,200,99956,100,100020,100,99944,100,100028,100,99943,100,100046,100,99930,200,100051,100,99927,100,100064,100,99919,100,100072,100,99917,100
2019-06-28 09:34:32.265260368,99984,190,99975,190,99995,187,99974,134,100006,87,99964,187,100009,200,99956,100,100020,100,99944,100,100028,100,99943,100,100046,100,99930,200,100051,100,99927,100,100064,100,99919,100,100072,100,99917,100
2019-06-28 09:34:34.233521767,99984,190,99975,190,99995,187,99974,134,100006,87,99964,187,100009,200,99956,100,100028,100,99944,100,100046,100,99943,100,100051,100,99930,200,100064,100,99927,100,100072,100,99919,100,100086,100,99917,100
2019-06-28 09:34:40.000000000,99984,232,99975,232,99995,232,99974,179,100009,200,99964,100,100028,100,99956,100,100046,100,99944,100,100051,100,99943,100,100064,100,99930,200,100072,100,99927,100,100086,100,99919,100,100088,100,99917,100
2019-06-28 09:34:50.000000000,99984,190,99975,190,99995,187,99974,134,100009,287,99964,187,100028,100,99956,100,100046,100,99944,100,100051,100,99943,100,100064,100,99930,200,100072,100,99927,100,100086,100,99919,100,100088,100,99917,100
2019-06-28 09:35:00.000000000,99984,190,99975,190,99995,187,99974,134,100009,287,99964,187,100028,100,99956,100,100046,100,99944,100,100051,100,99943,100,100064,100,99930,200,100072,100,99927,100,100086,100,99919,100,100088,100,99917,100
2019-06-28 09:35:10.000000000,99984,190,99975,190,99995,187,99974,134,100009,287,99964,187,100028,100,99956,100,100046,100,99944,100,100051,100,99943,100,100064,100,99930,200,100072,100,99927,100,100086,100,99919,100,100088,100,99917,100
2019-06-28 09:35:20.000000000,99984,364,99975,364,99995,100,99974,47,100009,200,99964,100,100028,100,99956,100,100046,100,99944,100,100051,100,99943,100,100064,100,99930,200,100072,100,99927,100,100086,100,99919,100,100088,100,99917,100
2019-06-28 09:35:23.432061292,99984,364,99975,264,99995,100,99974,47,100009,200,99964,100,100028,100,99956,100,100046,100,99944,100,100051,100,99943,100,100064,100,99930,200,100072,100,99927,100,100086,100,99919,100,100088,100,99917,100
2019-06-28 09:35:30.000000000,99984,364,99974,311,99995,100,99964,100,100009,200,99956,100,100028,100,99944,100,100046,100,99943,100,100051,100,99930,200,100064,100,99927,100,100072,100,99919,100,100086,100,99917,100,100088,100,99890,100
2019-06-28 09:35:40.000000000,99984,190,99974,137,99995,187,99964,187,100009,287,99956,187,100028,100,99944,100,100046,100,99943,100,100051,100,99930,200,100064,100,99927,100,100072,100,99919,100,100086,100,99917,100,100088,100,99890,100
2019-06-28 09:35:48.978947732,99984,190,99974,137,99995,187,99964,187,100009,287,99956,187,100028,100,99944,100,100046,100,99943,100,100051,100,99930,200,100064,100,99927,100,100072,100,99919,100,100086,100,99917,100,100088,100,99890,100
2019-06-28 09:35:50.000000000,99984,153,99974,100,99995,153,99964,153,100009,253,99956,153,100028,153,99944,153,100046,153,99943,153,100051,100,99930,200,100064,100,99927,100,100072,100,99919,100,100086,100,99917,100,100088,100,99890,100
2019-06-28 09:35:51.211685036,99975,100,99974,100,99984,153,99964,153,99995,153,99956,153,100009,253,99944,153,100028,153,99943,153,100046,153,99930,200,100051,100,99927,100,100064,100,99919,100,100072,100,99917,100,100086,100,99890,100
2019-06-28 09:35:52.302392618,99975,100,99974,100,99984,153,99964,153,99995,153,99956,153,100003,100,99944,153,100009,253,99943,153,100028,153,99930,200,100046,153,99927,100,100051,100,99919,100,100064,100,99917,100,100072,100,99890,100
2019-06-28 09:36:00.000000000,99975,232,99974,179,99984,232,99964,232,99995,100,99956,100,100003,100,99944,100,100009,200,99943,100,100028,100,99930,200,100046,100,99927,100,100051,100,99919,100,100064,100,99917,100,100072,100,99890,100
2019-06-28 09:36:07.901626825,99975,332,99974,179,99984,232,99964,232,99995,100,99956,100,100003,100,99944,100,100009,200,99943,100,100028,100,99930,200,100046,100,99927,100,100051,100,99919,100,100064,100,99917,100,100072,100,99890,100
2019-06-28 09:36:10.000000000,99975,290,99974,137,99984,187,99964,187,99995,187,99956,187,100003,100,99944,100,100009,200,99943,100,100028,100,99930,200,100046,100,99927,100,100051,100,99919,100,100064,100,99917,100,100072,100,99890,100
2019-06-28 09:36:16.468316019,99975,290,99974,137,99984,187,99965,100,99995,187,99964,187,100003,100,99956,187,100009,200,99944,100,100028,100,99943,100,100046,100,99930,200,100051,100,99927,100,100064,100,99919,100,100086,100,99917,100
2019-06-28 09:36:20.000000000,99975,464,99974,311,99984,100,99965,100,99995,100,99964,100,100003,100,99956,100,100009,200,99944,100,100028,100,99943,100,100046,100,99930,200,100051,100,99927,100,100064,100,99919,100,100086,100,99917,100
2019-06-28 09:36:27.226362942,99975,464,99974,311,99984,100,99965,100,99995,100,99956,100,100003,100,99944,100,100009,200,99943,100,100028,100,99930,200,100046,100,99927,100,100051,100,99919,100,100054,100,99917,100,100064,100,99890,100
2019-06-28 09:36:30.000000000,99975,332,99974,179,99984,232,99965,232,99995,100,99956,100,100003,100,99944,100,100009,200,99943,100,100028,100,99930,200,100046,100,99927,100,100051,100,99919,100,100054,100,99917,100,100064,100,99890,100
2019-06-28 09:36:40.000000000,99975,253,99974,100,99984,153,99965,153,99995,153,99956,153,100003,153,99944,153,100009,253,99943,153,100028,100,99930,200,100046,100,99927,100,100051,100,99919,100,100054,100,99917,100,100064,100,99890,100
2019-06-28 09:36:50.000000000,99975,266,99974,113,99984,166,99965,166,99995,166,99956,166,100003,166,99944,166,100009,200,99943,100,100028,100,99930,200,100046,100,99927,100,100051,100,99919,100,100054,100,99917,100,100064,100,99890,100
2019-06-28 09:37:00.000000000,99975,332,99974,179,99984,232,99965,232,99995,100,99956,100,100003,100,99944,100,100009,200,99943,100,100028,100,99930,200,100046,100,99927,100,100051,100,99919,100,100054,100,99917,100,100064,100,99890,100
2019-06-28 09:37:08.450715215,99975,332,99974,179,99984,232,99965,232,99995,100,99944,100,100003,100,99943,100,100009,200,99930,200,100028,100,99927,100,100046,100,99919,100,100051,100,99917,100,100054,100,99890,100,100064,100,99880,100
2019-06-28 09:37:10.000000000,99975,266,99974,113,99984,166,99965,166,99995,166,99944,166,100003,166,99943,166,100009,200,99930,200,100028,100,99927,100,100046,100,99919,100,100051,100,99917,100,100054,100,99890,100,100064,100,99880,100
2019-06-28 09:37:11.426989409,99975,266,99974,66,99984,166,99965,166,99995,166,99944,166,100003,166,99943,166,100009,200,99930,200,100028,100,99927,100,100046,100,99919,100,100051,100,99917,100,100054,100,99890,100,100064,100,99880,100
2019-06-28 09:37:11.813737481,99975,166,99974,66,99984,166,99965,166,99995,166,99944,166,100003,166,99943,166,100009,200,99930,200,100028,100,99927,100,100046,100,99919,100,100051,100,99917,100,100054,100,99890,100,100064,100,99880,100
2019-06-28 09:37:18.545758558,99975,166,99974,66,99984,166,99965,166,99995,166,99944,166,100003,166,99943,166,100009,200,99930,200,100028,100,99927,100,100046,200,99919,100,100051,100,99917,100,100054,100,99890,100,100064,100,99880,100
2019-06-28 09:37:20.000000000,99975,232,99965,232,99984,232,99944,232,99995,100,99943,100,100003,100,99930,200,100009,200,99927,100,100028,100,99919,100,100046,200,99917,100,100051,100,99890,100,100054,100,99880,100,100064,100,99867,100
2019-06-28 09:37:26.391470978,99975,232,99965,232,99984,232,99944,232,99995,100,99943,100,100003,100,99930,200,100009,200,99927,100,100028,100,99919,100,100046,200,99917,100,100051,100,99890,100,100054,100,99880,100,100064,100,99867,100
2019-06-28 09:37:27.980365629,99975,232,99965,132,99984,232,99944,232,99995,100,99943,100,100003,100,99936,100,100009,200,99930,200,100028,100,99927,100,100046,200,99919,100,100051,100,99917,100,100054,100,99890,100,100064,100,99880,100
2019-06-28 09:37:30.000000000,99975,166,99944,166,99984,166,99943,166,99995,166,99936,166,100003,166,99930,266,100009,200,99927,100,100028,100,99919,100,100046,200,99917,100,100051,100,99890,100,100054,100,99880,100,100064,100,99867,100
2019-06-28 09:37:40.000000000,99975,166,99944,166,99984,166,99943,166,99995,166,99936,166,100003,166,99930,266,100009,200,99927,100,100028,100,99919,100,100046,200,99917,100,100051,100,99890,100,100054,100,99880,100,100064,100,99867,100
2019-06-28 09:37:40.822739482,99975,166,99944,166,99984,166,99943,166,99995,166,99936,166,100003,166,99930,266,100009,200,99928,100,100028,100,99927,100,100046,200,99919,100,100051,100,99917,100,100054,100,99890,100,100064,100,99880,100
2019-06-28 09:37:41.088219322,99975,166,99944,166,99984,166,99943,166,99995,166,99936,166,100003,166,99930,366,100009,200,99928,100,100028,100,99927,100,100046,100,99919,100,100051,100,99917,100,100054,100,99890,100,100064,100,99880,100
2019-06-28 09:37:43.022546475,99975,166,99944,166,99984,166,99943,166,99995,166,99936,166,100003,166,99930,366,100009,200,99928,100,100028,100,99927,100,100046,100,99919,100,100051,100,99917,100,100054,100,99890,100,100064,100,99880,100
2019-06-28 09:37:50.000000000,99975,190,99944,190,99984,187,99943,187,99995,187,99936,187,100003,100,99930,300,100009,200,99928,100,100028,100,99927,100,100046,100,99919,100,100051,100,99917,100,100054,100,99890,100,100064,100,99880,100
2019-06-28 09:38:00.000000000,99975,153,99944,153,99984,153,99943,153,99995,153,99936,153,100003,153,99930,353,100009,253,99928,153,100028,100,99927,100,100046,100,99919,100,100051,100,99917,100,100054,100,99890,100,100064,100,99880,100
2019-06-28 09:38:10.000000000,99975,166,99944,166,99984,166,99943,166,99995,166,99936,166,100003,166,99930,366,100009,200,99928,100,100028,100,99927,100,100046,100,99919,100,100051,100,99917,100,100054,100,99890,100,100064,100,99880,100
2019-06-28 09:38:20.000000000,99975,364,99944,364,99984,100,99943,100,99995,100,99936,100,100003,100,99930,300,100009,200,99928,100,100028,100,99927,100,100046,100,99919,100,100051,100,99917,100,100054,100,99890,100,100064,100,99880,100
2019-06-28 09:38:30.000000000,99975,166,99944,166,99984,166,99943,166,99995,166,99936,166,100003,166,99930,366,100009,200,99928,100,100028,100,99927,100,100046,100,99919,100,100051,100,99917,100,100054,100,99890,100,100064,100,99880,100
2019-06-28 09:38:40.000000000,99975,153,99944,153,99984,153,99943,153,99995,153,99936,153,100003,153,99930,353,100009,253,99928,153,100028,100,99927,100,100046,100,99919,100,100051,100,99917,100,100054,100,99890,100,100064,100,99880,100
2019-06-28 09:38:48.731657345,99975,53,99944,153,99984,153,99943,153,99995,153,99936,153,100003,153,99930,353,100009,253,99928,153,100028,100,99927,100,100046,100,99919,100,100051,100,99917,100,100054,100,99890,100,100064,100,99880,100
2019-06-28 09:38:50.000000000,99984,153,99944,153,99995,153,99943,153,100003,153,99936,153,100009,253,99930,353,100028,153,99928,153,100046,100,99927,100,100051,100,99919,100,100054,100,99917,100,100064,100,99890,100,100086,100,99880,100
2019-06-28 09:38:56.653664315,99984,53,99944,153,99995,153,99943,153,100003,153,99936,153,100009,253,99930,353,100028,153,99928,153,100046,100,99927,100,100051,100,99919,100,100054,100,99917,100,100064,100,99890,100,100086,100,99880,100
2019-06-28 09:39:00.000000000,99995,232,99944,232,100003,232,99943,232,100009,200,99936,100,100028,100,99930,300,100046,100,99928,100,100051,100,99927,100,100054,100,99919,100,100064,100,99917,100,100086,100,99890,100,100088,100,99880,100
2019-06-28 09:39:10.000000000,99995,364,99944,364,100003,100,99943,100,100009,200,99936,100,100028,100,99930,300,100046,100,99928,100,100051,100,99927,100,100054,100,99919,100,100064,100,99917,100,100086,100,99890,100,100088,100,99880,100
2019-06-28 09:39:20.000000000,99995,232,99944,232,100003,232,99943,232,100009,200,99936,100,100028,100,99930,300,100046,100,99928,100,100051,100,99927,100,100054,100,99919,100,100064,100,99917,100,100086,100,99890,100,100088,100,99880,100
2019-06-28 09:39:30.000000000,99995,232,99944,232,100003,232,99943,232,100009,200,99936,100,100028,100,99930,300,100046,100,99928,100,100051,100,99927,100,100054,100,99919,100,100064,100,99917,100,100086,100,99890,100,100088,100,99880,100
2019-06-28 09:39:37.860266899,99995,232,99944,232,100003,232,99943,232,100009,200,99936,100,100028,100,99930,300,100046,100,99928,100,100051,100,99927,100,100054,100,99919,100,100064,100,99917,100,100086,100,99890,100,100088,100,99880,100
2019-06-28 09:39:40.000000000,99995,166,99944,166,100003,166,99943,166,100009,266,99936,166,100028,166,99930,366,100046,100,99928,100,100051,100,99927,100,100054,100,99919,100,100064,100,99917,100,100086,100,99890,100,100088,100,99880,100
2019-06-28 09:39:49.203659074,99995,166,99944,166,100003,166,99943,166,100009,266,99936,166,100028,166,99930,366,100046,100,99928,100,100051,100,99927,100,100054,100,99919,100,100064,100,99917,100,100086,100,99890,100,100088,100,99880,100
2019-06-28 09:39:50.000000000,99995,232,99944,232,100003,232,99943,232,100009,200,99936,100,100028,100,99930,300,100046,100,99928,100,100051,100,99927,100,100054,100,99919,100,100064,100,99917,100,100086,100,99890,100,100088,100,99880,100
2019-06-28 09:40:00.000000000,99995,166,99944,166,100003,166,99943,166,100009,266,99936,166,100028,166,99930,366,100046,100,99928,100,100051,100,99927,100,100054,100,99919,100,100064,100,99917,100,100086,100,99890,100,100088,100,99880,100
2019-06-28 09:40:10.000000000,99995,232,99944,232,100003,232,99943,232,100009,200,99936,100,100028,100,99930,300,100046,100,99928,100,100051,100,99927,100,100054,100,99919,100,100064,100,99917,100,100086,100,99890,100,100088,100,99880,100
2019-06-28 09:40:20.000000000,99995,232,99944,232,100003,232,99943,232,100009,200,99936,100,100028,100,99930,300,100046,100,99928,100,100051,100,99927,100,100054,100,99919,100,100064,100,99917,100,100086,100,99890,100,100088,100,99880,100
2019-06-28 09:40:24.014203105,99995,232,99944,232,100003,232,99943,232,100009,200,99936,100,100028,100,99930,200,100046,100,99928,100,100051,100,99927,100,100054,100,99919,100,100064,100,99917,100,100086,100,99890,100,100088,100,99880,100
2019-06-28 09:40:30.000000000,99995,166,99944,166,100003,166,99943,166,100009,266,99936,166,100028,166,99930,266,100046,100,99928,100,100051,100,99927,100,100054,100,99919,100,100064,100,99917,100,100086,100,99890,100,100088,100,99880,100
2019-06-28 09:40:40.000000000,99995,364,99944,364,100003,100,99943,100,100009,200,99936,100,100028,100,99930,200,100046,100,99928,100,100051,100,99927,100,100054,100,99919,100,100064,100,99917,100,100086,100,99890,100,100088,100,99880,100
2019-06-28 09:40:50.000000000,99995,190,99944,190,100003,187,99943,187,100009,287,99936,187,100028,100,99930,200,100046,100,99928,100,100051,100,99927,100,100054,100,99919,100,100064,100,99917,100,100086,100,99890,100,100088,100,99880,100
2019-06-28 09:41:00.000000000,99995,190,99944,190,100003,187,99943,187,100009,287,99936,187,100028,100,99930,200,100046,100,99928,100,100051,100,99927,100,100054,100,99919,100,100064,100,99917,100,100086,100,99890,100,100088,100,99880,100
2019-06-28 09:41:01.663493185,99995,190,99944,190,100003,187,99943,187,100009,287,99936,187,100028,100,99930,200,100046,100,99928,100,100051,100,99927,100,100054,100,99920,100,100064,100,99919,100,100086,100,99917,100,100088,100,99890,100
2019-06-28 09:41:10.000000000,99995,166,99944,166,100003,166,99943,166,100009,266,99936,166,100028,166,99930,266,100046,100,99928,100,100051,100,99927,100,100054,100,99920,100,100064,100,99919,100,100086,100,99917,100,100088,100,99890,100
2019-06-28 09:41:20.000000000,99995,190,99944,190,100003,187,99943,187,100009,287,99936,187,100028,100,99930,200,100046,100,99928,100,100051,100,99927,100,100054,100,99920,100,100064,100,99919,100,100086,100,99917,100,100088,100,99890,100
2019-06-28 09:41:30.000000000,99995,190,99944,190,100003,187,99943,187,100009,287,99936,187,100028,100,99930,200,100046,100,99928,100,100051,100,99927,100,100054,100,99920,100,100064,100,99919,100,100086,100,99917,100,100088,100,99890,100
2019-06-28 09:41:40.000000000,99995,190,99944,190,100003,187,99943,187,100009,287,99936,187,100028,100,99930,200,100046,100,99928,100,100051,100,99927,100,100054,100,99920,100,100064,100,99919,100,100086,100,99917,100,100088,100,99890,100
2019-06-28 09:41:43.701112843,99974,100,99944,190,99995,190,99943,187,100003,187,99936,187,100009,287,99930,200,100028,100,99928,100,100046,100,99927,100,100051,100,99920,100,100054,100,99919,100,100064,100,99917,100,100086,100,99890,100
2019-06-28 09:41:46.966640105,99974,100,99944,90,99995,190,99943,187,100003,187,99936,187,100009,287,99930,200,100046,100,99928,100,100051,100,99927,100,100054,100,99920,100,100064,100,99919,100,100086,100,99917,100,100088,100,99890,100
2019-06-28 09:41:50.000000000,99974,153,99943,153,99995,153,99936,153,100003,153,99930,253,100009,253,99928,153,100046,153,99927,153,100051,100,99920,100,100054,100,99919,100,100064,100,99917,100,100086,100,99890,100,100088,100,99880,100
2019-06-28 09:41:50.944783380,99974,153,99943,53,99995,153,99936,153,100003,153,99930,253,100009,253,99928,153,100046,153,99927,153,100051,100,99920,100,100064,100,99919,100,100086,100,99917,100,100088,100,99890,100,100115,100,99880,100
2019-06-28 09:42:00.000000000,99974,166,99936,166,99995,166,99930,266,100003,166,99928,166,100009,266,99927,166,100046,100,99920,100,100051,100,99919,100,100064,100,99917,100,100086,100,99890,100,100088,100,99880,100,100115,100,99867,100
2019-06-28 09:42:08.333659275,99944,100,99936,166,99974,166,99930,266,99995,166,99928,166,100003,166,99927,166,100009,266,99920,100,100046,100,99919,100,100051,100,99917,100,100064,100,99890,100,100086,100,99880,100,100088,100,99867,100
2019-06-28 09:42:10.000000000,99944,364,99936,364,99974,100,99930,200,99995,100,99928,100,100003,100,99927,100,100009,200,99920,100,100046,100,99919,100,100051,100,99917,100,100064,100,99890,100,100086,100,99880,100,100088,100,99867,100
2019-06-28 09:42:20.000000000,99944,232,99936,232,99974,232,99930,332,99995,100,99928,100,100003,100,99927,100,100009,200,99920,100,100046,100,99919,100,100051,100,99917,100,100064,100,99890,100,100086,100,99880,100,100088,100,99867,100
2019-06-28 09:42:29.825199955,99944,232,99936,232,99974,232,99930,332,99995,100,99928,100,100003,100,99927,100,100009,200,99920,100,100046,100,99919,100,100051,100,99917,100,100064,100,99890,100,100086,100,99880,100,100088,100,99867,100
2019-06-28 09:42:30.000000000,99944,166,99936,166,99974,166,99930,266,99995,166,99928,166,100003,166,99927,166,100009,200,99920,100,100046,100,99919,100,100051,100,99917,100,100064,100,99890,100,100086,100,99880,100,100088,100,99867,100
2019-06-28 09:42:40.000000000,99944,364,99936,364,99974,100,99930,200,99995,100,99928,100,100003,100,99927,100,100009,200,99920,100,100046,100,99919,100,100051,100,99917,100,100064,100,99890,100,100086,100,99880,100,100088,100,99867,100
2019-06-28 09:42:50.000000000,99944,153,99936,153,99974,153,99930,253,99995,153,99928,153,100003,153,99927,153,100009,253,99920,153,100046,100,99919,100,100051,100,99917,100,100064,100,99890,100,100086,100,99880,100,100088,100,99867,100
2019-06-28 09:43:00.000000000,99944,364,99936,364,99974,100,99930,200,99995,100,99928,100,100003,100,99927,100,100009,200,99920,100,100046,100,99919,100,100051,100,99917,100,100064,100,99890,100,100086,100,99880,100,100088,100,99867,100
2019-06-28 09:43:05.701178071,99944,364,99936,364,99974,100,99930,200,99995,100,99928,100,100003,100,99927,100,100009,200,99920,100,100046,100,99919,100,100051,100,99917,100,100064,100,99890,100,100086,100,99880,100,100088,100,99867,100
2019-06-28 09:43:10.000000000,99944,232,99936,232,99974,232,99930,332,99995,100,99928,100,100003,100,99927,100,100009,200,99920,100,100046,100,99919,100,100051,100,99917,100,100064,100,99890,100,100086,100,99880,100,100088,100,99867,100
2019-06-28 09:43:20.000000000,99944,190,99936,190,99974,187,99930,287,99995,187,99928,187,100003,100,99927,100,100009,200,99920,100,100046,100,99919,100,100051,100,99917,100,100064,100,99890,100,100086,100,99880,100,100088,100,99867,100
2019-06-28 09:43:29.060841907,99944,190,99936,190,99974,187,99930,287,99995,187,99928,187,100003,100,99927,100,100009,200,99920,100,100051,100,99919,100,100064,100,99917,100,100086,100,99890,100,100088,100,99880,100,100115,100,99867,100
2019-06-28 09:43:30.000000000,99944,190,99936,190,99974,187,99930,287,99995,187,99928,187,100003,100,99927,100,100009,200,99920,100,100051,100,99919,100,100064,100,99917,100,100086,100,99890,100,100088,100,99880,100,100115,100,99867,100
2019-06-28 09:43:31.582710159,99944,190,99936,90,99974,187,99930,287,99995,187,99928,187,100003,100,99927,100,100009,200,99920,100,100051,100,99919,100,100064,100,99917,100,100086,100,99890,100,100088,100,99880,100,100115,100,99867,100
2019-06-28 09:43:34.965595824,99943,100,99936,90,99944,190,99930,287,99974,187,99928,187,99995,187,99927,100,100003,100,99920,100,100009,200,99919,100,100051,100,99917,100,100064,100,99890,100,100086,100,99880,100,100088,100,99867,100
2019-06-28 09:43:40.000000000,99943,166,99930,266,99944,166,99928,166,99974,166,99927,166,99995,166,99920,166,100003,100,99919,100,100009,200,99917,100,100051,100,99890,100,100064,100,99880,100,100086,100,99867,100,100088,100,99861,100
2019-06-28 09:43:50.000000000,99943,232,99930,332,99944,232,99928,232,99974,100,99927,100,99995,100,99920,100,100003,100,99919,100,100009,200,99917,100,100051,100,99890,100,100064,100,99880,100,100086,100,99867,100,100088,100,99861,100
2019-06-28 09:43:55.356650254,99943,232,99930,332,99944,232,99928,232,99974,100,99927,100,99995,100,99920,100,100003,100,99919,100,100009,200,99917,100,100051,100,99890,100,100064,100,99880,100,100086,100,99867,100,100088,100,99861,100
2019-06-28 09:43:57.713381550,99943,232,99930,232,99944,232,99928,232,99974,100,99927,100,99995,100,99920,100,100003,100,99919,100,100009,200,99917,100,100051,100,99890,100,100064,100,99880,100,100086,100,99867,100,100088,100,99861,100
2019-06-28 09:43:58.398794264,99943,232,99930,232,99944,232,99928,232,99974,100,99927,100,99995,100,99920,100,100003,100,99919,100,100009,200,99917,100,100051,100,99890,100,100064,100,99880,100,100086,100,99867,100,100088,100,99861,100
2019-06-28 09:44:00.000000000,99943,190,99930,190,99944,187,99928,187,99974,187,99927,187,99995,100,99920,100,100003,100,99919,100,100009,200,99917,100,100051,100,99890,100,100064,100,99880,100,100086,100,99867,100,100088,100,99861,100
2019-06-28 09:44:10.000000000,99943,364,99930,364,99944,100,99928,100,99974,100,99927,100,99995,100,99920,100,100003,100,99919,100,100009,200,99917,100,100051,100,99890,100,100064,100,99880,100,100086,100,99867,100,100088,100,99861,100
2019-06-28 09:44:20.000000000,99943,153,99930,153,99944,153,99928,153,99974,153,99927,153,99995,153,99920,153,100003,153,99919,153,100009,200,99917,100,100051,100,99890,100,100064,100,99880,100,100086,100,99867,100,100088,100,99861,100
2019-06-28 09:44:30.000000000,99943,153,99930,153,99944,153,99928,153,99974,153,99927,153,99995,153,99920,153,100003,153,99919,153,100009,200,99917,100,100051,100,99890,100,100064,100,99880,100,100086,100,99867,100,100088,100,99861,100
2019-06-28 09:44:40.000000000,99943,364,99930,364,99944,100,99928,100,99974,100,99927,100,99995,100,99920,100,100003,100,99919,100,100009,200,99917,100,100051,100,99890,100,100064,100,99880,100,100086,100,99867,100,100088,100,99861,100
2019-06-28 09:44:40.219246087,99943,364,99930,264,99944,100,99928,100,99974,100,99927,100,99995,100,99920,100,100003,100,99919,100,100009,200,99917,100,100051,100,99890,100,100064,100,99880,100,100086,100,99867,100,100088,100,99861,100
2019-06-28 09:44:45.639907783,99943,364,99930,164,99944,100,99928,100,99974,100,99927,100,99995,100,99920,100,100003,100,99919,100,100009,200,99917,100,100051,100,99890,100,100064,100,99880,100,100086,100,99867,100,100088,100,99861,100
2019-06-28 09:44:50.000000000,99943,232,99928,232,99944,232,99927,232,99974,100,99920,100,99995,100,99919,100,100003,100,99917,100,100009,200,99890,100,100051,100,99880,100,100064,100,99867,100,100086,100,99861,100,100088,100,99859,100
2019-06-28 09:45:00.000000000,99943,166,99928,166,99944,166,99927,166,99974,166,99920,166,99995,166,99919,166,100003,100,99917,100,100009,200,99890,100,100051,100,99880,100,100064,100,99867,100,100086,100,99861,100,100088,100,99859,100
2019-06-28 09:45:10.000000000,99943,232,99928,232,99944,232,99927,232,99974,100,99920,100,99995,100,99919,100,100003,100,99917,100,100009,200,99890,100,100051,100,99880,100,100064,100,99867,100,100086,100,99861,100,100088,100,99859,100
2019-06-28 09:45:20.000000000,99943,364,99928,364,99944,100,99927,100,99974,100,99920,100,99995,100,99919,100,100003,100,99917,100,100009,200,99890,100,100051,100,99880,100,100064,100,99867,100,100086,100,99861,100,100088,100,99859,100
2019-06-28 09:45:28.605794166,99943,364,99928,264,99944,100,99927,100,99974,100,99920,100,99995,100,99919,100,100003,100,99917,100,100009,200,99890,100,100051,100,99880,100,100064,100,99867,100,100086,100,99861,100,100088,100,99859,100
2019-06-28 09:45:30.000000000,99943,232,99927,232,99944,232,99920,232,99974,100,99919,100,99995,100,99917,100,100003,100,99890,100,100009,200,99880,100,100051,100,99867,100,100064,100,99861,100,100086,100,99859,100,100088,100,99849,100
2019-06-28 09:45:34.317595080,99943,232,99927,232,99944,232,99920,232,99974,100,99919,100,99995,100,99917,100,100003,100,99890,100,100009,200,99880,100,100051,100,99867,100,100064,100,99861,100,100086,100,99859,100,100088,100,99849,100
2019-06-28 09:45:40.000000000,99943,190,99927,190,99944,187,99920,187,99974,187,99919,187,99995,100,99917,100,100003,100,99890,100,100009,200,99880,100,100051,100,99867,100,100064,100,99861,100,100086,100,99859,100,100088,100,99849,100
2019-06-28 09:45:40.789112660,99930,100,99927,190,99943,190,99920,187,99944,187,99919,187,99974,187,99917,100,99995,100,99890,100,100003,100,99880,100,100009,200,99867,100,100051,100,99861,100,100064,100,99859,100,100086,100,99849,100
2019-06-28 09:45:50.000000000,99930,166,99927,166,99943,166,99920,166,99944,166,99919,166,99974,166,99917,166,99995,100,99890,100,100003,100,99880,100,100009,200,99867,100,100051,100,99861,100,100064,100,99859,100,100086,100,99849,100
2019-06-28 09:45:59.104315066,99930,166,99927,166,99943,166,99920,166,99944,166,99919,166,99974,166,99917,166,99995,100,99890,100,100003,100,99880,100,100009,200,99867,100,100051,100,99861,100,100064,100,99859,100,100086,100,99849,100
2019-06-28 09:46:00.000000000,99930,153,99927,153,99943,153,99920,153,99944,153,99919,153,99974,153,99917,153,99995,153,99890,153,100003,100,99880,100,100009,200,99867,100,100051,100,99861,100,100064,100,99859,100,100086,100,99849,100
2019-06-28 09:46:00.124481840,99930,53,99927,53,99943,153,99920,153,99944,153,99919,153,99974,153,99917,153,99995,153,99890,153,100003,100,99880,100,100009,200,99867,100,100051,100,99861,100,100064,100,99859,100,100086,100,99849,100
2019-06-28 09:46:10.000000000,99943,190,99920,190,99944,187,99919,187,99974,187,99917,187,99995,100,99890,100,100003,100,99880,100,100009,200,99867,100,100051,100,99861,100,100064,100,99859,100,100086,100,99849,100,100088,100,99846,100
2019-06-28 09:46:11.188365893,99943,190,99920,90,99944,187,99919,187,99974,187,99917,187,99995,100,99890,100,100003,100,99880,100,100009,200,99867,100,100051,100,99861,100,100064,100,99859,100,100086,100,99849,100,100088,100,99846,100
2019-06-28 09:46:20.000000000,99943,232,99919,232,99944,232,99917,232,99974,100,99890,100,99995,100,99880,100,100003,100,99867,100,100009,200,99861,100,100051,100,99859,100,100064,100,99849,100,100086,100,99846,100,100088,100,99821,100
2019-06-28 09:46:22.597521452,99943,232,99919,232,99944,232,99917,132,99974,100,99890,100,99995,100,99880,100,100003,100,99867,100,100009,200,99861,100,100051,100,99859,100,100064,100,99849,100,100086,100,99846,100,100088,100,99821,100
2019-06-28 09:46:30.000000000,99943,153,99919,153,99944,153,99890,153,99974,153,99880,153,99995,153,99867,153,100003,153,99861,153,100009,200,99859,100,100051,100,99849,100,100064,100,99846,100,100086,100,99821,100,100088,100,99810,100
2019-06-28 09:46:40.000000000,99943,232,99919,232,99944,232,99890,232,99974,100,99880,100,99995,100,99867,100,100003,100,99861,100,100009,200,99859,100,100051,100,99849,100,100064,100,99846,100,100086,100,99821,100,100088,100,99810,100
2019-06-28 09:46:50.000000000,99943,190,99919,190,99944,187,99890,187,99974,187,99880,187,99995,100,99867,100,100003,100,99861,100,100009,200,99859,100,100051,100,99849,100,100064,100,99846,100,100086,100,99821,100,100088,100,99810,100
2019-06-28 09:46:59.563825007,99929,100,99919,190,99943,190,99890,187,99944,187,99880,187,99974,187,99867,100,99995,100,99861,100,100003,100,99859,100,100009,200,99849,100,100051,100,99846,100,100064,100,99821,100,100086,100,99810,100
2019-06-28 09:47:00.000000000,99929,232,99919,232,99943,232,99890,232,99944,100,99880,100,99974,100,99867,100,99995,100,99861,100,100003,100,99859,100,100009,200,99849,100,100051,100,99846,100,100064,100,99821,100,100086,100,99810,100
2019-06-28 09:47:04.385138685,99929,232,99919,132,99943,232,99890,232,99944,100,99880,100,99974,100,99867,100,99995,100,99861,100,100003,100,99859,100,100009,200,99849,100,100051,100,99846,100,100064,100,99821,100,100086,100,99786,100
2019-06-28 09:47:07.756499804,99929,232,99919,132,99943,232,99890,232,99944,100,99880,100,99974,100,99867,100,99995,100,99861,100,100003,100,99859,100,100009,200,99849,100,100051,100,99846,100,100064,100,99821,100,100086,100,99786,100
2019-06-28 09:47:08.373243226,99920,100,99919,132,99929,232,99890,232,99943,232,99880,100,99944,100,99867,100,99974,100,99861,100,99995,100,99859,100,100003,100,99849,100,100009,200,99846,100,100051,100,99821,100,100064,100,99786,100
2019-06-28 09:47:10.000000000,99920,364,99890,364,99929,100,99880,100,99943,100,99867,100,99944,100,99861,100,99974,100,99859,100,99995,100,99849,100,100003,100,99846,100,100009,200,99821,100,100051,100,99786,100,100064,100,99714,100
2019-06-28 09:47:20.000000000,99920,232,99890,232,99929,232,99880,232,99943,100,99867,100,99944,100,99861,100,99974,100,99859,100,99995,100,99849,100,100003,100,99846,100,100009,200,99821,100,100051,100,99786,100,100064,100,99714,100
2019-06-28 09:47:24.845405118,99920,232,99890,132,99929,232,99880,232,99943,100,99867,100,99944,100,99861,100,99974,100,99859,100,99995,100,99849,100,100003,100,99846,100,100009,200,99821,100,100051,100,99786,100,100064,100,99714,100
2019-06-28 09:47:27.473002304,99919,100,99890,132,99920,232,99880,232,99929,232,99867,100,99943,100,99861,100,99944,100,99859,100,99974,100,99849,100,99995,100,99846,100,100003,100,99821,100,100009,200,99786,100,100051,100,99714,100
2019-06-28 09:47:30.000000000,99919,364,99880,364,99920,100,99867,100,99929,100,99861,100,99943,100,99859,100,99944,100,99849,100,99974,100,99846,100,99995,100,99821,100,100003,100,99786,100,100009,200,99714,100,100051,100,99677,100
2019-06-28 09:47:40.000000000,99919,190,99880,190,99920,187,99867,187,99929,187,99861,187,99943,100,99859,100,99944,100,99849,100,99974,100,99846,100,99995,100,99821,100,100003,100,99786,100,100009,200,99714,100,100051,100,99677,100
2019-06-28 09:47:45.985857698,99919,190,99880,90,99920,187,99867,187,99929,187,99861,187,99943,100,99859,100,99944,100,99849,100,99974,100,99846,100,99995,100,99821,100,100003,100,99786,100,100009,200,99714,100,100051,100,99677,100
2019-06-28 09:47:50.000000000,99919,166,99867,166,99920,166,99861,166,99929,166,99859,166,99943,166,99849,166,99944,100,99846,100,99974,100,99821,100,99995,100,99786,100,100003,100,99714,100,100009,200,99677,100,100051,100,99520,100
2019-06-28 09:47:53.420831938,99919,166,99867,66,99920,166,99861,166,99929,166,99859,166,99943,166,99849,166,99944,100,99846,100,99974,100,99821,100,99995,100,99786,100,100003,100,99714,100,100009,100,99677,100,100051,100,99520,100
2019-06-28 09:47:59.771564393,99880,100,99867,66,99919,166,99861,166,99920,166,99859,166,99929,166,99849,166,99943,166,99846,100,99944,100,99821,100,99974,100,99786,100,99995,100,99714,100,100003,100,99677,100,100009,100,99520,100
2019-06-28 09:48:00.000000000,99880,153,99861,153,99919,153,99859,153,99920,153,99849,153,99929,153,99846,153,99943,153,99821,153,99944,100,99786,100,99974,100,99714,100,99995,100,99677,100,100003,100,99520,100,100009,100,99510,100
2019-06-28 09:48:02.078750764,99880,153,99861,153,99919,153,99859,153,99920,153,99849,153,99929,153,99846,153,99943,153,99821,153,99944,100,99786,100,99974,100,99714,100,99995,100,99677,100,100003,100,99520,100,100009,100,99510,100
2019-06-28 09:48:10.000000000,99880,364,99861,364,99919,100,99859,100,99920,100,99849,100,99929,100,99846,100,99943,100,99821,100,99944,100,99786,100,99974,100,99714,100,99995,100,99677,100,100003,100,99520,100,100009,100,99510,100
2019-06-28 09:48:16.868913068,99880,364,99861,364,99919,100,99859,100,99920,100,99849,100,99929,100,99846,100,99943,100,99821,100,99944,100,99786,100,99974,100,99714,100,99995,100,99677,100,100003,100,99520,100,100009,100,99510,100
2019-06-28 09:48:20.000000000,99880,153,99861,153,99919,153,99859,153,99920,153,99849,153,99929,153,99846,153,99943,153,99821,153,99944,100,99786,100,99974,100,99714,100,99995,100,99677,100,100003,100,99520,100,100009,100,99510,100
2019-06-28 09:48:29.256418980,99880,153,99861,153,99919,153,99859,153,99920,153,99849,153,99929,153,99846,153,99943,153,99821,153,99944,100,99786,100,99974,100,99714,100,99995,100,99677,100,100003,100,99520,100,100009,100,99510,100
2019-06-28 09:48:30.000000000,99880,364,99861,364,99919,100,99859,100,99920,100,99849,100,99929,100,99846,100,99943,100,99821,100,99944,100,99786,100,99974,100,99714,100,99995,100,99677,100,100003,100,99520,100,100009,100,99510,100
2019-06-28 09:48:40.000000000,99880,190,99861,190,99919,187,99859,187,99920,187,99849,187,99929,100,99846,100,99943,100,99821,100,99944,100,99786,100,99974,100,99714,100,99995,100,99677,100,100003,100,99520,100,100009,100,99510,100
2019-06-28 09:48:40.620036294,99880,190,99861,90,99919,187,99859,187,99920,187,99849,187,99929,100,99846,100,99943,100,99821,100,99944,100,99786,100,99974,100,99714,100,99995,100,99677,100,100003,100,99520,100,100009,100,99510,100
2019-06-28 09:48:41.878180925,99861,10,99859,187,99880,190,99849,187,99919,187,99846,100,99920,187,99821,100,99929,100,99786,100,99943,100,99714,100,99944,100,99677,100,99974,100,99520,100,99995,100,99510,100,100003,100,99480,100
2019-06-28 09:48:42.173379450,99861,10,99859,87,99880,190,99849,187,99919,187,99846,100,99920,187,99821,100,99929,100,99786,100,99943,100,99714,100,99944,100,99677,100,99974,100,99520,100,99995,100,99510,100,100003,100,99480,100
2019-06-28 09:48:50.000000000,99861,100,99849,190,99880,187,99846,187,99919,187,99821,187,99920,100,99786,100,99929,100,99714,100,99943,100,99677,100,99944,100,99520,100,99974,100,99510,100,99995,100,99480,100,100003,100,99260,100
2019-06-28 09:48:50.558317493,99861,200,99849,190,99880,187,99846,187,99919,187,99821,187,99920,100,99786,100,99929,100,99714,100,99943,100,99677,100,99944,100,99520,100,99974,100,99510,100,99995,100,99480,100,100003,100,99260,100
2019-06-28 09:49:00.000000000,99861,242,99849,232,99880,232,99846,232,99919,100,99821,100,99920,100,99786,100,99929,100,99714,100,99943,100,99677,100,99944,100,99520,100,99974,100,99510,100,99995,100,99480,100,100003,100,99260,100
2019-06-28 09:49:06.531081540,99861,242,99849,232,99880,232,99846,232,99919,100,99821,100,99920,100,99786,100,99929,100,99714,100,99943,100,99677,100,99944,100,99520,100,99974,100,99510,100,99995,100,99480,100,100003,100,99260,100
2019-06-28 09:49:10.000000000,99861,200,99849,190,99880,187,99846,187,99919,187,99821,187,99920,100,99786,100,99929,100,99714,100,99943,100,99677,100,99944,100,99520,100,99974,100,99510,100,99995,100,99480,100,100003,100,99260,100
2019-06-28 09:49:20.000000000,99861,374,99849,364,99880,100,99846,100,99919,100,99821,100,99920,100,99786,100,99929,100,99714,100,99943,100,99677,100,99944,100,99520,100,99974,100,99510,100,99995,100,99480,100,100003,100,99260,100
2019-06-28 09:49:30.000000000,99861,242,99849,232,99880,232,99846,232,99919,100,99821,100,99920,100,99786,100,99929,100,99714,100,99943,100,99677,100,99944,100,99520,100,99974,100,99510,100,99995,100,99480,100,100003,100,99260,100
2019-06-28 09:49:40.000000000,99861,163,99849,153,99880,153,99846,153,99919,153,99821,153,99920,153,99786,153,99929,153,99714,153,99943,100,99677,100,99944,100,99520,100,99974,100,99510,100,99995,100,99480,100,100003,100,99260,100
2019-06-28 09:49:42.338808133,99861,163,99849,53,99880,153,99846,153,99919,153,99821,153,99920,153,99786,153,99929,153,99714,153,99943,100,99677,100,99944,100,99520,100,99974,100,99510,100,99995,100,99480,100,100003,100,99260,100
2019-06-28 09:49:44.307925534,99849,47,99846,153,99861,163,99821,153,99880,153,99786,153,99919,153,99714,153,99920,153,99677,100,99929,153,99520,100,99943,100,99510,100,99944,100,99480,100,99974,100,99260,100,99995,100,99176,100
2019-06-28 09:49:49.898690964,99849,147,99846,153,99861,163,99821,153,99880,153,99786,153,99919,153,99714,153,99920,153,99677,100,99929,153,99520,100,99943,100,99510,100,99944,100,99480,100,99974,100,99260,100,99995,100,99176,100
2019-06-28 09:49:50.000000000,99849,200,99846,153,99861,163,99821,153,99880,153,99786,153,99919,153,99714,153,99920,153,99677,153,99929,100,99520,100,99943,100,99510,100,99944,100,99480,100,99974,100,99260,100,99995,100,99176,100
2019-06-28 09:50:00.000000000,99849,213,99846,166,99861,176,99821,166,99880,166,99786,166,99919,166,99714,166,99920,100,99677,100,99929,100,99520,100,99943,100,99510,100,99944,100,99480,100,99974,100,99260,100,99995,100,99176,100
2019-06-28 09:50:07.650285175,99849,213,99846,66,99861,176,99821,166,99880,166,99786,166,99919,166,99714,66,99920,100,99677,100,99929,100,99520,100,99943,100,99510,100,99944,100,99480,100,99974,100,99260,100,99995,100,99176,100
2019-06-28 09:50:10.000000000,99849,200,99821,153,99861,163,99786,153,99880,153,99677,153,99919,153,99520,153,99920,153,99510,153,99929,100,99480,100,99943,100,99260,100,99944,100,99176,100,99974,100,99087,100,99995,100,99006,100
2019-06-28 09:50:20.000000000,99849,200,99821,153,99861,163,99786,153,99880,153,99677,153,99919,153,99520,153,99920,153,99510,153,99929,100,99480,100,99943,100,99260,100,99944,100,99176,100,99974,100,99087,100,99995,100,99006,100
2019-06-28 09:50:29.803319019,99849,200,99821,53,99861,163,99786,153,99880,153,99677,153,99919,153,99520,153,99920,153,99510,153,99929,100,99480,100,99943,100,99260,100,99944,100,99176,100,99974,100,99087,100,99995,100,99006,100
2019-06-28 09:50:30.000000000,99849,411,99786,364,99861,110,99677,100,99880,100,99520,100,99919,100,99510,100,99920,100,99480,100,99929,100,99260,100,99943,100,99176,100,99944,100,99087,100,99974,100,99006,100,99995,100,98967,100
2019-06-28 09:50:31.318987888,99849,411,99786,264,99861,110,99677,100,99880,100,99520,100,99919,100,99510,100,99920,100,99480,100,99929,100,99260,100,99943,100,99176,100,99944,100,99087,100,99974,100,99006,100,99995,100,98967,100
2019-06-28 09:50:40.000000000,99849,213,99677,166,99861,176,99520,166,99880,166,99510,166,99919,166,99480,166,99920,100,99260,100,99929,100,99176,100,99943,100,99087,100,99944,100,99006,100,99974,100,98967,100,99995,100,98950,100
2019-06-28 09:50:41.278781406,99849,213,99677,166,99861,176,99520,166,99880,166,99510,66,99919,166,99480,166,99920,100,99260,100,99929,100,99176,100,99943,100,99087,100,99944,100,99006,100,99974,100,98967,100,99995,100,98950,100
2019-06-28 09:50:50.000000000,99849,237,99677,190,99861,197,99520,187,99880,187,99480,187,99919,100,99260,100,99920,100,99176,100,99929,100,99087,100,99943,100,99006,100,99944,100,98967,100,99974,100,98950,100,99995,100,98372,100
2019-06-28 09:51:00.000000000,99849,279,99677,232,99861,242,99520,232,99880,100,99480,100,99919,100,99260,100,99920,100,99176,100,99929,100,99087,100,99943,100,99006,100,99944,100,98967,100,99974,100,98950,100,99995,100,98372,100
2019-06-28 09:51:07.749364353,99849,279,99677,132,99861,242,99520,232,99880,100,99480,100,99919,100,99260,100,99920,100,99176,100,99929,100,99087,100,99943,100,99006,100,99944,100,98950,100,99974,100,98372,100,99995,100,,
2019-06-28 09:51:10.000000000,99849,237,99520,190,99861,197,99480,187,99880,187,99260,187,99919,100,99176,100,99920,100,99087,100,99929,100,99006,100,99943,100,98950,100,99944,100,98372,100,99974,100,,,99995,100,,
2019-06-28 09:51:17.807919833,99849,237,99520,90,99861,197,99480,187,99880,187,99260,187,99919,100,99176,100,99920,100,99087,100,99929,100,99006,100,99943,100,98372,100,99944,100,,,99974,100,,,99995,100,,
2019-06-28 09:51:20.000000000,99849,237,99480,190,99861,197,99260,187,99880,187,99176,187,99919,100,99087,100,99920,100,99006,100,99929,100,98372,100,99943,100,,,99944,100,,,99974,100,,,99995,100,,
2019-06-28 09:51:30.000000000,99849,200,99480,153,99861,163,99260,153,99880,153,99176,153,99919,153,99087,153,99920,153,99006,153,99929,100,98372,100,99943,100,,,99944,100,,,99974,100,,,99995,100,,
2019-06-28 09:51:38.960955181,99480,47,99260,153,99849,200,99176,153,99861,163,99087,153,99880,153,99006,153,99919,153,98372,100,99920,153,,,99929,100,,,99943,100,,,99944,100,,,99974,100,,
2019-06-28 09:51:39.485388349,99480,47,99260,153,99520,100,99176,153,99849,200,99087,153,99861,163,99006,153,99880,153,98372,100,99919,153,,,99920,153,,,99929,100,,,99943,100,,,99944,100,,
2019-06-28 09:51:40.000000000,99480,137,99260,190,99520,187,99176,187,99849,234,99087,187,99861,110,99006,100,99880,100,98372,100,99919,100,,,99920,100,,,99929,100,,,99943,100,,,99944,100,,
2019-06-28 09:51:49.807154942,99480,137,99260,90,99520,187,99176,187,99849,234,99087,187,99861,110,99006,100,99880,100,98372,100,99919,100,,,99920,100,,,99929,100,,,99943,100,,,99944,100,,
2019-06-28 09:51:50.000000000,99480,113,99176,166,99520,166,99087,166,99849,213,99006,166,99861,176,98372,166,99880,100,,,99919,100,,,99920,100,,,99929,100,,,99943,100,,,99944,100,,
2019-06-28 09:52:00.000000000,99480,179,99176,232,99520,232,99087,232,99849,147,99006,100,99861,110,98372,100,99880,100,,,99919,100,,,99920,100,,,99929,100,,,99943,100,,,99944,100,,
2019-06-28 09:52:10.000000000,99480,100,99176,153,99520,153,99087,153,99849,200,99006,153,99861,163,98372,153,99880,153,98371,53,99919,100,,,99920,100,,,99929,100,,,99943,100,,,99944,100,,
2019-06-28 09:52:20.000000000,99480,137,99176,190,99520,187,99087,187,99849,234,99006,187,99861,110,98372,100,99880,100,,,99919,100,,,99920,100,,,99929,100,,,99943,100,,,99944,100,,
2019-06-28 09:52:22.879345567,99480,137,99176,190,99520,187,99087,187,99849,234,99006,187,99861,110,98653,100,99880,100,98372,100,99919,100,,,99920,100,,,99929,100,,,99943,100,,,99944,100,,
2019-06-28 09:52:30.000000000,99480,100,99176,153,99520,153,99087,153,99849,200,99006,153,99861,163,98653,153,99880,153,98372,153,99919,100,,,99920,100,,,99929,100,,,99943,100,,,99944,100,,
2019-06-28 09:52:40.000000000,99480,113,99176,166,99520,166,99087,166,99849,213,99006,166,99861,176,98653,166,99880,100,98372,100,99919,100,,,99920,100,,,99929,100,,,99943,100,,,99944,100,,
2019-06-28 09:52:41.748250103,99480,113,99176,66,99520,166,99087,166,99849,213,99006,166,99861,176,98653,166,99880,100,98372,100,99919,100,,,99920,100,,,99929,100,,,99943,100,,,99944,100,,
2019-06-28 09:52:50.000000000,99480,311,99087,364,99520,100,99006,100,99849,147,98653,100,99861,110,98372,100,99880,100,,,99919,100,,,99920,100,,,99929,100,,,99943,100,,,99944,100,,
2019-06-28 09:53:00.000000000,99480,179,99087,232,99520,232,99006,232,99849,147,98653,100,99861,110,98372,100,99880,100,,,99919,100,,,99920,100,,,99929,100,,,99943,100,,,99944,100,,
2019-06-28 09:53:04.504121663,99480,179,99087,132,99520,232,99006,232,99849,147,98653,100,99861,110,98372,100,99880,100,,,99919,100,,,99920,100,,,99929,100,,,99943,100,,,99944,100,,
2019-06-28 09:53:09.420839092,99480,179,99101,100,99520,232,99087,132,99849,147,99006,232,99861,110,98653,100,99880,100,98372,100,99919,100,,,99920,100,,,99929,100,,,99943,100,,,99944,100,,
2019-06-28 09:53:10.000000000,99480,179,99101,232,99520,232,99006,232,99849,147,98653,100,99861,110,98372,100,99880,100,,,99919,100,,,99920,100,,,99929,100,,,99943,100,,,99944,100,,
2019-06-28 09:53:20.000000000,99480,137,99101,190,99520,187,99006,187,99849,234,98653,187,99861,110,98372,100,99880,100,,,99919,100,,,99920,100,,,99929,100,,,99943,100,,,99944,100,,
2019-06-28 09:53:30.000000000,99480,100,99101,153,99520,153,99006,153,99849,200,98653,153,99861,163,98372,153,99880,153,98371,53,99919,100,,,99920,100,,,99929,100,,,99943,100,,,99944,100,,
2019-06-28 09:53:40.000000000,99480,100,99101,153,99520,153,99006,153,99849,200,98653,153,99861,163,98372,153,99880,153,98371,53,99919,100,,,99920,100,,,99929,100,,,99943,100,,,99944,100,,
2019-06-28 09:53:50.000000000,99480,311,99101,364,99520,100,99006,100,99849,147,98653,100,99861,110,98372,100,99880,100,,,99919,100,,,99920,100,,,99929,100,,,99943,100,,,99944,100,,
2019-06-28 09:53:50.411140524,99317,100,99101,364,99480,311,99006,100,99520,100,98653,100,99849,147,98372,100,99861,110,,,99880,100,,,99919,100,,,99920,100,,,99929,100,,,99943,100,,
2019-06-28 09:54:00.000000000,99317,232,99101,232,99480,179,99006,232,99520,100,98653,100,99849,147,98372,100,99861,110,,,99880,100,,,99919,100,,,99920,100,,,99929,100,,,99943,100,,
2019-06-28 09:54:09.691916668,99317,132,99101,232,99480,179,99006,232,99520,100,98653,100,99849,147,98372,100,99861,110,,,99880,100,,,99919,100,,,99920,100,,,99929,100,,,99943,100,,
2019-06-28 09:54:10.000000000,99480,137,99101,190,99520,187,99006,187,99849,234,98653,187,99861,110,98372,100,99880,100,,,99919,100,,,99920,100,,,99929,100,,,99943,100,,,99944,100,,
2019-06-28 09:54:16.699982083,99480,137,99102,100,99520,187,99101,190,99849,234,99006,187,99861,110,98653,187,99880,100,98372,100,99919,100,,,99920,100,,,99943,100,,,99944,100,,,99995,100,,
2019-06-28 09:54:20.000000000,99480,179,99102,232,99520,232,99101,232,99849,147,99006,100,99861,110,98653,100,99880,100,98372,100,99919,100,,,99920,100,,,99943,100,,,99944,100,,,99995,100,,
2019-06-28 09:54:30.000000000,99480,100,99102,153,99520,153,99101,153,99849,200,99006,153,99861,163,98653,153,99880,153,98372,153,99919,100,,,99920,100,,,99943,100,,,99944,100,,,99995,100,,
2019-06-28 09:54:40.000000000,99480,113,99102,166,99520,166,99101,166,99849,213,99006,166,99861,176,98653,166,99880,100,98372,100,99919,100,,,99920,100,,,99943,100,,,99944,100,,,99995,100,,
2019-06-28 09:54:48.753425951,99480,13,99102,166,99520,166,99101,166,99849,213,99006,166,99861,176,98653,166,99880,100,98372,100,99919,100,,,99920,100,,,99943,100,,,99944,100,,,99995,100,,
2019-06-28 09:54:50.000000000,99520,232,99102,232,99849,279,99101,232,99861,110,99006,100,99880,100,98653,100,99919,100,98372,100,99920,100,,,99943,100,,,99944,100,,,99995,100,,,100003,100,,
2019-06-28 09:54:52.014145864,99520,232,99102,232,99546,100,99101,232,99849,279,99006,100,99861,110,98653,100,99880,100,98372,100,99919,100,,,99920,100,,,99943,100,,,99944,100,,,99995,100,,
2019-06-28 09:55:00.000000000,99520,190,99102,190,99546,187,99101,187,99849,234,99006,187,99861,110,98653,100,99880,100,98372,100,99919,100,,,99920,100,,,99943,100,,,99944,100,,,99995,100,,
2019-06-28 09:55:10.000000000,99520,190,99102,190,99546,187,99101,187,99849,234,99006,187,99861,110,98653,100,99880,100,98372,100,99919,100,,,99920,100,,,99943,100,,,99944,100,,,99995,100,,
2019-06-28 09:55:20.000000000,99520,153,99102,153,99546,153,99101,153,99849,200,99006,153,99861,163,98653,153,99880,153,98372,153,99919,100,,,99920,100,,,99943,100,,,99944,100,,,99995,100,,
2019-06-28 09:55:30.000000000,99520,364,99102,364,99546,100,99101,100,99849,147,99006,100,99861,110,98653,100,99880,100,98372,100,99919,100,,,99920,100,,,99943,100,,,99944,100,,,99995,100,,
2019-06-28 09:55:40.000000000,99520,166,99102,166,99546,166,99101,166,99849,213,99006,166,99861,176,98653,166,99880,100,98372,100,99919,100,,,99920,100,,,99943,100,,,99944,100,,,99995,100,,
2019-06-28 09:55:50.000000000,99520,190,99102,190,99546,187,99101,187,99849,234,99006,187,99861,110,98653,100,99880,100,98372,100,99919,100,,,99920,100,,,99943,100,,,99944,100,,,99995,100,,
2019-06-28 09:55:50.221444015,99520,190,99317,100,99546,187,99102,190,99849,234,99101,187,99861,110,99006,187,99880,100,98653,100,99919,100,98372,100,99920,100,,,99944,100,,,99995,100,,,100003,100,,
2019-06-28 09:56:00.000000000,99520,232,99317,232,99546,232,99102,232,99849,147,99101,100,99861,110,99006,100,99880,100,98653,100,99919,100,98372,100,99920,100,,,99944,100,,,99995,100,,,100003,100,,
2019-06-28 09:56:10.000000000,99520,166,99317,166,99546,166,99102,166,99849,213,99101,166,99861,176,99006,166,99880,100,98653,100,99919,100,98372,100,99920,100,,,99944,100,,,99995,100,,,100003,100,,
2019-06-28 09:56:20.000000000,99520,153,99317,153,99546,153,99102,153,99849,200,99101,153,99861,163,99006,153,99880,153,98653,153,99919,100,98372,100,99920,100,,,99944,100,,,99995,100,,,100003,100,,
2019-06-28 09:56:30.000000000,99520,190,99317,190,99546,187,99102,187,99849,234,99101,187,99861,110,99006,100,99880,100,98653,100,99919,100,98372,100,99920,100,,,99944,100,,,99995,100,,,100003,100,,
2019-06-28 09:56:39.948293998,99520,190,99317,190,99546,187,99102,187,99849,234,99101,187,99861,110,99006,100,99880,100,98653,100,99919,100,98372,100,99920,100,,,99944,100,,,99995,100,,,100003,100,,
2019-06-28 09:56:40.000000000,99520,232,99317,232,99546,232,99102,232,99849,147,99101,100,99861,110,99006,100,99880,100,98653,100,99919,100,98372,100,99920,100,,,99944,100,,,99995,100,,,100003,100,,
2019-06-28 09:56:50.000000000,99520,190,99317,190,99546,187,99102,187,99849,234,99101,187,99861,110,99006,100,99880,100,98653,100,99919,100,98372,100,99920,100,,,99944,100,,,99995,100,,,100003,100,,
2019-06-28 09:57:00.000000000,99520,364,99317,364,99546,100,99102,100,99849,147,99101,100,99861,110,99006,100,99880,100,98653,100,99919,100,98372,100,99920,100,,,99944,100,,,99995,100,,,100003,100,,
2019-06-28 09:57:04.335980583,99520,264,99317,364,99546,100,99102,100,99849,147,99101,100,99861,110,99006,100,99880,100,98653,100,99919,100,98372,100,99920,100,,,99944,100,,,99995,100,,,100003,100,,
2019-06-28 09:57:10.000000000,99546,232,99317,232,99849,279,99102,232,99861,110,99101,100,99880,100,99006,100,99919,100,98653,100,99920,100,98372,100,99944,100,,,99995,100,,,100003,100,,,100009,100,,
2019-06-28 09:57:18.444816807,99546,132,99317,232,99849,279,99102,232,99861,110,99101,100,99880,100,99006,100,99919,100,98653,100,99920,100,98372,100,99944,100,,,99995,100,,,100003,100,,,100009,100,,
2019-06-28 09:57:20.000000000,99849,279,99317,232,99861,242,99102,232,99880,100,99101,100,99919,100,99006,100,99920,100,98653,100,99944,100,98372,100,99995,100,,,100003,100,,,100009,100,,,100051,100,,
2019-06-28 09:57:28.888060609,99849,179,99317,232,99861,242,99102,232,99880,100,99101,100,99919,100,99006,100,99920,100,98653,100,99944,100,98372,100,99995,100,,,100003,100,,,100009,100,,,100051,100,,
2019-06-28 09:57:30.000000000,99849,113,99317,166,99861,176,99102,166,99880,166,99101,166,99919,166,99006,166,99920,100,98653,100,99944,100,98372,100,99995,100,,,100003,100,,,100009,100,,,100051,100,,
2019-06-28 09:57:40.000000000,99849,179,99317,232,99861,242,99102,232,99880,100,99101,100,99919,100,99006,100,99920,100,98653,100,99944,100,98372,100,99995,100,,,100003,100,,,100009,100,,,100051,100,,
2019-06-28 09:57:50.000000000,99849,100,99317,153,99861,163,99102,153,99880,153,99101,153,99919,153,99006,153,99920,153,98653,153,99944,100,98372,100,99995,100,,,100003,100,,,100009,100,,,100051,100,,
2019-06-28 09:57:55.703768531,99849,100,99546,100,99861,163,99317,153,99880,153,99102,153,99919,153,99101,153,99920,153,99006,153,99944,100,98653,153,99995,100,98372,100,100003,100,,,100009,100,,,100051,100,,
2019-06-28 09:58:00.000000000,99849,137,99546,190,99861,197,99317,187,99880,187,99102,187,99919,100,99101,100,99920,100,99006,100,99944,100,98653,100,99995,100,98372,100,100003,100,,,100009,100,,,100051,100,,
2019-06-28 09:58:09.311305547,99849,37,99546,190,99861,197,99317,187,99880,187,99102,187,99919,100,99101,100,99920,100,99006,100,99944,100,98653,100,99995,100,98372,100,100003,100,,,100009,100,,,100051,100,,
2019-06-28 09:58:10.000000000,99861,374,99546,364,99880,100,99317,100,99919,100,99102,100,99920,100,99101,100,99944,100,99006,100,99995,100,98653,100,100003,100,98372,100,100009,100,,,100051,100,,,100064,100,,
2019-06-28 09:58:20.000000000,99861,374,99546,364,99880,100,99317,100,99919,100,99102,100,99920,100,99101,100,99944,100,99006,100,99995,100,98653,100,100003,100,98372,100,100009,100,,,100051,100,,,100064,100,,
2019-06-28 09:58:30.000000000,99861,176,99546,166,99880,166,99317,166,99919,166,99102,166,99920,166,99101,166,99944,100,99006,100,99995,100,98653,100,100003,100,98372,100,100009,100,,,100051,100,,,100064,100,,
2019-06-28 09:58:31.724404706,99861,176,99546,166,99880,166,99317,166,99919,166,99102,166,99920,166,99101,166,99944,100,98653,100,99995,100,98372,100,100003,100,,,100009,100,,,100051,100,,,100064,100,,
2019-06-28 09:58:40.000000000,99861,242,99546,232,99880,232,99317,232,99919,100,99102,100,99920,100,99101,100,99944,100,98653,100,99995,100,98372,100,100003,100,,,100009,100,,,100051,100,,,100064,100,,
2019-06-28 09:58:47.863056975,99861,242,99849,100,99880,232,99546,232,99919,100,99317,232,99920,100,99102,100,99944,100,99101,100,99995,100,98653,100,100003,100,98372,100,100009,100,,,100051,100,,,100064,100,,
2019-06-28 09:58:50.000000000,99861,176,99849,166,99880,166,99546,166,99919,166,99317,166,99920,166,99102,166,99944,100,99101,100,99995,100,98653,100,100003,100,98372,100,100009,100,,,100051,100,,,100064,100,,
2019-06-28 09:58:50.497115939,99861,76,99849,166,99880,166,99546,166,99919,166,99317,166,99920,166,99102,166,99944,100,99101,100,99995,100,98653,100,100003,100,98372,100,100009,100,,,100051,100,,,100088,100,,
2019-06-28 09:58:53.644519095,99880,166,99861,24,99919,166,99849,166,99920,166,99546,166,99944,100,99317,166,99995,100,99102,166,100003,100,99101,100,100009,100,98653,100,100051,100,98372,100,100088,100,,,100147,100,,
2019-06-28 09:59:00.000000000,99880,364,99861,288,99919,100,99849,100,99920,100,99546,100,99944,100,99317,100,99995,100,99102,100,100003,100,99101,100,100009,100,98653,100,100051,100,98372,100,100088,100,,,100147,100,,
2019-06-28 09:59:10.000000000,99880,166,99861,90,99919,166,99849,166,99920,166,99546,166,99944,166,99317,166,99995,100,99102,100,100003,100,99101,100,100009,100,98653,100,100051,100,98372,100,100088,100,,,100147,100,,
2019-06-28 09:59:15.884215151,99880,66,99861,90,99919,166,99849,166,99920,166,99546,166,99944,166,99317,166,99995,100,99102,100,100003,100,99101,100,100009,100,98653,100,100088,100,98372,100,100147,100,,,100174,100,,
2019-06-28 09:59:18.480451077,99880,66,99861,90,99919,166,99849,166,99920,166,99546,166,99944,166,99317,166,99995,100,99102,100,100003,100,99101,100,100009,100,98653,100,100063,100,98372,100,100088,100,,,100147,100,,
2019-06-28 09:59:20.000000000,99919,232,99861,156,99920,232,99849,232,99944,100,99546,100,99995,100,99317,100,100003,100,99102,100,100009,100,99101,100,100063,100,98653,100,100088,100,98372,100,100147,100,,,100174,100,,
2019-06-28 09:59:22.369888305,99919,132,99861,156,99920,232,99849,232,99944,100,99546,100,99995,100,99317,100,100003,100,99102,100,100063,100,99101,100,100088,100,98653,100,100147,100,98372,100,100174,100,,,100356,100,,
2019-06-28 09:59:29.783801283,99919,132,99861,156,99920,232,99849,232,99944,100,99546,100,99995,100,99317,100,100003,100,99102,100,100063,100,99101,100,100088,100,98653,100,100147,100,98372,100,100174,100,,,100226,100,,
2019-06-28 09:59:30.000000000,99920,153,99861,77,99944,153,99849,153,99995,153,99546,153,100003,153,99317,153,100063,153,99102,153,100088,100,99101,100,100147,100,98653,100,100174,100,98372,100,100226,100,,,100356,100,,
2019-06-28 09:59:35.974562702,99920,153,99880,100,99944,153,99861,77,99995,153,99849,153,100003,153,99546,153,100063,153,99317,153,100088,100,99102,153,100147,100,99101,100,100174,100,98653,100,100226,100,98372,100,100356,100,,
2019-06-28 09:59:40.000000000,99920,153,99880,153,99944,153,99861,77,99995,153,99849,153,100003,153,99546,153,100063,153,99317,153,100088,100,99102,100,100147,100,99101,100,100174,100,98653,100,100226,100,98372,100,100356,100,,
2019-06-28 09:59:50.000000000,99920,364,99880,364,99944,100,99861,24,99995,100,99849,100,100003,100,99546,100,100063,100,99317,100,100088,100,99102,100,100147,100,99101,100,100174,100,98653,100,100226,100,98372,100,100356,100,,
2019-06-28 09:59:51.584064896,99920,364,99880,364,99944,100,99861,24,99995,100,99849,100,100003,100,99546,100,100063,100,99317,100,100088,100,99102,100,100147,100,99101,100,100174,100,98653,100,100226,100,98372,100,100356,100,,
2019-06-28 10:00:00.000000000,99920,166,99880,166,99944,166,99861,90,99995,166,99849,166,100003,166,99546,166,100063,100,99317,100,100088,100,99102,100,100147,100,99101,100,100174,100,98653,100,100226,100,98372,100,100356,100,,
2019-06-28 10:00:02.004681552,99920,166,99880,166,99944,166,99861,90,99995,166,99849,166,100003,166,99546,166,100063,100,99317,100,100088,100,99102,100,100147,100,99101,100,100226,100,98653,100,100237,100,98372,100,100356,100,,
2019-06-28 10:00:10.000000000,99920,190,99880,190,99944,187,99861,111,99995,187,99849,187,100003,100,99546,100,100063,100,99317,100,100088,100,99102,100,100147,100,99101,100,100226,100,98653,100,100237,100,98372,100,100356,100,,
2019-06-28 10:00:20.000000000,99920,364,99880,364,99944,100,99861,24,99995,100,99849,100,100003,100,99546,100,100063,100,99317,100,100088,100,99102,100,100147,100,99101,100,100226,100,98653,100,100237,100,98372,100,100356,100,,
2019-06-28 10:00:30.000000000,99920,166,99880,166,99944,166,99861,90,99995,166,99849,166,100003,166,99546,166,100063,100,99317,100,100088,100,99102,100,100147,100,99101,100,100226,100,98653,100,100237,100,98372,100,100356,100,,
2019-06-28 10:00:39.651986056,99920,166,99880,166,99944,166,99861,90,99981,100,99849,166,99995,166,99546,166,100003,166,99317,100,100063,100,99102,100,100088,100,99101,100,100147,100,98653,100,100226,100,98372,100,100237,100,,
2019-06-28 10:00:40.000000000,99920,364,99880,364,99944,100,99861,24,99981,100,99849,100,99995,100,99546,100,100003,100,99317,100,100063,100,99102,100,100088,100,99101,100,100147,100,98653,100,100226,100,98372,100,100237,100,,
2019-06-28 10:00:48.466546198,99920,264,99880,364,99944,100,99861,24,99981,100,99849,100,99995,100,99546,100,100003,100,99317,100,100063,100,99102,100,100088,100,99101,100,100147,100,98653,100,100226,100,98372,100,100237,100,,
2019-06-28 10:00:50.000000000,99944,190,99880,190,99981,187,99861,111,99995,187,99849,187,100003,100,99546,100,100063,100,99317,100,100088,100,99102,100,100147,100,99101,100,100226,100,98653,100,100237,100,98372,100,100356,100,,
2019-06-28 10:01:00.000000000,99944,166,99880,166,99981,166,99861,90,99995,166,99849,166,100003,166,99546,166,100063,100,99317,100,100088,100,99102,100,100147,100,99101,100,100226,100,98653,100,100237,100,98372,100,100356,100,,
2019-06-28 10:01:02.014668421,99944,66,99880,166,99981,166,99861,90,99995,166,99849,166,100003,166,99546,166,100063,100,99317,100,100088,100,99102,100,100147,100,99101,100,100226,100,98653,100,100237,100,98372,100,100356,100,,
2019-06-28 10:01:03.332727938,99981,166,99944,34,99995,166,99880,166,100003,166,99861,90,100063,100,99849,166,100088,100,99546,166,100147,100,99317,100,100226,100,99102,100,100237,100,99101,100,100356,100,98653,100,100421,100,98372,100
2019-06-28 10:01:10.000000000,99981,153,99944,87,99995,153,99880,153,100003,153,99861,77,100063,153,99849,153,100088,153,99546,153,100147,100,99317,100,100226,100,99102,100,100237,100,99101,100,100356,100,98653,100,100421,100,98372,100
2019-06-28 10:01:20.000000000,99981,364,99944,298,99995,100,99880,100,100003,100,99861,24,100063,100,99849,100,100088,100,99546,100,100147,100,99317,100,100226,100,99102,100,100237,100,99101,100,100356,100,98653,100,100421,100,98372,100
2019-06-28 10:01:23.678817485,99981,264,99944,298,99995,100,99880,100,100003,100,99861,24,100063,100,99849,100,100088,100,99546,100,100147,100,99317,100,100226,100,99102,100,100237,100,99101,100,100356,100,98653,100,100421,100,98372,100
2019-06-28 10:01:28.691319620,99981,264,99944,298,99995,100,99880,100,100003,100,99861,24,100088,100,99849,100,100147,100,99546,100,100226,100,99317,100,100237,100,99102,100,100356,100,99101,100,100421,100,98653,100,100560,100,98372,100
2019-06-28 10:01:30.000000000,99995,190,99944,124,100003,187,99880,187,100088,187,99861,111,100147,100,99849,100,100226,100,99546,100,100237,100,99317,100,100356,100,99102,100,100421,100,99101,100,100560,100,98653,100,100970,100,98372,100
2019-06-28 10:01:39.332466744,99995,90,99944,124,100003,187,99880,187,100088,187,99861,111,100147,100,99849,100,100226,100,99546,100,100237,100,99317,100,100421,100,99102,100,100560,100,99101,100,100970,100,98653,100,,,98372,100
2019-06-28 10:01:40.000000000,100003,190,99944,124,100088,187,99880,187,100147,187,99861,111,100226,100,99849,100,100237,100,99546,100,100421,100,99317,100,100560,100,99102,100,100970,100,99101,100,,,98653,100,,,98372,100
2019-06-28 10:01:50.000000000,100003,166,99944,100,100088,166,99880,166,100147,166,99861,90,100226,166,99849,166,100237,100,99546,100,100421,100,99317,100,100560,100,99102,100,100970,100,99101,100,,,98653,100,,,98372,100
2019-06-28 10:01:55.175771521,100003,66,99944,100,100088,166,99880,166,100147,166,99861,90,100226,166,99849,166,100237,100,99546,100,100421,100,99317,100,100560,100,99102,100,100970,100,99101,100,,,98653,100,,,,
2019-06-28 10:02:00.000000000,100088,232,99944,166,100147,232,99880,232,100226,100,99861,24,100237,100,99849,100,100421,100,99546,100,100560,100,99317,100,100970,100,99102,100,,,99101,100,,,98653,100,,,,
2019-06-28 10:02:10.000000000,100088,153,99944,87,100147,153,99880,153,100226,153,99861,77,100237,153,99849,153,100421,153,99546,153,100560,100,99317,100,100970,100,99102,100,,,99101,100,,,98653,100,,,,
2019-06-28 10:02:20.000000000,100088,232,99944,166,100147,232,99880,232,100226,100,99861,24,100237,100,99849,100,100421,100,99546,100,100560,100,99317,100,100970,100,99102,100,,,99101,100,,,98653,100,,,,
2019-06-28 10:02:30.000000000,100088,364,99944,298,100147,100,99880,100,100226,100,99861,24,100237,100,99849,100,100421,100,99546,100,100560,100,99317,100,100970,100,99102,100,,,99101,100,,,98653,100,,,,
2019-06-28 10:02:40.000000000,100088,153,99944,87,100147,153,99880,153,100226,153,99861,77,100237,153,99849,153,100421,153,99546,153,100560,100,99317,100,100970,100,99102,100,,,99101,100,,,98653,100,,,,
2019-06-28 10:02:44.677806837,100088,53,99944,87,100147,153,99880,153,100226,153,99861,77,100237,153,99849,153,100421,153,99546,153,100560,100,99317,100,100970,100,99102,100,,,99101,100,,,98653,100,,,,
2019-06-28 10:02:48.825041309,100088,53,99944,87,100147,153,99880,153,100226,153,99861,77,100237,153,99849,153,100421,153,99546,153,100560,100,99102,100,100970,100,99101,100,,,98653,100,,,,,,,,
2019-06-28 10:02:50.000000000,100147,232,99944,166,100226,232,99880,232,100237,100,99861,24,100421,100,99849,100,100560,100,99546,100,100970,100,99102,100,,,99101,100,,,98653,100,,,,,,,,
2019-06-28 10:02:57.747403924,100147,232,100003,100,100226,232,99944,166,100237,100,99880,232,100421,100,99861,24,100560,100,99849,100,100970,100,99546,100,,,99102,100,,,99101,100,,,98653,100,,,,
2019-06-28 10:03:00.000000000,100147,232,100003,232,100226,232,99944,166,100237,100,99880,100,100421,100,99861,24,100560,100,99849,100,100970,100,99546,100,,,99102,100,,,99101,100,,,98653,100,,,,
2019-06-28 10:03:04.172865627,100147,232,100003,232,100226,232,99944,166,100237,100,99880,100,100264,100,99861,24,100421,100,99849,100,100560,100,99546,100,100970,100,99102,100,,,99101,100,,,98653,100,,,,
2019-06-28 10:03:10.000000000,100147,153,100003,153,100226,153,99944,87,100237,153,99880,153,100264,153,99861,77,100421,153,99849,153,100560,100,99546,100,100970,100,99102,100,,,99101,100,,,98653,100,,,,
2019-06-28 10:03:11.896020086,100147,153,100003,253,100226,153,99944,87,100237,153,99880,153,100264,153,99861,77,100421,153,99849,153,100560,100,99546,100,100970,100,99102,100,,,99101,100,,,98653,100,,,,
2019-06-28 10:03:19.002879648,100147,153,100003,353,100226,153,99944,87,100237,153,99880,153,100264,153,99861,77,100421,153,99849,153,100560,100,99546,100,100970,100,99102,100,,,99101,100,,,98653,100,,,,
2019-06-28 10:03:19.486191479,100147,153,100003,353,100226,153,99944,87,100237,153,99880,153,100264,153,99861,77,100421,153,99849,153,100560,100,99546,100,100614,100,99102,100,100970,100,99101,100,,,98653,100,,,,
2019-06-28 10:03:20.000000000,100147,232,100003,432,100226,232,99944,166,100237,100,99880,100,100264,100,99861,24,100421,100,99849,100,100560,100,99546,100,100614,100,99102,100,100970,100,99101,100,,,98653,100,,,,
2019-06-28 10:03:30.000000000,100147,166,100003,366,100226,166,99944,100,100237,166,99880,166,100264,166,99861,90,100421,100,99849,100,100560,100,99546,100,100614,100,99102,100,100970,100,99101,100,,,98653,100,,,,
2019-06-28 10:03:40.000000000,100147,166,100003,366,100226,166,99944,100,100237,166,99880,166,100264,166,99861,90,100421,100,99849,100,100560,100,99546,100,100614,100,99102,100,100970,100,99101,100,,,98653,100,,,,
2019-06-28 10:03:40.287147483,100147,166,100003,366,100226,166,99944,100,100237,166,99880,166,100264,166,99861,90,100393,100,99849,100,100421,100,99546,100,100560,100,99102,100,100614,100,99101,100,100970,100,98653,100,,,,
2019-06-28 10:03:50.000000000,100147,232,100003,432,100226,232,99944,166,100237,100,99880,100,100264,100,99861,24,100393,100,99849,100,100421,100,99546,100,100560,100,99102,100,100614,100,99101,100,100970,100,98653,100,,,,
2019-06-28 10:03:56.650600630,100147,132,100003,432,100226,232,99944,166,100237,100,99880,100,100264,100,99861,24,100393,100,99849,100,100421,100,99546,100,100560,100,99102,100,100614,100,99101,100,100970,100,98653,100,,,,
2019-06-28 10:04:00.000000000,100226,153,100003,353,100237,153,99944,87,100264,153,99880,153,100393,153,99861,77,100421,153,99849,153,100560,100,99546,100,100614,100,99102,100,100970,100,99101,100,,,98653,100,,,,
2019-06-28 10:04:00.706878446,100226,53,100003,353,100237,153,99944,87,100264,153,99880,153,100393,153,99861,77,100421,153,99849,153,100560,100,99546,100,100614,100,99102,100,100970,100,99101,100,,,98653,100,,,,
2019-06-28 10:04:07.529787628,100226,53,100147,100,100237,153,100003,353,100264,153,99944,87,100393,153,99880,153,100421,153,99861,77,100560,100,99849,153,100614,100,99546,100,100970,100,99102,100,,,99101,100,,,98653,100
2019-06-28 10:04:08.211060585,100226,53,100147,100,100237,153,100003,353,100264,153,99944,87,100393,153,99880,153,100421,153,99861,77,100560,100,99849,153,100614,100,99546,100,100970,100,99102,100,,,99101,100,,,98653,100
2019-06-28 10:04:10.000000000,100237,190,100147,190,100264,187,100003,387,100393,187,99944,121,100421,100,99880,100,100560,100,99861,24,100614,100,99849,100,100970,100,99546,100,,,99102,100,,,99101,100,,,98653,100
2019-06-28 10:04:20.000000000,100237,153,100147,153,100264,153,100003,353,100393,153,99944,87,100421,153,99880,153,100560,153,99861,77,100614,100,99849,100,100970,100,99546,100,,,99102,100,,,99101,100,,,98653,100
2019-06-28 10:04:23.249809278,100237,153,100147,153,100264,153,100063,100,100393,153,100003,353,100421,153,99944,87,100560,153,99880,153,100614,100,99861,53,100970,100,99849,100,,,99546,100,,,99102,100,,,99101,100
2019-06-28 10:04:26.558376156,100237,153,100147,53,100264,153,100063,100,100393,153,100003,353,100421,153,99944,87,100560,153,99880,153,100614,100,99861,53,100970,100,99849,100,,,99546,100,,,99102,100,,,99101,100
2019-06-28 10:04:30.000000000,100237,190,100063,190,100264,187,100003,387,100393,187,99944,121,100421,100,99880,100,100560,100,99849,100,100614,100,99546,100,100970,100,99102,100,,,99101,100,,,98653,100,,,,
2019-06-28 10:04:34.471634008,100237,190,100063,190,100264,187,100003,387,100393,187,99945,100,100421,100,99944,121,100560,100,99880,100,100614,100,99849,100,100970,100,99546,100,,,99102,100,,,99101,100,,,98653,100
2019-06-28 10:04:40.000000000,100237,166,100063,166,100264,166,100003,366,100393,166,99945,166,100421,166,99944,100,100560,100,99880,100,100614,100,99849,100,100970,100,99546,100,,,99102,100,,,99101,100,,,98653,100
2019-06-28 10:04:50.000000000,100237,190,100063,190,100264,187,100003,387,100393,187,99945,187,100421,100,99944,34,100560,100,99880,100,100614,100,99849,100,100970,100,99546,100,,,99102,100,,,99101,100,,,98653,100
2019-06-28 10:05:00.000000000,100237,364,100063,364,100264,100,100003,300,100393,100,99945,100,100421,100,99944,34,100560,100,99880,100,100614,100,99849,100,100970,100,99546,100,,,99102,100,,,99101,100,,,98653,100
2019-06-28 10:05:10.000000000,100237,190,100063,190,100264,187,100003,387,100393,187,99945,187,100421,100,99944,34,100560,100,99880,100,100614,100,99849,100,100970,100,99546,100,,,99102,100,,,99101,100,,,98653,100
2019-06-28 10:05:10.902162782,100237,190,100148,100,100264,187,100063,190,100393,187,100003,387,100421,100,99945,187,100560,100,99944,34,100614,100,99880,100,100970,100,99849,100,,,99546,100,,,99102,100,,,99101,100
2019-06-28 10:05:12.836350711,100237,190,100148,100,100259,100,100063,190,100264,187,100003,387,100393,187,99945,187,100421,100,99944,34,100560,100,99880,100,100614,100,99849,100,100970,100,99546,100,,,99102,100,,,99101,100
2019-06-28 10:05:16.811428045,100225,100,100148,100,100237,190,100063,190,100259,100,100003,387,100264,187,99945,187,100393,187,99944,34,100421,100,99880,100,100560,100,99849,100,100614,100,99546,100,100970,100,99102,100,,,99101,100
2019-06-28 10:05:20.000000000,100225,190,100148,190,100237,187,100063,187,100259,187,100003,387,100264,100,99945,100,100393,100,99944,34,100421,100,99880,100,100560,100,99849,100,100614,100,99546,100,100970,100,99102,100,,,99101,100
2019-06-28 10:05:30.000000000,100225,166,100148,166,100237,166,100063,166,100259,166,100003,366,100264,166,99945,166,100393,100,99944,34,100421,100,99880,100,100560,100,99849,100,100614,100,99546,100,100970,100,99102,100,,,99101,100
2019-06-28 10:05:39.522092963,100225,166,100148,166,100237,166,100063,166,100259,166,100003,366,100264,166,99945,166,100393,100,99944,34,100507,100,99880,100,100560,100,99849,100,100614,100,99546,100,100970,100,99102,100,,,99101,100
2019-06-28 10:05:40.000000000,100225,153,100148,153,100237,153,100063,153,100259,153,100003,353,100264,153,99945,153,100393,153,99944,87,100507,100,99880,100,100560,100,99849,100,100614,100,99546,100,100970,100,99102,100,,,99101,100
2019-06-28 10:05:50.000000000,100225,166,100148,166,100237,166,100063,166,100259,166,100003,366,100264,166,99945,166,100393,100,99944,34,100507,100,99880,100,100560,100,99849,100,100614,100,99546,100,100970,100,99102,100,,,99101,100
2019-06-28 10:06:00.000000000,100225,166,100148,166,100237,166,100063,166,100259,166,100003,366,100264,166,99945,166,100393,100,99944,34,100507,100,99880,100,100560,100,99849,100,100614,100,99546,100,100970,100,99102,100,,,99101,100
2019-06-28 10:06:05.074045696,100225,166,100148,166,100237,166,100063,166,100259,166,100003,366,100264,166,99945,166,100393,100,99944,34,100507,100,99880,100,100560,100,99849,100,100614,100,99546,100,100970,100,99102,100,101035,100,99101,100
2019-06-28 10:06:10.000000000,100225,166,100148,166,100237,166,100063,166,100259,166,100003,366,100264,166,99945,166,100393,100,99944,34,100507,100,99880,100,100560,100,99849,100,100614,100,99546,100,100970,100,99102,100,101035,100,99101,100
2019-06-28 10:06:13.298281978,100225,166,100148,166,100237,166,100063,166,100259,166,100003,366,100264,166,99945,166,100393,100,99944,34,100507,100,99849,100,100560,100,99546,100,100614,100,99102,100,100970,100,99101,100,101035,100,98653,100
2019-06-28 10:06:20.000000000,100225,153,100148,153,100237,153,100063,153,100259,153,100003,353,100264,153,99945,153,100393,153,99944,87,100507,100,99849,100,100560,100,99546,100,100614,100,99102,100,100970,100,99101,100,101035,100,98653,100
2019-06-28 10:06:21.121867012,100225,53,100148,153,100237,153,100063,153,100259,153,100003,353,100264,153,99945,153,100393,153,99944,87,100507,100,99849,100,100560,100,99546,100,100614,100,99102,100,100970,100,99101,100,101035,100,98653,100
2019-06-28 10:06:22.825301917,100237,153,100225,47,100259,153,100148,153,100264,153,100063,153,100393,153,100003,353,100507,100,99945,153,100560,100,99944,87,100614,100,99849,100,100970,100,99546,100,101035,100,99102,100,,,99101,100
2019-06-28 10:06:30.000000000,100237,232,100225,179,100259,232,100148,232,100264,100,100063,100,100393,100,100003,300,100507,100,99945,100,100560,100,99944,34,100614,100,99849,100,100970,100,99546,100,101035,100,99102,100,,,99101,100
2019-06-28 10:06:40.000000000,100237,166,100225,113,100259,166,100148,166,100264,166,100063,166,100393,166,100003,366,100507,100,99945,100,100560,100,99944,34,100614,100,99849,100,100970,100,99546,100,101035,100,99102,100,,,99101,100
2019-06-28 10:06:46.321211633,100259,166,100237,34,100264,166,100225,113,100393,166,100148,166,100507,100,100063,166,100560,100,100003,366,100614,100,99945,100,100970,100,99944,34,101035,100,99849,100,,,99546,100,,,99102,100
2019-06-28 10:06:50.000000000,100259,166,100237,100,100264,166,100225,113,100393,166,100148,166,100507,166,100063,166,100560,100,100003,300,100614,100,99945,100,100970,100,99944,34,101035,100,99849,100,,,99546,100,,,99102,100
2019-06-28 10:06:54.585359036,100259,66,100237,100,100264,166,100225,113,100393,166,100148,166,100507,166,100063,166,100560,100,100003,300,100614,100,99945,100,100970,100,99944,34,101035,100,99849,100,101130,100,99546,100,,,99102,100
2019-06-28 10:06:57.115026247,100264,166,100259,34,100393,166,100237,100,100507,166,100225,113,100560,100,100148,166,100614,100,100063,166,100970,100,100003,300,101130,100,99945,100,,,99944,34,,,99849,100,,,99546,100
2019-06-28 10:07:00.000000000,100264,190,100259,124,100393,187,100237,121,100507,187,100225,134,100560,100,100148,100,100614,100,100063,100,100970,100,100003,300,101130,100,99945,100,,,99944,34,,,99849,100,,,99546,100
2019-06-28 10:07:02.189904620,100264,190,100259,124,100393,187,100238,100,100507,187,100237,121,100560,100,100225,134,100614,100,100148,100,100970,100,100063,100,101130,100,100003,300,,,99945,100,,,99944,34,,,99849,100
2019-06-28 10:07:07.732592051,100264,90,100259,124,100393,187,100238,100,100507,187,100237,121,100560,100,100225,134,100614,100,100148,100,100970,100,100063,100,101130,100,100003,300,,,99945,100,,,99944,34,,,99849,100
2019-06-28 10:07:09.227378844,100264,90,100260,100,100393,187,100259,124,100507,187,100238,100,100560,100,100237,121,100614,100,100225,134,100970,100,100148,100,101130,100,100063,100,,,100003,300,,,99945,100,,,99944,34
2019-06-28 10:07:10.000000000,100393,364,100260,364,100507,100,100259,34,100560,100,100238,100,100614,100,100237,34,100970,100,100225,47,101130,100,100148,100,,,100063,100,,,100003,300,,,99945,100,,,99944,34
2019-06-28 10:07:13.140797034,100393,364,100260,464,100507,100,100259,34,100560,100,100238,100,100614,100,100237,34,100970,100,100225,47,101130,100,100148,100,,,100063,100,,,100003,300,,,99945,100,,,99944,34
2019-06-28 10:07:20.000000000,100393,190,100260,290,100507,187,100259,121,100560,187,100238,187,100614,100,100237,34,100970,100,100225,47,101130,100,100148,100,,,100063,100,,,100003,300,,,99945,100,,,99944,34
2019-06-28 10:07:30.000000000,100393,232,100260,332,100507,232,100259,166,100560,100,100238,100,100614,100,100237,34,100970,100,100225,47,101130,100,100148,100,,,100063,100,,,100003,300,,,99945,100,,,99944,34
2019-06-28 10:07:35.468239091,100393,132,100260,332,100507,232,100259,166,100560,100,100238,100,100614,100,100237,34,100970,100,100225,47,101130,100,100148,100,,,100063,100,,,100003,300,,,99945,100,,,99944,34
2019-06-28 10:07:40.000000000,100507,190,100260,290,100560,187,100259,121,100614,187,100238,187,100970,100,100237,34,101130,100,100225,47,,,100148,100,,,100063,100,,,100003,300,,,99945,100,,,99944,34
2019-06-28 10:07:43.378749542,100507,90,100260,290,100560,187,100259,121,100614,187,100238,187,100970,100,100237,34,101130,100,100225,47,,,100148,100,,,100063,100,,,100003,300,,,99945,100,,,99944,34
2019-06-28 10:07:50.000000000,100560,190,100260,290,100614,187,100259,121,100970,187,100238,187,101130,100,100237,34,,,100225,47,,,100148,100,,,100063,100,,,100003,300,,,99945,100,,,99944,34
2019-06-28 10:08:00.000000000,100560,153,100260,253,100614,153,100259,87,100970,153,100238,153,101130,153,100237,87,101131,53,100225,100,,,100148,100,,,100063,100,,,100003,300,,,99945,100,,,99944,34
2019-06-28 10:08:10.000000000,100560,166,100260,266,100614,166,100259,100,100970,166,100238,166,101130,166,100237,100,,,100225,47,,,100148,100,,,100063,100,,,100003,300,,,99945,100,,,99944,34
2019-06-28 10:08:17.229487670,100560,166,100260,266,100614,166,100259,100,100970,166,100238,166,101130,166,100237,100,,,100225,47,,,100148,100,,,100063,100,,,100003,300,,,99945,100,,,99944,34
2019-06-28 10:08:20.000000000,100560,153,100260,253,100614,153,100259,87,100970,153,100238,153,101130,153,100237,87,101131,53,100225,100,,,100148,100,,,100063,100,,,100003,300,,,99945,100,,,99944,34
2019-06-28 10:08:23.542846491,100560,153,100260,253,100614,153,100259,53,100970,153,100238,153,101130,153,100237,87,101131,53,100225,100,,,100148,100,,,100063,100,,,100003,300,,,99945,100,,,99944,34
2019-06-28 10:08:30.000000000,100560,232,100260,332,100614,232,100238,232,100970,100,100237,34,101130,100,100225,47,,,100148,100,,,100063,100,,,100003,300,,,99945,100,,,99944,34,,,99906,100
2019-06-28 10:08:34.664486557,100560,232,100260,232,100614,232,100238,232,100970,100,100237,34,101130,100,100225,47,,,100148,100,,,100063,100,,,100003,300,,,99945,100,,,99944,34,,,99906,100
2019-06-28 10:08:40.000000000,100560,232,100260,232,100614,232,100238,232,100970,100,100237,34,101130,100,100225,47,,,100148,100,,,100063,100,,,100003,300,,,99945,100,,,99944,34,,,99906,100
2019-06-28 10:08:50.000000000,100560,166,100260,166,100614,166,100238,166,100970,166,100237,100,101130,166,100225,113,,,100148,100,,,100063,100,,,100003,300,,,99945,100,,,99944,34,,,99906,100
2019-06-28 10:08:51.807568761,100506,100,100260,166,100560,166,100238,166,100614,166,100237,100,100970,166,100225,113,101130,166,100148,100,,,100063,100,,,100003,200,,,99945,100,,,99944,34,,,99906,100
2019-06-28 10:08:54.740895594,100506,200,100260,166,100560,166,100238,166,100614,166,100237,100,100970,166,100225,113,101130,166,100148,100,,,100063,100,,,100003,200,,,99945,100,,,99944,34,,,99906,100
