,ask_price_1,ask_size_1,bid_price_1,bid_size_1,ask_price_2,ask_size_2,bid_price_2,bid_size_2,ask_price_3,ask_size_3,bid_price_3,bid_size_3,ask_price_4,ask_size_4,bid_price_4,bid_size_4,ask_price_5,ask_size_5,bid_price_5,bid_size_5,ask_price_6,ask_size_6,bid_price_6,bid_size_6,ask_price_7,ask_size_7,bid_price_7,bid_size_7,ask_price_8,ask_size_8,bid_price_8,bid_size_8,ask_price_9,ask_size_9,bid_price_9,bid_size_9,ask_price_10,ask_size_10,bid_price_10,bid_size_10
2019-06-28 09:30:00.000000001,,,99935,100,,,,,,,,,,,,,,,,,,,,,,,,,,,,,,,,,,,,
2019-06-28 09:30:00.000000003,100067,100,100053,100,,,99935,100,,,99843,100,,,,,,,,,,,,,,,,,,,,,,,,,,,,
2019-06-28 09:30:00.000000005,100067,100,100053,100,100068,100,99935,200,,,99843,100,,,,,,,,,,,,,,,,,,,,,,,,,,,,
2019-06-28 09:30:00.000000006,100067,100,100053,100,100068,100,99935,200,100125,100,99843,100,,,,,,,,,,,,,,,,,,,,,,,,,,,,
2019-06-28 09:30:00.000000008,100067,100,100053,100,100068,100,99935,300,100076,100,99843,100,100125,100,,,,,,,,,,,,,,,,,,,,,,,,,,
2019-06-28 09:30:00.000000011,100067,100,100053,100,100068,100,99935,300,100076,100,99897,100,100125,100,99843,100,,,,,,,,,,,,,,,,,,,,,,,,
2019-06-28 09:30:00.000000012,100067,100,100053,100,100068,100,99935,300,100076,100,99919,100,100125,100,99897,100,,,99843,100,,,,,,,,,,,,,,,,,,,,
2019-06-28 09:30:00.000000013,100067,100,100053,100,100068,100,99935,300,100076,100,99919,100,100101,100,99897,100,100125,100,99843,100,,,99827,100,,,,,,,,,,,,,,,,
2019-06-28 09:30:00.000000015,100067,100,99935,300,100068,100,99919,100,100076,100,99897,100,100101,100,99843,100,100125,100,99827,100,,,,,,,,,,,,,,,,,,,,
2019-06-28 09:30:00.000000020,100067,100,99935,300,100068,100,99919,100,100076,200,99897,100,100101,100,99843,100,100125,100,99827,100,,,,,,,,,,,,,,,,,,,,
2019-06-28 09:30:00.000000023,100067,100,99954,100,100068,100,99935,300,100076,200,99919,100,100101,100,99897,100,100125,100,99843,100,,,99827,100,,,,,,,,,,,,,,,,
2019-06-28 09:30:00.000000025,100067,100,99954,100,100068,100,99935,300,100076,200,99919,100,100101,100,99897,100,100125,100,99843,100,,,99841,100,,,99827,100,,,99803,100,,,,,,,,
2019-06-28 09:30:00.000000027,100065,100,99954,100,100067,100,99935,300,100068,100,99919,100,100076,200,99897,100,100101,100,99843,100,100125,100,99841,100,,,99827,100,,,99803,100,,,,,,,,
2019-06-28 09:30:00.000000029,100065,100,100007,100,100067,100,99954,100,100068,100,99935,300,100076,200,99919,100,100101,100,99897,100,100125,100,99843,100,,,99841,100,,,99827,100,,,99803,100,,,,
2019-06-28 09:30:00.000000030,100065,100,100007,100,100067,100,99954,100,100068,100,99935,300,100076,200,99919,100,100086,100,99897,100,100101,100,99843,100,100125,100,99841,100,,,99827,100,,,99803,100,,,,
2019-06-28 09:30:00.000000032,100067,100,100007,100,100068,100,99954,100,100076,200,99935,300,100086,100,99922,100,100101,100,99919,100,100115,100,99897,100,100125,100,99843,100,,,99841,100,,,99827,100,,,99803,100
2019-06-28 09:30:00.000000033,100048,100,100007,100,100067,100,99954,100,100068,100,99935,300,100076,200,99922,100,100086,200,99919,100,100101,100,99897,100,100115,100,99843,100,100125,100,99841,100,,,99827,100,,,99803,100
2019-06-28 09:30:00.000000034,100048,100,100007,100,100067,100,99954,100,100068,100,99935,300,100076,200,99922,100,100086,200,99919,100,100101,100,99897,100,100115,200,99843,100,100125,100,99841,100,,,99827,100,,,99803,100
2019-06-28 09:30:00.000000037,100048,100,100007,100,100067,100,99959,100,100068,100,99954,100,100076,200,99935,300,100086,200,99922,100,100101,100,99919,100,100115,200,99897,100,100125,100,99843,100,,,99841,100,,,99827,100
2019-06-28 09:30:00.000000038,100048,100,100007,100,100067,100,99959,100,100068,100,99954,100,100076,200,99935,300,100086,200,99922,100,100101,100,99919,100,100115,200,99897,100,100125,100,99881,100,,,99843,100,,,99841,100
2019-06-28 09:30:00.000000045,100048,100,100021,100,100067,100,100007,100,100068,100,99959,100,100076,200,99954,100,100086,200,99935,300,100101,100,99922,100,100115,200,99919,100,100125,100,99897,100,,,99881,100,,,99843,100
2019-06-28 09:30:00.000000047,100048,100,100021,100,100067,100,100007,100,100068,100,99959,100,100076,200,99954,100,100078,100,99935,300,100086,200,99922,100,100101,100,99919,100,100115,200,99897,100,100125,100,99881,100,,,99843,100
2019-06-28 09:30:00.000000049,100048,100,100021,100,100065,100,100007,100,100067,100,99959,100,100068,100,99954,100,100076,200,99935,300,100078,100,99922,100,100086,200,99919,100,100101,100,99897,100,100115,200,99881,100,100125,100,99843,100
2019-06-28 09:30:00.000000051,100047,100,100007,100,100048,100,99959,100,100064,100,99954,100,100065,100,99935,300,100067,100,99922,100,100068,100,99919,100,100076,200,99897,100,100078,100,99881,100,100086,200,99843,100,100101,100,99841,100
2019-06-28 09:30:00.000000052,100032,100,100007,100,100047,100,99959,100,100048,100,99954,100,100064,100,99935,300,100065,100,99922,100,100067,100,99919,100,100068,100,99897,100,100076,200,99881,100,100078,100,99843,100,100086,200,99841,100
2019-06-28 09:30:00.000000053,100032,100,100007,100,100047,100,99959,100,100048,100,99954,100,100064,100,99935,300,100065,100,99922,100,100067,100,99919,100,100068,100,99897,100,100076,300,99881,100,100078,100,99843,100,100086,200,99841,100
2019-06-28 09:30:00.000000055,100032,100,100007,100,100047,100,99960,100,100048,100,99959,100,100064,100,99954,100,100065,100,99935,300,100067,100,99922,100,100068,100,99919,100,100076,300,99897,100,100078,100,99881,100,100086,200,99843,100
2019-06-28 09:30:00.000000056,100032,100,100007,100,100047,100,99962,100,100048,100,99960,100,100064,100,99959,100,100065,100,99954,100,100067,100,99935,300,100068,100,99922,100,100076,300,99919,100,100078,100,99897,100,100086,200,99881,100
2019-06-28 09:30:00.000000058,100032,100,99962,100,100047,100,99960,100,100048,100,99959,100,100064,100,99954,100,100065,100,99935,300,100067,100,99922,100,100068,100,99919,100,100076,300,99897,100,100078,100,99881,100,100086,200,99843,100
2019-06-28 09:30:00.000000061,100032,100,99962,100,100047,100,99960,100,100048,100,99959,100,100064,100,99954,100,100065,100,99935,300,100067,100,99922,100,100068,100,99919,100,100076,300,99897,100,100078,100,99881,100,100086,200,99843,100
2019-06-28 09:30:00.000000062,100032,100,99962,100,100047,100,99960,100,100048,100,99959,100,100064,100,99954,100,100065,100,99935,300,100067,100,99922,100,100068,100,99919,100,100076,300,99897,100,100078,100,99881,100,100086,200,99843,100
2019-06-28 09:30:00.000000063,100021,100,99962,100,100032,100,99960,100,100047,100,99959,100,100048,100,99954,100,100064,100,99935,300,100065,100,99922,100,100067,100,99919,100,100068,100,99897,100,100076,300,99881,100,100078,100,99843,100
2019-06-28 09:30:00.000000064,100021,100,100007,100,100032,100,99962,100,100047,100,99960,100,100048,100,99959,100,100064,100,99954,100,100065,100,99935,300,100067,100,99922,100,100068,100,99919,100,100076,300,99897,100,100078,100,99881,100
2019-06-28 09:30:00.000000066,100021,100,100007,100,100032,100,99978,100,100047,100,99962,100,100048,100,99960,100,100064,100,99959,100,100065,100,99954,100,100067,100,99935,300,100068,100,99922,100,100076,300,99919,100,100078,100,99897,100
2019-06-28 09:30:00.000000068,100021,100,100007,200,100032,100,99978,100,100047,100,99962,100,100048,100,99960,100,100064,100,99959,100,100065,100,99954,100,100067,100,99935,300,100068,100,99922,100,100076,300,99919,100,100078,100,99897,100
2019-06-28 09:30:00.000000071,100021,100,100007,200,100032,100,99978,100,100047,100,99962,100,100048,100,99960,100,100064,100,99959,100,100065,100,99954,100,100067,100,99935,300,100068,100,99922,100,100076,300,99919,100,100078,100,99897,100
2019-06-28 09:30:00.000000073,100021,100,100007,200,100032,100,99978,100,100047,100,99962,100,100048,100,99960,100,100064,100,99959,100,100065,100,99956,100,100067,100,99954,100,100068,100,99935,300,100076,300,99922,100,100078,100,99919,100
2019-06-28 09:30:00.000000074,100021,100,100007,100,100032,100,99978,100,100047,100,99962,100,100048,100,99960,100,100064,100,99959,100,100065,100,99956,100,100067,100,99954,100,100068,100,99935,300,100076,300,99922,100,100078,100,99919,100
2019-06-28 09:30:00.000000075,100021,100,100007,100,100032,100,99978,100,100047,100,99962,100,100048,100,99960,100,100064,100,99959,100,100065,100,99956,100,100067,100,99954,100,100068,100,99935,300,100076,300,99922,100,100078,100,99919,100
2019-06-28 09:30:00.000000079,100021,100,100008,100,100032,100,100007,100,100047,100,99978,100,100048,100,99962,100,100064,100,99960,100,100065,100,99959,100,100067,100,99956,100,100068,100,99954,100,100076,300,99936,100,100078,100,99935,300
2019-06-28 09:30:00.000000081,100016,100,100007,100,100021,100,99978,100,100032,100,99962,100,100047,100,99960,100,100048,100,99959,100,100064,100,99956,100,100065,100,99954,100,100067,100,99936,100,100068,100,99935,300,100076,300,99922,100
2019-06-28 09:30:00.000000085,100014,100,100007,100,100016,100,99978,100,100021,100,99962,100,100032,100,99960,100,100047,100,99959,100,100048,100,99956,100,100064,100,99954,100,100065,100,99936,100,100067,100,99935,300,100068,100,99922,100
2019-06-28 09:30:00.000000088,100014,100,100007,100,100016,100,99978,100,100021,100,99963,100,100032,100,99962,100,100047,100,99960,100,100048,100,99959,100,100064,100,99956,100,100065,100,99954,100,100067,100,99936,100,100068,100,99935,300
2019-06-28 09:30:00.000000091,100014,100,100008,100,100016,100,100007,100,100021,100,99978,100,100032,100,99963,100,100047,100,99962,100,100048,100,99960,100,100064,100,99959,100,100065,100,99956,100,100067,100,99954,100,100068,100,99936,100
2019-06-28 09:30:00.000000092,100014,100,100008,100,100016,100,100007,100,100021,100,100004,100,100032,100,99978,100,100047,100,99963,100,100048,100,99962,100,100064,100,99960,100,100065,100,99959,100,100067,100,99956,100,100068,100,99954,100
2019-06-28 09:30:00.000000095,100014,100,100008,100,100016,100,100007,100,100021,100,100004,100,100032,100,99978,100,100047,100,99963,100,100048,100,99962,100,100064,100,99960,100,100065,100,99959,100,100067,200,99956,100,100068,100,99954,100
2019-06-28 09:30:00.000000097,100014,100,100008,100,100016,100,100007,100,100021,100,100004,100,100032,100,99978,100,100047,100,99963,100,100048,100,99962,100,100064,100,99960,100,100065,100,99959,100,100067,200,99956,100,100068,100,99954,100
2019-06-28 09:30:00.000000098,100014,100,100008,100,100016,100,100007,100,100021,100,100004,100,100032,100,99978,100,100047,100,99963,100,100048,100,99962,100,100064,100,99960,100,100065,100,99959,100,100067,200,99956,100,100068,100,99954,200
2019-06-28 09:30:10.000000000,100014,214,100008,214,100016,214,100007,214,100021,214,100004,214,100032,214,99978,214,100047,100,99963,100,100048,100,99962,100,100064,100,99960,100,100065,100,99959,100,100067,200,99956,100,100068,100,99954,200
2019-06-28 09:30:17.228552071,100014,114,100008,214,100016,214,100007,214,100021,214,100004,214,100032,214,99978,214,100047,100,99963,100,100048,100,99962,100,100064,100,99960,100,100065,100,99959,100,100067,200,99956,100,100068,100,99954,200
2019-06-28 09:30:20.000000000,100016,256,100008,256,100021,251,100007,251,100032,251,100004,251,100047,100,99978,100,100048,100,99963,100,100064,100,99962,100,100065,100,99960,100,100067,200,99959,100,100068,100,99956,100,100075,100,99954,200
2019-06-28 09:30:23.274516735,100016,256,100008,256,100021,251,100007,251,100032,251,100004,251,100047,100,99978,100,100048,100,99963,100,100064,100,99962,100,100065,100,99960,100,100067,200,99959,100,100068,100,99956,100,100075,100,99954,200
2019-06-28 09:30:30.000000000,100016,558,100008,558,100021,100,100007,100,100032,100,100004,100,100047,100,99978,100,100048,100,99963,100,100064,100,99962,100,100065,100,99960,100,100067,200,99959,100,100068,100,99956,100,100075,100,99954,200
2019-06-28 09:30:40.000000000,100016,558,100008,558,100021,100,100007,100,100032,100,100004,100,100047,100,99978,100,100048,100,99963,100,100064,100,99962,100,100065,100,99960,100,100067,200,99959,100,100068,100,99956,100,100075,100,99954,200
2019-06-28 09:30:42.717839123,100016,558,100008,558,100021,100,100007,100,100032,100,100004,100,100047,100,99978,100,100048,100,99963,100,100064,100,99960,100,100065,100,99959,100,100067,200,99956,100,100068,100,99954,200,100075,100,99936,100
2019-06-28 09:30:43.592222975,100016,558,100009,100,100021,100,100008,458,100032,100,100007,100,100047,100,100004,100,100048,100,99978,100,100064,100,99963,100,100065,100,99960,100,100067,200,99959,100,100068,100,99956,100,100075,100,99954,200
2019-06-28 09:30:43.602853067,100016,558,100009,100,100021,100,100008,458,100032,100,100007,100,100047,100,100004,100,100064,100,99978,100,100065,100,99963,100,100067,200,99960,100,100068,100,99959,100,100075,100,99956,100,100076,300,99954,200
2019-06-28 09:30:50.000000000,100016,329,100009,329,100021,329,100007,329,100032,100,100004,100,100047,100,99978,100,100064,100,99963,100,100065,100,99960,100,100067,200,99959,100,100068,100,99956,100,100075,100,99954,200,100076,300,99936,100
2019-06-28 09:31:00.000000000,100016,214,100009,214,100021,214,100007,214,100032,214,100004,214,100047,214,99978,214,100064,100,99963,100,100065,100,99960,100,100067,200,99959,100,100068,100,99956,100,100075,100,99954,200,100076,300,99936,100
2019-06-28 09:31:10.000000000,100016,329,100009,329,100021,329,100007,329,100032,100,100004,100,100047,100,99978,100,100064,100,99963,100,100065,100,99960,100,100067,200,99959,100,100068,100,99956,100,100075,100,99954,200,100076,300,99936,100
2019-06-28 09:31:16.292972185,100016,329,100009,329,100021,329,100007,329,100032,100,100004,100,100047,100,99978,100,100064,100,99963,100,100065,100,99960,100,100067,100,99959,100,100068,100,99956,100,100075,100,99955,100,100076,300,99954,200
2019-06-28 09:31:20.000000000,100016,329,100009,329,100021,329,100007,329,100032,100,100004,100,100047,100,99978,100,100064,100,99963,100,100065,100,99960,100,100067,100,99959,100,100068,100,99956,100,100075,100,99955,100,100076,300,99954,200
2019-06-28 09:31:28.386578758,100016,329,100009,329,100021,329,100007,329,100032,100,100004,100,100047,100,99978,100,100064,100,99963,100,100065,100,99960,100,100067,100,99959,100,100068,100,99956,100,100075,100,99955,100,100076,300,99954,200
2019-06-28 09:31:30.000000000,100016,256,100009,256,100021,251,100007,251,100032,251,100004,251,100047,100,99978,100,100064,100,99963,100,100065,100,99960,100,100067,100,99959,100,100068,100,99956,100,100075,100,99955,100,100076,300,99954,200
2019-06-28 09:31:33.428718638,100016,156,100009,256,100021,251,100007,251,100032,251,100004,251,100047,100,99978,100,100064,100,99963,100,100065,100,99960,100,100067,100,99959,100,100068,100,99956,100,100075,100,99955,100,100076,300,99954,200
2019-06-28 09:31:40.000000000,100021,192,100009,192,100032,192,100007,192,100047,192,100004,192,100064,192,99978,192,100065,192,99963,192,100067,100,99960,100,100068,100,99959,100,100075,100,99956,100,100076,300,99955,100,100078,100,99954,200
2019-06-28 09:31:50.000000000,100021,192,100009,192,100032,192,100007,192,100047,192,100004,192,100064,192,99978,192,100065,192,99963,192,100067,100,99960,100,100068,100,99959,100,100075,100,99956,100,100076,300,99955,100,100078,100,99954,200
2019-06-28 09:31:50.185454099,100021,192,100009,192,100032,192,100007,192,100047,192,100004,192,100064,192,99978,192,100065,192,99963,192,100067,100,99960,100,100068,100,99959,100,100075,100,99956,100,100076,300,99955,100,100078,100,99954,200
2019-06-28 09:32:00.000000000,100021,558,100009,558,100032,100,100007,100,100047,100,100004,100,100064,100,99978,100,100065,100,99963,100,100067,100,99960,100,100068,100,99959,100,100075,100,99956,100,100076,300,99955,100,100078,100,99954,200
2019-06-28 09:32:08.907977354,100021,558,100009,458,100032,100,100007,100,100047,100,100004,100,100064,100,99978,100,100065,100,99963,100,100067,100,99960,100,100068,100,99959,100,100075,100,99956,100,100076,300,99955,100,100078,100,99954,200
2019-06-28 09:32:10.000000000,100021,558,100007,558,100032,100,100004,100,100047,100,99978,100,100064,100,99963,100,100065,100,99960,100,100067,100,99959,100,100068,100,99956,100,100075,100,99955,100,100076,300,99954,200,100078,100,99936,100
2019-06-28 09:32:20.000000000,100021,558,100007,558,100032,100,100004,100,100047,100,99978,100,100064,100,99963,100,100065,100,99960,100,100067,100,99959,100,100068,100,99956,100,100075,100,99955,100,100076,300,99954,200,100078,100,99936,100
2019-06-28 09:32:28.969870324,100021,458,100007,558,100032,100,100004,100,100047,100,99978,100,100064,100,99963,100,100065,100,99960,100,100067,100,99959,100,100075,100,99956,100,100076,300,99955,100,100078,100,99954,200,100086,200,99936,100
2019-06-28 09:32:30.000000000,100032,329,100007,329,100047,329,100004,329,100064,100,99978,100,100065,100,99963,100,100067,100,99960,100,100075,100,99959,100,100076,300,99956,100,100078,100,99955,100,100086,200,99954,200,100091,100,99936,100
2019-06-28 09:32:35.917240631,100032,229,100007,329,100047,329,100004,329,100064,100,99978,100,100065,100,99963,100,100067,100,99960,100,100075,100,99959,100,100076,300,99956,100,100078,100,99955,100,100086,200,99954,200,100091,100,99936,100
2019-06-28 09:32:40.000000000,100047,329,100007,329,100064,329,100004,329,100065,100,99978,100,100067,100,99963,100,100075,100,99960,100,100076,300,99959,100,100078,100,99956,100,100086,200,99955,100,100091,100,99954,200,100099,100,99936,100
2019-06-28 09:32:50.000000000,100047,558,100007,558,100064,100,100004,100,100065,100,99978,100,100067,100,99963,100,100075,100,99960,100,100076,300,99959,100,100078,100,99956,100,100086,200,99955,100,100091,100,99954,200,100099,100,99936,100
2019-06-28 09:32:59.628729382,100047,558,100007,558,100064,100,100004,100,100065,100,99978,100,100067,100,99963,100,100075,100,99960,100,100076,300,99959,100,100078,100,99956,100,100086,200,99955,100,100091,100,99954,200,100099,100,99936,100
2019-06-28 09:33:00.000000000,100047,329,100007,329,100064,329,100004,329,100065,100,99978,100,100067,100,99963,100,100075,100,99960,100,100076,300,99959,100,100078,100,99956,100,100086,200,99955,100,100091,100,99954,200,100099,100,99936,100
2019-06-28 09:33:09.883973891,100047,229,100007,329,100064,329,100004,329,100065,100,99978,100,100067,100,99963,100,100075,100,99960,100,100076,300,99959,100,100078,100,99956,100,100086,200,99955,100,100091,100,99954,200,100099,100,99936,100
2019-06-28 09:33:10.000000000,100064,214,100007,214,100065,214,100004,214,100067,214,99978,214,100075,214,99963,214,100076,300,99960,100,100078,100,99959,100,100086,200,99956,100,100091,100,99955,100,100099,100,99954,200,100101,100,99936,100
2019-06-28 09:33:14.737762651,100064,214,100032,100,100065,214,100007,214,100067,214,100004,214,100075,214,99978,214,100076,300,99963,214,100078,100,99960,100,100086,200,99959,100,100091,100,99956,100,100099,100,99955,100,100101,100,99954,200
2019-06-28 09:33:20.000000000,100064,558,100032,558,100065,100,100007,100,100067,100,100004,100,100075,100,99978,100,100076,300,99963,100,100078,100,99960,100,100086,200,99959,100,100091,100,99956,100,100099,100,99955,100,100101,100,99954,200
2019-06-28 09:33:30.000000000,100064,558,100032,558,100065,100,100007,100,100067,100,100004,100,100075,100,99978,100,100076,300,99963,100,100078,100,99960,100,100086,200,99959,100,100091,100,99956,100,100099,100,99955,100,100101,100,99954,200
2019-06-28 09:33:36.842063366,100064,558,100032,558,100065,100,100007,100,100067,100,100004,100,100075,100,99978,100,100076,300,99963,100,100078,100,99960,100,100086,200,99959,100,100091,100,99956,100,100099,100,99955,100,100101,100,99954,200
2019-06-28 09:33:40.000000000,100064,558,100032,558,100065,100,100007,100,100067,100,100004,100,100075,100,99978,100,100076,300,99963,100,100078,100,99960,100,100086,200,99959,100,100091,100,99956,100,100099,100,99955,100,100101,100,99954,200
2019-06-28 09:33:50.000000000,100064,214,100032,214,100065,214,100007,214,100067,214,100004,214,100075,214,99978,214,100076,300,99963,100,100078,100,99960,100,100086,200,99959,100,100091,100,99956,100,100099,100,99955,100,100101,100,99954,200
2019-06-28 09:34:00.000000000,100064,256,100032,256,100065,251,100007,251,100067,251,100004,251,100075,100,99978,100,100076,300,99963,100,100078,100,99960,100,100086,200,99959,100,100091,100,99956,100,100099,100,99955,100,100101,100,99954,200
2019-06-28 09:34:10.000000000,100064,192,100032,192,100065,192,100007,192,100067,192,100004,192,100075,192,99978,192,100076,392,99963,192,100078,100,99960,100,100086,200,99959,100,100091,100,99956,100,100099,100,99955,100,100101,100,99954,200
2019-06-28 09:34:12.876263004,100064,192,100032,192,100065,192,100007,192,100067,192,100004,192,100075,192,100003,100,100076,392,99978,192,100078,100,99963,192,100086,200,99960,100,100091,100,99959,100,100099,100,99956,100,100101,100,99955,100
2019-06-28 09:34:20.000000000,100064,329,100032,329,100065,329,100007,329,100067,100,100004,100,100075,100,100003,100,100076,300,99978,100,100078,100,99963,100,100086,200,99960,100,100091,100,99959,100,100099,100,99956,100,100101,100,99955,100
2019-06-28 09:34:30.000000000,100064,329,100032,329,100065,329,100007,329,100067,100,100004,100,100075,100,100003,100,100076,300,99978,100,100078,100,99963,100,100086,200,99960,100,100091,100,99959,100,100099,100,99956,100,100101,100,99955,100
2019-06-28 09:34:40.000000000,100064,558,100032,558,100065,100,100007,100,100067,100,100004,100,100075,100,100003,100,100076,300,99978,100,100078,100,99963,100,100086,200,99960,100,100091,100,99959,100,100099,100,99956,100,100101,100,99955,100
2019-06-28 09:34:45.611974916,100064,458,100032,558,100065,100,100007,100,100067,100,100004,100,100075,100,100003,100,100076,300,99978,100,100078,100,99963,100,100086,200,99960,100,100091,100,99959,100,100099,100,99956,100,100101,100,99955,100
2019-06-28 09:34:45.757497183,100064,458,100047,100,100065,100,100032,558,100067,100,100007,100,100075,100,100004,100,100076,300,100003,100,100078,100,99978,100,100086,200,99963,100,100091,100,99960,100,100099,100,99959,100,100101,100,99956,100
2019-06-28 09:34:50.000000000,100065,192,100047,192,100067,192,100032,192,100075,192,100007,192,100076,392,100004,192,100078,192,100003,192,100086,200,99978,100,100091,100,99963,100,100099,100,99960,100,100101,100,99959,100,100112,100,99956,100
2019-06-28 09:34:59.229343692,100065,192,100050,100,100067,92,100047,192,100075,192,100032,192,100076,392,100007,192,100078,192,100004,192,100086,200,100003,192,100091,100,99978,100,100099,100,99963,100,100101,100,99960,100,100112,100,99959,100
2019-06-28 09:35:00.000000000,100065,558,100050,558,100075,100,100047,100,100076,300,100032,100,100078,100,100007,100,100086,200,100004,100,100091,100,100003,100,100099,100,99978,100,100101,100,99963,100,100112,100,99960,100,100115,100,99959,100
2019-06-28 09:35:10.000000000,100065,329,100050,329,100075,329,100047,329,100076,300,100032,100,100078,100,100007,100,100086,200,100004,100,100091,100,100003,100,100099,100,99978,100,100101,100,99963,100,100112,100,99960,100,100115,100,99959,100
2019-06-28 09:35:20.000000000,100065,558,100050,558,100075,100,100047,100,100076,300,100032,100,100078,100,100007,100,100086,200,100004,100,100091,100,100003,100,100099,100,99978,100,100101,100,99963,100,100112,100,99960,100,100115,100,99959,100
2019-06-28 09:35:21.717615873,100065,558,100050,558,100075,100,100047,100,100076,300,100032,100,100078,100,100007,100,100086,200,100004,100,100091,100,100003,100,100099,100,99978,100,100101,100,99963,100,100112,100,99960,100,100115,100,99959,100
2019-06-28 09:35:30.000000000,100065,329,100050,329,100075,329,100047,329,100076,300,100032,100,100078,100,100007,100,100086,200,100004,100,100091,100,100003,100,100099,100,99978,100,100101,100,99963,100,100112,100,99960,100,100115,100,99959,100
2019-06-28 09:35:40.000000000,100065,329,100050,329,100075,329,100047,329,100076,300,100032,100,100078,100,100007,100,100086,200,100004,100,100091,100,100003,100,100099,100,99978,100,100101,100,99963,100,100112,100,99960,100,100115,100,99959,100
2019-06-28 09:35:41.762931573,100065,229,100050,329,100075,329,100047,329,100076,300,100032,100,100078,100,100007,100,100086,200,100004,100,100091,100,100003,100,100099,100,99978,100,100101,100,99963,100,100112,100,99960,100,100115,100,99959,100
2019-06-28 09:35:50.000000000,100075,192,100050,192,100076,392,100047,192,100078,192,100032,192,100086,292,100007,192,100091,192,100004,192,100099,100,100003,100,100101,100,99978,100,100112,100,99963,100,100115,100,99960,100,100119,100,99959,100
2019-06-28 09:36:00.000000000,100075,256,100050,256,100076,451,100047,251,100078,251,100032,251,100086,200,100007,100,100091,100,100004,100,100099,100,100003,100,100101,100,99978,100,100112,100,99963,100,100115,100,99960,100,100119,100,99959,100
2019-06-28 09:36:03.691196023,100075,256,100050,256,100076,451,100047,251,100078,251,100032,251,100086,200,100007,100,100091,100,100004,100,100099,100,100003,100,100101,100,99978,100,100112,100,99963,100,100115,100,99960,100,100119,100,99959,100
2019-06-28 09:36:10.000000000,100075,558,100050,558,100076,300,100047,100,100078,100,100032,100,100086,200,100007,100,100091,100,100004,100,100099,100,100003,100,100101,100,99978,100,100112,100,99963,100,100115,100,99960,100,100119,100,99959,100
2019-06-28 09:36:10.448454464,100075,558,100050,558,100076,300,100047,100,100078,100,100032,100,100086,200,100007,100,100091,100,100004,100,100099,100,100003,100,100101,100,99978,100,100112,100,99963,100,100115,100,99960,100,100119,100,99959,100
2019-06-28 09:36:20.000000000,100075,558,100050,558,100076,300,100047,100,100078,100,100032,100,100086,200,100007,100,100091,100,100004,100,100099,100,100003,100,100101,100,99978,100,100112,100,99963,100,100115,100,99960,100,100119,100,99959,100
2019-06-28 09:36:30.000000000,100075,329,100050,329,100076,529,100047,329,100078,100,100032,100,100086,200,100007,100,100091,100,100004,100,100099,100,100003,100,100101,100,99978,100,100112,100,99963,100,100115,100,99960,100,100119,100,99959,100
2019-06-28 09:36:40.000000000,100075,192,100050,192,100076,392,100047,192,100078,192,100032,192,100086,292,100007,192,100091,192,100004,192,100099,100,100003,100,100101,100,99978,100,100112,100,99963,100,100115,100,99960,100,100119,100,99959,100
2019-06-28 09:36:50.000000000,100075,214,100050,214,100076,414,100047,214,100078,214,100032,214,100086,314,100007,214,100091,100,100004,100,100099,100,100003,100,100101,100,99978,100,100112,100,99963,100,100115,100,99960,100,100119,100,99959,100
2019-06-28 09:37:00.000000000,100075,256,100050,256,100076,451,100047,251,100078,251,100032,251,100086,200,100007,100,100091,100,100004,100,100099,100,100003,100,100101,100,99978,100,100112,100,99963,100,100115,100,99960,100,100119,100,99959,100
2019-06-28 09:37:01.593995713,100075,156,100050,256,100076,451,100047,251,100078,251,100032,251,100086,200,100007,100,100091,100,100004,100,100099,100,100003,100,100101,100,99978,100,100112,100,99963,100,100115,100,99960,100,100119,100,99959,100
2019-06-28 09:37:08.454121242,100075,56,100050,256,100076,451,100047,251,100078,251,100032,251,100086,200,100007,100,100091,100,100004,100,100099,100,100003,100,100101,100,99978,100,100112,100,99963,100,100115,100,99960,100,100119,100,99959,100
2019-06-28 09:37:10.000000000,100076,529,100050,329,100078,329,100047,329,100086,200,100032,100,100091,100,100007,100,100099,100,100004,100,100101,100,100003,100,100112,100,99978,100,100115,100,99963,100,100119,100,99960,100,100144,100,99959,100
2019-06-28 09:37:13.945742550,100076,529,100050,329,100078,329,100047,329,100086,200,100032,100,100099,100,100007,100,100101,100,100004,100,100112,100,100003,100,100115,100,99978,100,100119,100,99963,100,100144,100,99960,100,100151,100,99959,100
2019-06-28 09:37:16.602708701,100076,529,100075,100,100078,329,100050,329,100086,200,100047,329,100099,100,100032,100,100101,100,100007,100,100112,100,100004,100,100115,100,100003,100,100119,100,99978,100,100144,100,99963,100,100151,100,99960,100
2019-06-28 09:37:20.000000000,100076,456,100075,256,100078,251,100050,251,100086,351,100047,251,100099,100,100032,100,100101,100,100007,100,100112,100,100004,100,100115,100,100003,100,100119,100,99978,100,100144,100,99963,100,100151,100,99960,100
2019-06-28 09:37:30.000000000,100076,758,100075,558,100078,100,100050,100,100086,200,100047,100,100099,100,100032,100,100101,100,100007,100,100112,100,100004,100,100115,100,100003,100,100119,100,99978,100,100144,100,99963,100,100151,100,99960,100
2019-06-28 09:37:40.000000000,100076,392,100075,192,100078,192,100050,192,100086,292,100047,192,100099,192,100032,192,100101,192,100007,192,100112,100,100004,100,100115,100,100003,100,100119,100,99978,100,100144,100,99963,100,100151,100,99960,100
2019-06-28 09:37:50.000000000,100076,414,100075,214,100078,214,100050,214,100086,314,100047,214,100099,214,100032,214,100101,100,100007,100,100112,100,100004,100,100115,100,100003,100,100119,100,99978,100,100144,100,99963,100,100151,100,99960,100
2019-06-28 09:38:00.000000000,100076,392,100075,192,100078,192,100050,192,100086,292,100047,192,100099,192,100032,192,100101,192,100007,192,100112,100,100004,100,100115,100,100003,100,100119,100,99978,100,100144,100,99963,100,100151,100,99960,100
2019-06-28 09:38:09.727811107,100076,292,100075,192,100078,192,100050,192,100086,192,100047,192,100099,192,100032,192,100101,192,100007,192,100112,100,100004,100,100115,100,100003,100,100119,100,99978,100,100144,100,99963,100,100151,100,99960,100
2019-06-28 09:38:10.000000000,100076,292,100075,192,100078,192,100050,192,100086,192,100047,192,100099,192,100032,192,100101,192,100007,192,100112,100,100004,100,100115,100,100003,100,100119,100,99978,100,100144,100,99963,100,100151,100,99960,100
2019-06-28 09:38:14.212547849,100076,292,100075,192,100078,92,100050,192,100086,192,100047,192,100099,192,100032,192,100101,192,100007,192,100112,100,100004,100,100115,100,100003,100,100119,100,99978,100,100144,100,99963,100,100151,100,99960,100
2019-06-28 09:38:20.000000000,100076,292,100075,192,100086,192,100050,192,100099,192,100047,192,100101,192,100032,192,100112,192,100007,192,100115,100,100004,100,100119,100,100003,100,100144,100,99978,100,100151,100,99963,100,100245,100,99960,100
2019-06-28 09:38:20.595508968,100076,192,100075,192,100086,192,100050,192,100099,192,100047,192,100101,192,100032,192,100112,192,100007,192,100115,100,100004,100,100119,100,100003,100,100144,100,99978,100,100151,100,99963,100,100245,100,99960,100
2019-06-28 09:38:23.746368684,100076,92,100075,192,100086,192,100050,192,100099,192,100047,192,100101,192,100032,192,100112,192,100007,192,100115,100,100004,100,100119,100,100003,100,100144,100,99978,100,100151,100,99963,100,100245,100,99960,100
2019-06-28 09:38:30.000000000,100086,329,100075,329,100099,329,100050,329,100101,100,100047,100,100112,100,100032,100,100115,100,100007,100,100119,100,100004,100,100144,100,100003,100,100151,100,99978,100,100245,100,99963,100,100251,100,99960,100
2019-06-28 09:38:36.692998620,100086,329,100075,329,100099,329,100050,329,100101,100,100047,100,100112,100,100032,100,100115,100,100007,100,100119,100,100004,100,100144,100,100003,100,100151,100,99978,100,100245,100,99963,100,100251,100,99960,100
2019-06-28 09:38:40.000000000,100086,558,100075,558,100099,100,100050,100,100101,100,100047,100,100112,100,100032,100,100115,100,100007,100,100119,100,100004,100,100144,100,100003,100,100151,100,99978,100,100245,100,99963,100,100251,100,99960,100
2019-06-28 09:38:50.000000000,100086,256,100075,256,100099,251,100050,251,100101,251,100047,251,100112,100,100032,100,100115,100,100007,100,100119,100,100004,100,100144,100,100003,100,100151,100,99978,100,100245,100,99963,100,100251,100,99960,100
2019-06-28 09:39:00.000000000,100086,558,100075,558,100099,100,100050,100,100101,100,100047,100,100112,100,100032,100,100115,100,100007,100,100119,100,100004,100,100144,100,100003,100,100151,100,99978,100,100245,100,99963,100,100251,100,99960,100
2019-06-28 09:39:10.000000000,100086,256,100075,256,100099,251,100050,251,100101,251,100047,251,100112,100,100032,100,100115,100,100007,100,100119,100,100004,100,100144,100,100003,100,100151,100,99978,100,100245,100,99963,100,100251,100,99960,100
2019-06-28 09:39:10.154126066,100086,256,100075,156,100099,251,100050,251,100101,251,100047,151,100112,100,100032,100,100115,100,100007,100,100119,100,100004,100,100144,100,100003,100,100151,100,99978,100,100245,100,99963,100,100251,100,99960,100
2019-06-28 09:39:20.000000000,100086,329,100050,329,100099,329,100032,329,100101,100,100007,100,100112,100,100004,100,100115,100,100003,100,100119,100,99978,100,100144,100,99963,100,100151,100,99960,100,100245,100,99959,100,100251,100,99956,100
2019-06-28 09:39:20.956531244,100086,329,100050,229,100099,329,100032,329,100101,100,100007,100,100112,100,100004,100,100115,100,100003,100,100119,100,99978,100,100144,100,99963,100,100151,100,99960,100,100245,100,99959,100,100251,100,99956,100
2019-06-28 09:39:23.099936685,100086,229,100050,229,100099,329,100032,329,100101,100,100007,100,100112,100,100004,100,100115,100,100003,100,100119,100,99978,100,100144,100,99963,100,100151,100,99960,100,100245,100,99959,100,100251,100,99956,100
2019-06-28 09:39:30.000000000,100099,329,100032,329,100101,329,100007,329,100112,100,100004,100,100115,100,100003,100,100119,100,99978,100,100144,100,99963,100,100151,100,99960,100,100245,100,99959,100,100251,100,99956,100,100273,100,99955,100
2019-06-28 09:39:40.000000000,100099,214,100032,214,100101,214,100007,214,100112,214,100004,214,100115,214,100003,214,100119,100,99978,100,100144,100,99963,100,100151,100,99960,100,100245,100,99959,100,100251,100,99956,100,100273,100,99955,100
2019-06-28 09:39:50.000000000,100099,256,100032,256,100101,251,100007,251,100112,251,100004,251,100115,100,100003,100,100119,100,99978,100,100144,100,99963,100,100151,100,99960,100,100245,100,99959,100,100251,100,99956,100,100273,100,99955,100
2019-06-28 09:40:00.000000000,100099,329,100032,329,100101,329,100007,329,100112,100,100004,100,100115,100,100003,100,100119,100,99978,100,100144,100,99963,100,100151,100,99960,100,100245,100,99959,100,100251,100,99956,100,100273,100,99955,100
2019-06-28 09:40:03.905676883,100099,329,100051,100,100101,329,100032,329,100112,100,100007,329,100115,100,100004,100,100119,100,100003,100,100144,100,99978,100,100151,100,99963,100,100245,100,99960,100,100251,100,99959,100,100273,100,99956,100
2019-06-28 09:40:10.000000000,100099,192,100051,192,100101,192,100032,192,100112,192,100007,192,100115,192,100004,192,100119,192,100003,192,100144,100,99978,100,100151,100,99963,100,100245,100,99960,100,100251,100,99959,100,100273,100,99956,100
2019-06-28 09:40:20.000000000,100099,192,100051,192,100101,192,100032,192,100112,192,100007,192,100115,192,100004,192,100119,192,100003,192,100144,100,99978,100,100151,100,99963,100,100245,100,99960,100,100251,100,99959,100,100273,100,99956,100
2019-06-28 09:40:30.000000000,100099,214,100051,214,100101,214,100032,214,100112,214,100007,214,100115,214,100004,214,100119,100,100003,100,100144,100,99978,100,100151,100,99963,100,100245,100,99960,100,100251,100,99959,100,100273,100,99956,100
2019-06-28 09:40:31.317639042,100099,114,100051,214,100101,214,100032,214,100112,214,100007,214,100115,214,100004,214,100119,100,100003,100,100144,100,99978,100,100151,100,99960,100,100245,100,99959,100,100251,100,99956,100,100273,100,99955,100
2019-06-28 09:40:40.000000000,100101,329,100051,329,100112,329,100032,329,100115,100,100007,100,100119,100,100004,100,100144,100,100003,100,100151,100,99978,100,100245,100,99960,100,100251,100,99959,100,100273,100,99956,100,100423,100,99955,100
2019-06-28 09:40:47.451730434,100101,229,100051,329,100112,329,100032,329,100115,100,100007,100,100119,100,100004,100,100144,100,100003,100,100151,100,99978,100,100245,100,99959,100,100251,100,99956,100,100273,100,99955,100,100423,100,99954,100
2019-06-28 09:40:48.296284411,100101,229,100051,329,100112,329,100032,329,100115,100,100007,100,100119,100,100004,100,100144,100,100003,100,100151,100,99959,100,100245,100,99956,100,100251,100,99955,100,100273,100,99954,100,100423,100,99935,300
2019-06-28 09:40:50.000000000,100112,256,100051,256,100115,251,100032,251,100119,251,100007,251,100144,100,100004,100,100151,100,100003,100,100245,100,99959,100,100251,100,99956,100,100273,100,99955,100,100423,100,99954,100,100467,100,99935,300
2019-06-28 09:41:00.000000000,100112,329,100051,329,100115,329,100032,329,100119,100,100007,100,100144,100,100004,100,100151,100,100003,100,100245,100,99959,100,100251,100,99956,100,100273,100,99955,100,100423,100,99954,100,100467,100,99935,300
2019-06-28 09:41:10.000000000,100112,558,100051,558,100115,100,100032,100,100119,100,100007,100,100144,100,100004,100,100151,100,100003,100,100245,100,99959,100,100251,100,99956,100,100273,100,99955,100,100423,100,99954,100,100467,100,99935,300
2019-06-28 09:41:13.072414521,100112,558,100099,100,100115,100,100051,558,100119,100,100032,100,100144,100,100007,100,100151,100,100004,100,100245,100,100003,100,100251,100,99959,100,100273,100,99956,100,100423,100,99955,100,100467,100,99954,100
2019-06-28 09:41:20.000000000,100112,256,100099,256,100115,251,100051,251,100119,251,100032,251,100144,100,100007,100,100151,100,100004,100,100245,100,100003,100,100251,100,99959,100,100273,100,99956,100,100423,100,99955,100,100467,100,99954,100
2019-06-28 09:41:30.000000000,100112,256,100099,256,100115,251,100051,251,100119,251,100032,251,100144,100,100007,100,100151,100,100004,100,100245,100,100003,100,100251,100,99959,100,100273,100,99956,100,100423,100,99955,100,100467,100,99954,100
2019-06-28 09:41:40.000000000,100112,214,100099,214,100115,214,100051,214,100119,214,100032,214,100144,214,100007,214,100151,100,100004,100,100245,100,100003,100,100251,100,99959,100,100273,100,99956,100,100423,100,99955,100,100467,100,99954,100
2019-06-28 09:41:50.000000000,100112,558,100099,558,100115,100,100051,100,100119,100,100032,100,100144,100,100007,100,100151,100,100004,100,100245,100,100003,100,100251,100,99959,100,100273,100,99956,100,100423,100,99955,100,100467,100,99954,100
2019-06-28 09:41:50.675168130,100112,458,100099,558,100115,100,100051,100,100119,100,100032,100,100144,100,100007,100,100151,100,100004,100,100245,100,100003,100,100251,100,99959,100,100273,100,99956,100,100423,100,99955,100,100467,100,99954,100
2019-06-28 09:41:56.272771891,100112,458,100099,558,100115,100,100051,100,100119,100,100032,100,100144,100,100007,100,100151,100,100004,100,100245,100,100003,100,100251,100,99959,100,100273,100,99956,100,100423,100,99955,100,100467,100,99954,100
2019-06-28 09:42:00.000000000,100115,256,100099,256,100119,251,100051,251,100144,251,100032,251,100151,100,100007,100,100245,100,100004,100,100251,100,100003,100,100273,100,99959,100,100423,100,99956,100,100467,100,99955,100,100485,100,99954,100
2019-06-28 09:42:10.000000000,100115,192,100099,192,100119,192,100051,192,100144,192,100032,192,100151,192,100007,192,100245,192,100004,192,100251,100,100003,100,100273,100,99959,100,100423,100,99956,100,100467,100,99955,100,100485,100,99954,100
2019-06-28 09:42:11.927000390,100115,92,100099,192,100119,192,100051,192,100144,192,100032,192,100151,192,100007,192,100245,192,100004,192,100251,100,100003,100,100273,100,99959,100,100423,100,99956,100,100467,100,99955,100,100485,100,99954,100
2019-06-28 09:42:15.345975326,100115,92,100099,192,100119,192,100051,192,100144,192,100032,192,100151,192,100007,192,100245,192,100004,192,100251,100,100003,100,100273,100,99959,100,100423,100,99956,100,100467,100,99955,100,100485,100,99954,100
2019-06-28 09:42:19.989964022,100119,192,100115,8,100144,192,100099,192,100151,192,100051,192,100245,192,100032,192,100251,100,100007,192,100273,100,100004,192,100467,100,100003,100,100485,100,99959,100,100696,100,99956,100,100699,100,99955,100
2019-06-28 09:42:20.000000000,100119,329,100115,237,100144,329,100099,329,100151,100,100051,100,100245,100,100032,100,100251,100,100007,100,100273,100,100004,100,100467,100,100003,100,100485,100,99959,100,100696,100,99956,100,100699,100,99955,100
2019-06-28 09:42:23.473934260,100119,329,100115,237,100144,329,100099,329,100151,100,100051,100,100245,100,100032,100,100251,100,100007,100,100273,100,100004,100,100467,100,100003,100,100485,100,99959,100,100696,100,99956,100,100699,100,99955,100
2019-06-28 09:42:30.000000000,100119,329,100115,237,100144,329,100099,329,100151,100,100051,100,100245,100,100032,100,100251,100,100007,100,100273,100,100004,100,100467,100,100003,100,100485,100,99959,100,100696,100,99956,100,100699,100,99955,100
2019-06-28 09:42:40.000000000,100119,558,100115,466,100144,100,100099,100,100151,100,100051,100,100245,100,100032,100,100251,100,100007,100,100273,100,100004,100,100467,100,100003,100,100485,100,99959,100,100696,100,99956,100,100699,100,99955,100
2019-06-28 09:42:45.729449744,100119,558,100115,466,100144,100,100099,100,100151,100,100051,100,100245,100,100032,100,100251,100,100007,100,100273,100,100004,100,100467,100,100003,100,100485,100,99959,100,100696,100,99956,100,100699,100,99955,100
2019-06-28 09:42:50.000000000,100119,329,100115,237,100144,329,100099,329,100151,100,100051,100,100245,100,100032,100,100251,100,100007,100,100273,100,100004,100,100467,100,100003,100,100485,100,99959,100,100696,100,99956,100,100699,100,99955,100
2019-06-28 09:43:00.000000000,100119,192,100115,100,100144,192,100099,192,100151,192,100051,192,100245,192,100032,192,100251,192,100007,192,100273,100,100004,100,100467,100,100003,100,100485,100,99959,100,100696,100,99956,100,100699,100,99955,100
2019-06-28 09:43:10.000000000,100119,214,100115,122,100144,214,100099,214,100151,214,100051,214,100245,214,100032,214,100251,100,100007,100,100273,100,100004,100,100467,100,100003,100,100485,100,99959,100,100696,100,99956,100,100699,100,99955,100
2019-06-28 09:43:12.627607236,100119,214,100115,222,100144,214,100099,214,100151,214,100051,214,100245,214,100032,214,100251,100,100007,100,100273,100,100004,100,100467,100,100003,100,100485,100,99959,100,100696,100,99956,100,100699,100,99955,100
2019-06-28 09:43:20.000000000,100119,329,100115,337,100144,329,100099,329,100151,100,100051,100,100245,100,100032,100,100251,100,100007,100,100273,100,100004,100,100467,100,100003,100,100485,100,99959,100,100696,100,99956,100,100699,100,99955,100
2019-06-28 09:43:22.987144409,100119,229,100115,337,100144,329,100099,329,100151,100,100051,100,100245,100,100032,100,100251,100,100007,100,100273,100,100004,100,100467,100,100003,100,100696,100,99959,100,100699,100,99956,100,101107,100,99955,100
2019-06-28 09:43:30.000000000,100144,256,100115,264,100151,251,100099,251,100245,251,100051,251,100251,100,100032,100,100273,100,100007,100,100467,100,100004,100,100696,100,100003,100,100699,100,99959,100,101107,100,99956,100,101267,100,99955,100
2019-06-28 09:43:40.000000000,100144,192,100115,200,100151,192,100099,192,100245,192,100051,192,100251,192,100032,192,100273,192,100007,192,100467,100,100004,100,100696,100,100003,100,100699,100,99959,100,101107,100,99956,100,101267,100,99955,100
2019-06-28 09:43:44.981667085,100144,192,100116,100,100151,192,100115,100,100245,192,100099,192,100251,192,100051,192,100273,192,100032,192,100467,100,100007,192,100696,100,100004,100,100699,100,100003,100,101107,100,99959,100,101267,100,99956,100
2019-06-28 09:43:50.000000000,100144,214,100116,214,100151,214,100115,122,100245,214,100099,214,100251,214,100051,214,100273,100,100032,100,100467,100,100007,100,100696,100,100004,100,100699,100,100003,100,101107,100,99959,100,101267,100,99956,100
2019-06-28 09:44:00.000000000,100144,329,100116,329,100151,329,100115,237,100245,100,100099,100,100251,100,100051,100,100273,100,100032,100,100467,100,100007,100,100696,100,100004,100,100699,100,100003,100,101107,100,99959,100,101267,100,99956,100
2019-06-28 09:44:10.000000000,100144,558,100116,558,100151,100,100115,8,100245,100,100099,100,100251,100,100051,100,100273,100,100032,100,100467,100,100007,100,100696,100,100004,100,100699,100,100003,100,101107,100,99959,100,101267,100,99956,100
2019-06-28 09:44:20.000000000,100144,329,100116,329,100151,329,100115,237,100245,100,100099,100,100251,100,100051,100,100273,100,100032,100,100467,100,100007,100,100696,100,100004,100,100699,100,100003,100,101107,100,99959,100,101267,100,99956,100
2019-06-28 09:44:30.000000000,100144,558,100116,558,100151,100,100115,8,100245,100,100099,100,100251,100,100051,100,100273,100,100032,100,100467,100,100007,100,100696,100,100004,100,100699,100,100003,100,101107,100,99959,100,101267,100,99956,100
2019-06-28 09:44:31.159149585,100144,458,100116,558,100151,100,100115,8,100245,100,100099,100,100251,100,100051,100,100273,100,100032,100,100467,100,100007,100,100696,100,100004,100,100699,100,100003,100,101107,100,99959,100,101267,100,99956,100
2019-06-28 09:44:40.000000000,100151,256,100116,256,100245,251,100115,159,100251,251,100099,251,100273,100,100051,100,100467,100,100032,100,100696,100,100007,100,100699,100,100004,100,101107,100,100003,100,101267,100,99959,100,101346,100,99956,100
2019-06-28 09:44:45.135137522,100151,156,100116,256,100245,251,100115,159,100251,251,100099,251,100273,100,100051,100,100467,100,100032,100,100696,100,100007,100,100699,100,100004,100,101107,100,100003,100,101267,100,99956,100,101346,100,99955,100
2019-06-28 09:44:50.000000000,100245,214,100116,214,100251,214,100115,122,100273,214,100099,214,100467,214,100051,214,100696,100,100032,100,100699,100,100007,100,101107,100,100004,100,101267,100,100003,100,101346,100,99956,100,101367,100,99955,100
2019-06-28 09:44:52.809513371,100245,114,100116,214,100251,214,100115,122,100273,214,100099,214,100467,214,100051,214,100696,100,100032,100,101107,100,100007,100,101267,100,100004,100,101346,100,100003,100,101367,100,99956,100,101498,100,99955,100
2019-06-28 09:44:52.957589086,100245,14,100116,214,100251,214,100115,122,100273,214,100099,214,100467,214,100051,214,100696,100,100032,100,101107,100,100007,100,101267,100,100004,100,101346,100,100003,100,101367,100,99956,100,101498,100,99955,100
2019-06-28 09:44:54.046305193,100245,14,100116,214,100251,214,100115,122,100273,214,100099,214,100467,214,100051,214,100696,100,100032,100,101107,100,100007,100,101267,100,100004,100,101367,100,100003,100,101498,100,99956,100,101763,100,99955,100
2019-06-28 09:45:00.000000000,100251,329,100116,329,100273,329,100115,237,100467,100,100099,100,100696,100,100051,100,101107,100,100032,100,101267,100,100007,100,101367,100,100004,100,101498,100,100003,100,101763,100,99956,100,,,99955,100
2019-06-28 09:45:00.723974421,100251,329,100245,100,100273,329,100116,329,100467,100,100115,237,100696,100,100099,100,101107,100,100051,100,101267,100,100032,100,101367,100,100007,100,101498,100,100004,100,101763,100,100003,100,,,99956,100
2019-06-28 09:45:10.000000000,100251,558,100245,558,100273,100,100116,100,100467,100,100115,8,100696,100,100099,100,101107,100,100051,100,101267,100,100032,100,101367,100,100007,100,101498,100,100004,100,101763,100,100003,100,,,99956,100
2019-06-28 09:45:20.000000000,100251,214,100245,214,100273,214,100116,214,100467,214,100115,122,100696,214,100099,214,101107,100,100051,100,101267,100,100032,100,101367,100,100007,100,101498,100,100004,100,101763,100,100003,100,,,99956,100
2019-06-28 09:45:30.000000000,100251,214,100245,214,100273,214,100116,214,100467,214,100115,122,100696,214,100099,214,101107,100,100051,100,101267,100,100032,100,101367,100,100007,100,101498,100,100004,100,101763,100,100003,100,,,99956,100
2019-06-28 09:45:35.224150331,100251,214,100245,214,100273,214,100116,214,100467,214,100115,122,100696,214,100099,214,101107,100,100051,100,101267,100,100032,100,101367,100,100007,100,101498,100,100004,100,101695,100,100003,100,101763,100,99956,100
2019-06-28 09:45:35.929637591,100251,214,100245,214,100273,214,100116,214,100467,214,100115,122,100696,214,100099,214,101107,100,100051,100,101267,100,100032,100,101367,100,100007,100,101498,100,100004,100,101671,100,100003,100,101763,100,99956,100
2019-06-28 09:45:38.611300754,100251,114,100245,214,100273,214,100116,214,100467,214,100115,122,100696,214,100099,214,101267,100,100051,100,101367,100,100032,100,101498,100,100007,100,101671,100,100004,100,101763,100,100003,100,,,99956,100
2019-06-28 09:45:40.000000000,100273,214,100245,214,100467,214,100116,214,100696,214,100115,122,101267,214,100099,214,101367,100,100051,100,101498,100,100032,100,101671,100,100007,100,101763,100,100004,100,,,100003,100,,,99956,100
2019-06-28 09:45:50.000000000,100273,214,100245,214,100467,214,100116,214,100696,214,100115,122,101267,214,100099,214,101367,100,100051,100,101498,100,100032,100,101671,100,100007,100,101763,100,100004,100,,,100003,100,,,99956,100
2019-06-28 09:45:55.368514556,100273,14,100245,214,100467,214,100116,214,100696,214,100115,122,101267,214,100099,214,101367,100,100051,100,101498,100,100032,100,101671,100,100007,100,101763,100,100004,100,,,100003,100,,,99956,100
2019-06-28 09:46:00.000000000,100467,256,100245,256,100696,251,100116,251,101267,251,100115,159,101367,100,100099,100,101498,100,100051,100,101671,100,100032,100,101763,100,100007,100,,,100004,100,,,100003,100,,,99956,100
2019-06-28 09:46:00.461163665,100467,256,100245,256,100696,251,100116,251,101267,251,100115,159,101367,100,100099,100,101498,100,100051,100,101671,100,100032,100,101763,100,100007,100,,,100004,100,,,100003,100,,,99956,100
2019-06-28 09:46:10.000000000,100467,214,100245,214,100696,214,100116,214,101267,214,100115,122,101367,214,100099,214,101498,100,100051,100,101671,100,100032,100,101763,100,100007,100,,,100004,100,,,100003,100,,,99956,100
2019-06-28 09:46:11.104343292,100467,214,100245,214,100696,214,100116,214,101267,214,100115,122,101367,214,100099,214,101407,100,100051,100,101498,100,100032,100,101671,100,100007,100,101763,100,100004,100,,,100003,100,,,99956,100
2019-06-28 09:46:12.170350958,100467,114,100245,214,100696,214,100116,214,101267,214,100115,122,101367,214,100099,214,101407,100,100051,100,101498,100,100032,100,101671,100,100007,100,101763,100,100004,100,,,100003,100,,,99956,100
2019-06-28 09:46:20.000000000,100696,558,100245,558,101267,100,100116,100,101367,100,100115,8,101407,100,100099,100,101498,100,100051,100,101671,100,100032,100,101763,100,100007,100,,,100004,100,,,100003,100,,,99956,100
2019-06-28 09:46:30.000000000,100696,214,100245,214,101267,214,100116,214,101367,214,100115,122,101407,214,100099,214,101498,100,100051,100,101671,100,100032,100,101763,100,100007,100,,,100004,100,,,100003,100,,,99956,100
2019-06-28 09:46:40.000000000,100696,329,100245,329,101267,329,100116,329,101367,100,100115,8,101407,100,100099,100,101498,100,100051,100,101671,100,100032,100,101763,100,100007,100,,,100004,100,,,100003,100,,,99956,100
2019-06-28 09:46:42.984081214,100696,329,100273,100,101267,329,100245,329,101367,100,100116,329,101407,100,100115,8,101498,100,100099,100,101671,100,100051,100,101763,100,100032,100,,,100007,100,,,100004,100,,,100003,100
2019-06-28 09:46:48.312483211,100696,229,100273,100,101267,329,100245,329,101367,100,100116,329,101407,100,100115,8,101498,100,100099,100,101671,100,100051,100,,,100032,100,,,100007,100,,,100004,100,,,100003,100
2019-06-28 09:46:50.000000000,101267,329,100273,329,101367,329,100245,329,101407,100,100116,100,101498,100,100115,8,101671,100,100099,100,,,100051,100,,,100032,100,,,100007,100,,,100004,100,,,100003,100
2019-06-28 09:46:51.517085045,101267,329,100467,100,101367,329,100273,329,101407,100,100245,329,101498,100,100116,100,101671,100,100115,8,,,100099,100,,,100051,100,,,100032,100,,,100004,100,,,100003,100
2019-06-28 09:46:55.654129351,101267,329,100467,100,101367,329,100273,329,101407,100,100245,329,101470,100,100116,100,101498,100,100115,8,101671,100,100099,100,,,100051,100,,,100032,100,,,100004,100,,,100003,100
2019-06-28 09:46:59.938063772,101267,329,100467,200,101367,329,100273,329,101407,100,100245,329,101470,100,100116,100,101498,100,100115,8,101671,100,100099,100,,,100051,100,,,100032,100,,,100004,100,,,100003,100
2019-06-28 09:47:00.000000000,101267,558,100467,658,101367,100,100273,100,101407,100,100245,100,101470,100,100116,100,101498,100,100115,8,101671,100,100099,100,,,100051,100,,,100032,100,,,100004,100,,,100003,100
2019-06-28 09:47:06.347994915,101267,558,100467,658,101367,100,100273,100,101407,100,100245,100,101470,100,100116,100,101498,100,100099,100,101618,100,100051,100,101671,100,100032,100,,,100004,100,,,100003,100,,,99956,100
2019-06-28 09:47:10.000000000,101267,329,100467,429,101367,329,100273,329,101407,100,100245,100,101470,100,100116,100,101498,100,100099,100,101618,100,100051,100,101671,100,100032,100,,,100004,100,,,100003,100,,,99956,100
2019-06-28 09:47:17.023182084,101267,329,100467,429,101367,329,100273,329,101398,100,100245,100,101407,100,100116,100,101470,100,100099,100,101498,100,100051,100,101618,100,100032,100,101671,100,100004,100,,,100003,100,,,99956,100
2019-06-28 09:47:20.000000000,101267,256,100467,356,101367,251,100273,251,101398,251,100245,251,101407,100,100116,100,101470,100,100099,100,101498,100,100051,100,101618,100,100032,100,101671,100,100004,100,,,100003,100,,,99956,100
2019-06-28 09:47:26.074015077,101267,256,101039,100,101367,251,100467,356,101398,251,100273,251,101407,100,100245,251,101470,100,100116,100,101498,100,100099,100,101618,100,100051,100,101671,100,100032,100,,,100004,100,,,100003,100
2019-06-28 09:47:30.000000000,101267,558,101039,558,101367,100,100467,200,101398,100,100273,100,101407,100,100245,100,101470,100,100116,100,101498,100,100099,100,101618,100,100051,100,101671,100,100032,100,,,100004,100,,,100003,100
2019-06-28 09:47:40.000000000,101267,192,101039,192,101367,192,100467,292,101398,192,100273,192,101407,192,100245,192,101470,192,100116,192,101498,100,100099,100,101618,100,100051,100,101671,100,100032,100,,,100004,100,,,100003,100
2019-06-28 09:47:46.991177718,101267,192,101075,100,101367,192,101039,192,101398,192,100467,292,101407,192,100273,192,101470,192,100245,192,101498,100,100116,192,101618,100,100099,100,101671,100,100051,100,,,100032,100,,,100004,100
2019-06-28 09:47:47.093280688,101267,192,101075,100,101367,192,101039,192,101398,192,100467,292,101407,192,100273,192,101470,192,100245,192,101498,100,100116,192,101618,100,100099,100,101671,100,100051,100,,,100032,100,,,100004,100
2019-06-28 09:47:50.000000000,101267,192,101075,192,101367,192,101039,192,101398,192,100467,292,101407,192,100273,192,101470,192,100245,192,101498,100,100116,100,101618,100,100099,100,101671,100,100051,100,,,100032,100,,,100004,100
2019-06-28 09:48:00.000000000,101267,214,101075,214,101367,214,101039,214,101398,214,100467,314,101407,214,100273,214,101470,100,100245,100,101498,100,100116,100,101618,100,100099,100,101671,100,100051,100,,,100032,100,,,100004,100
2019-06-28 09:48:10.000000000,101267,214,101075,214,101367,214,101039,214,101398,214,100467,314,101407,214,100273,214,101470,100,100245,100,101498,100,100116,100,101618,100,100099,100,101671,100,100051,100,,,100032,100,,,100004,100
2019-06-28 09:48:14.070811900,101267,114,101075,214,101367,114,101039,214,101398,214,100467,314,101407,214,100273,214,101470,100,100245,100,101498,100,100116,100,101618,100,100099,100,101671,100,100051,100,,,100032,100,,,100004,100
2019-06-28 09:48:15.787049826,101267,14,101075,214,101367,114,101039,214,101398,214,100467,314,101407,214,100273,214,101470,100,100245,100,101498,100,100116,100,101618,100,100099,100,101671,100,100051,100,,,100032,100,,,100004,100
2019-06-28 09:48:20.000000000,101398,214,101075,214,101407,214,101039,214,101470,214,100467,314,101498,214,100273,214,101618,100,100245,100,101671,100,100116,100,,,100099,100,,,100051,100,,,100032,100,,,100004,100
2019-06-28 09:48:30.000000000,101398,329,101075,329,101407,329,101039,329,101470,100,100467,200,101498,100,100273,100,101618,100,100245,100,101671,100,100116,100,,,100099,100,,,100051,100,,,100032,100,,,100004,100
2019-06-28 09:48:40.000000000,101398,192,101075,192,101407,192,101039,192,101470,192,100467,292,101498,192,100273,192,101618,192,100245,192,101671,100,100116,100,,,100099,100,,,100051,100,,,100032,100,,,100004,100
2019-06-28 09:48:50.000000000,101398,192,101075,192,101407,192,101039,192,101470,192,100467,292,101498,192,100273,192,101618,192,100245,192,101671,100,100116,100,,,100099,100,,,100051,100,,,100032,100,,,100004,100
2019-06-28 09:49:00.000000000,101398,214,101075,214,101407,214,101039,214,101470,214,100467,314,101498,214,100273,214,101618,100,100245,100,101671,100,100116,100,,,100099,100,,,100051,100,,,100032,100,,,100004,100
2019-06-28 09:49:01.805532952,101266,100,101075,214,101398,214,101039,214,101407,214,100467,214,101470,214,100273,214,101498,214,100245,100,101618,100,100116,100,101671,100,100099,100,,,100051,100,,,100032,100,,,100004,100
2019-06-28 09:49:07.492030876,101140,100,101075,214,101266,100,101039,214,101398,214,100467,214,101407,214,100273,214,101470,214,100245,100,101498,214,100116,100,101618,100,100099,100,101671,100,100051,100,,,100032,100,,,100004,100
2019-06-28 09:49:10.000000000,101140,256,101075,256,101266,251,101039,251,101398,251,100467,251,101407,100,100273,100,101470,100,100245,100,101498,100,100116,100,101618,100,100099,100,101671,100,100051,100,,,100032,100,,,100004,100
2019-06-28 09:49:20.000000000,101140,192,101075,192,101266,192,101039,192,101398,192,100467,192,101407,192,100273,192,101470,192,100245,192,101498,100,100116,100,101618,100,100099,100,101671,100,100051,100,,,100032,100,,,100004,100
2019-06-28 09:49:30.000000000,101140,256,101075,256,101266,251,101039,251,101398,251,100467,251,101407,100,100273,100,101470,100,100245,100,101498,100,100116,100,101618,100,100099,100,101671,100,100051,100,,,100032,100,,,100004,100
2019-06-28 09:49:33.448603313,101140,256,101075,256,101190,100,101039,251,101266,251,100467,251,101398,251,100273,100,101407,100,100245,100,101470,100,100116,100,101498,100,100099,100,101618,100,100051,100,101671,100,100032,100,,,99956,100
2019-06-28 09:49:40.000000000,101140,256,101075,256,101190,251,101039,251,101266,251,100467,251,101398,100,100273,100,101407,100,100245,100,101470,100,100116,100,101498,100,100099,100,101618,100,100051,100,101671,100,100032,100,,,99956,100
2019-06-28 09:49:48.541456521,101140,156,101075,256,101190,251,101039,251,101266,251,100467,251,101398,100,100273,100,101407,100,100245,100,101470,100,100116,100,101498,100,100099,100,101618,100,100051,100,101671,100,100032,100,,,99956,100
2019-06-28 09:49:50.000000000,101190,256,101075,256,101266,251,101039,251,101398,251,100467,251,101407,100,100273,100,101470,100,100245,100,101498,100,100116,100,101618,100,100099,100,101671,100,100051,100,,,100032,100,,,99956,100
2019-06-28 09:49:52.427594703,101190,256,101140,100,101266,251,101075,256,101398,251,101039,251,101407,100,100467,251,101470,100,100273,100,101498,100,100245,100,101618,100,100116,100,101671,100,100099,100,,,100032,100,,,99956,100
2019-06-28 09:49:58.246718137,101190,256,101140,200,101266,251,101075,256,101398,251,101039,251,101407,100,100467,251,101470,100,100273,100,101498,100,100245,100,101618,100,100116,100,101671,100,100099,100,,,99956,100,,,99955,100
2019-06-28 09:50:00.000000000,101190,214,101140,314,101266,214,101075,214,101398,214,101039,214,101407,214,100467,214,101470,100,100273,100,101498,100,100245,100,101618,100,100116,100,101671,100,100099,100,,,99956,100,,,99955,100
2019-06-28 09:50:00.967892171,101190,214,101140,414,101266,214,101075,214,101398,214,101039,214,101407,214,100467,214,101470,100,100273,100,101498,100,100245,100,101618,100,100116,100,101671,100,100099,100,,,99956,100,,,99955,100
2019-06-28 09:50:10.000000000,101190,329,101140,529,101266,329,101075,329,101398,100,101039,100,101407,100,100467,100,101470,100,100273,100,101498,100,100245,100,101618,100,100116,100,101671,100,100099,100,,,99956,100,,,99955,100
2019-06-28 09:50:10.153902824,101190,329,101140,529,101265,100,101075,329,101266,329,101039,100,101398,100,100273,100,101407,100,100245,100,101470,100,100116,100,101498,100,100099,100,101618,100,99956,100,101671,100,99955,100,,,99935,200
2019-06-28 09:50:12.057662088,101190,329,101140,529,101265,100,101132,100,101266,329,101075,329,101398,100,101039,100,101407,100,100273,100,101470,100,100245,100,101498,100,100116,100,101618,100,100099,100,101671,100,99956,100,,,99955,100
2019-06-28 09:50:17.377135845,101190,329,101140,529,101265,100,101132,100,101266,329,101075,329,101398,100,101039,100,101407,100,100985,100,101470,100,100273,100,101498,100,100245,100,101618,100,100116,100,101671,100,100099,100,,,99956,100
2019-06-28 09:50:20.000000000,101190,558,101140,758,101265,100,101132,100,101266,100,101075,100,101398,100,101039,100,101407,100,100985,100,101470,100,100273,100,101498,100,100245,100,101618,100,100116,100,101671,100,100099,100,,,99956,100
2019-06-28 09:50:30.000000000,101190,214,101140,414,101265,214,101132,214,101266,214,101075,214,101398,214,101039,214,101407,100,100985,100,101470,100,100273,100,101498,100,100245,100,101618,100,100116,100,101671,100,100099,100,,,99956,100
2019-06-28 09:50:34.460598905,101190,214,101140,414,101265,214,101132,214,101266,214,101075,214,101398,214,101039,214,101407,100,100985,100,101470,100,100525,100,101498,100,100273,100,101618,100,100245,100,101671,100,100116,100,,,100099,100
2019-06-28 09:50:40.000000000,101190,192,101140,392,101265,192,101132,192,101266,192,101075,192,101398,192,101039,192,101407,192,100985,192,101470,100,100525,100,101498,100,100273,100,101618,100,100245,100,101671,100,100116,100,,,100099,100
2019-06-28 09:50:42.968874181,101190,192,101140,392,101265,192,101132,192,101266,192,101075,192,101398,192,101039,192,101407,192,100985,192,101470,100,100525,100,101498,100,100245,100,101618,100,100116,100,101671,100,100099,100,,,99956,100
2019-06-28 09:50:50.000000000,101190,214,101140,414,101265,214,101132,214,101266,214,101075,214,101398,214,101039,214,101407,100,100985,100,101470,100,100525,100,101498,100,100245,100,101618,100,100116,100,101671,100,100099,100,,,99956,100
2019-06-28 09:51:00.000000000,101190,192,101140,392,101265,192,101132,192,101266,192,101075,192,101398,192,101039,192,101407,192,100985,192,101470,100,100525,100,101498,100,100245,100,101618,100,100116,100,101671,100,100099,100,,,99956,100
2019-06-28 09:51:01.493977094,101190,192,101140,292,101265,192,101132,192,101266,192,101075,192,101398,192,101039,192,101407,192,100985,192,101470,100,100525,100,101498,100,100245,100,101618,100,100116,100,101671,100,100099,100,,,99956,100
2019-06-28 09:51:04.229113143,101190,192,101140,192,101265,192,101132,192,101266,192,101075,192,101398,192,101039,192,101407,192,100985,192,101470,100,100525,100,101498,100,100245,100,101618,100,100116,100,101671,100,100099,100,,,99956,100
2019-06-28 09:51:05.513774616,101190,192,101140,192,101265,192,101132,192,101266,192,101075,192,101398,192,101039,192,101407,192,100985,192,101470,100,100579,100,101498,100,100525,100,101618,100,100245,100,101671,100,100116,100,,,100099,100
2019-06-28 09:51:10.000000000,101190,214,101140,214,101265,214,101132,214,101266,214,101075,214,101398,214,101039,214,101407,100,100985,100,101470,100,100579,100,101498,100,100525,100,101618,100,100245,100,101671,100,100116,100,,,100099,100
2019-06-28 09:51:20.000000000,101190,214,101140,214,101265,214,101132,214,101266,214,101075,214,101398,214,101039,214,101407,100,100985,100,101470,100,100579,100,101498,100,100525,100,101618,100,100245,100,101671,100,100116,100,,,100099,100
2019-06-28 09:51:24.982354095,101190,214,101140,214,101265,214,101132,214,101266,214,101075,214,101398,214,101039,214,101407,100,100985,100,101470,100,100647,100,101498,100,100579,100,101618,100,100525,100,101671,100,100245,100,,,100116,100
2019-06-28 09:51:27.132766848,101190,214,101140,214,101265,214,101132,214,101266,214,101075,214,101398,214,101039,214,101407,100,100985,100,101470,100,100692,100,101498,100,100647,100,101618,100,100579,100,101671,100,100525,100,,,100245,100
2019-06-28 09:51:30.000000000,101190,192,101140,192,101265,192,101132,192,101266,192,101075,192,101398,192,101039,192,101407,192,100985,192,101470,100,100692,100,101498,100,100647,100,101618,100,100579,100,101671,100,100525,100,,,100245,100
2019-06-28 09:51:40.000000000,101190,558,101140,558,101265,100,101132,100,101266,100,101075,100,101398,100,101039,100,101407,100,100985,100,101470,100,100692,100,101498,100,100647,100,101618,100,100579,100,101671,100,100525,100,,,100245,100
2019-06-28 09:51:40.640253645,101190,558,101140,558,101265,100,101132,100,101266,100,101075,100,101398,100,101039,100,101407,100,100985,100,101470,100,100726,100,101498,100,100692,100,101618,100,100647,100,101671,100,100579,100,,,100525,100
2019-06-28 09:51:40.881835762,101190,558,101140,558,101265,100,101132,100,101266,100,101075,100,101398,100,101039,100,101407,100,100985,100,101470,100,100726,100,101498,100,100692,100,101618,100,100579,100,101671,100,100532,100,,,100525,100
2019-06-28 09:51:47.833932129,101190,558,101140,458,101265,100,101132,100,101266,100,101075,100,101398,100,101039,100,101407,100,100985,100,101470,100,100726,100,101498,100,100692,100,101618,100,100579,100,101671,100,100532,100,,,100525,100
2019-06-28 09:51:50.000000000,101190,192,101132,192,101265,192,101075,192,101266,192,101039,192,101398,192,100985,192,101407,192,100726,192,101470,100,100692,100,101498,100,100579,100,101618,100,100532,100,101671,100,100525,100,,,100245,100
2019-06-28 09:52:00.000000000,101190,256,101132,256,101265,251,101075,251,101266,251,101039,251,101398,100,100985,100,101407,100,100726,100,101470,100,100692,100,101498,100,100579,100,101618,100,100532,100,101671,100,100525,100,,,100245,100
2019-06-28 09:52:10.000000000,101190,192,101132,192,101265,192,101075,192,101266,192,101039,192,101398,192,100985,192,101407,192,100726,192,101470,100,100692,100,101498,100,100579,100,101618,100,100532,100,101671,100,100525,100,,,100245,100
2019-06-28 09:52:17.224438570,101140,100,101132,192,101190,192,101075,192,101265,192,101039,192,101266,192,100985,192,101398,192,100726,192,101407,192,100692,100,101470,100,100579,100,101498,100,100532,100,101618,100,100525,100,101671,100,100245,100
2019-06-28 09:52:20.000000000,101140,329,101132,329,101190,329,101075,329,101265,100,101039,100,101266,100,100985,100,101398,100,100726,100,101407,100,100692,100,101470,100,100579,100,101498,100,100532,100,101618,100,100525,100,101671,100,100245,100
2019-06-28 09:52:30.000000000,101140,192,101132,192,101190,192,101075,192,101265,192,101039,192,101266,192,100985,192,101398,192,100726,192,101407,100,100692,100,101470,100,100579,100,101498,100,100532,100,101618,100,100525,100,101671,100,100245,100
2019-06-28 09:52:34.943780493,101140,292,101132,192,101190,192,101075,192,101265,192,101039,192,101266,192,100985,192,101398,192,100726,192,101407,100,100692,100,101470,100,100579,100,101498,100,100532,100,101618,100,100525,100,101671,100,100245,100
2019-06-28 09:52:36.075454837,101140,292,101132,92,101190,192,101075,192,101265,192,101039,192,101266,192,100985,192,101398,192,100726,192,101407,100,100692,100,101470,100,100579,100,101498,100,100532,100,101671,100,100525,100,,,100245,100
2019-06-28 09:52:36.488714416,101140,292,101132,92,101190,192,101075,192,101265,192,101039,192,101266,192,100985,192,101398,192,100726,192,101407,100,100692,100,101498,100,100579,100,101671,100,100532,100,,,100525,100,,,100496,100
2019-06-28 09:52:40.000000000,101140,429,101075,329,101190,329,101039,329,101265,100,100985,100,101266,100,100726,100,101398,100,100692,100,101407,100,100579,100,101498,100,100532,100,101671,100,100525,100,,,100496,100,,,100245,100
2019-06-28 09:52:50.000000000,101140,292,101075,192,101190,192,101039,192,101265,192,100985,192,101266,192,100726,192,101398,192,100692,192,101407,100,100579,100,101498,100,100532,100,101671,100,100525,100,,,100496,100,,,100245,100
2019-06-28 09:52:53.616669552,101140,292,101075,192,101190,192,101039,192,101265,192,100985,192,101266,192,100726,192,101398,192,100692,192,101407,100,100579,100,101498,100,100532,100,101671,100,100525,100,,,100496,100,,,100391,100
2019-06-28 09:53:00.000000000,101140,658,101075,558,101190,100,101039,100,101265,100,100985,100,101266,100,100726,100,101398,100,100692,100,101407,100,100579,100,101498,100,100532,100,101671,100,100525,100,,,100496,100,,,100391,100
2019-06-28 09:53:10.000000000,101140,356,101075,256,101190,251,101039,251,101265,251,100985,251,101266,100,100726,100,101398,100,100692,100,101407,100,100579,100,101498,100,100532,100,101671,100,100525,100,,,100496,100,,,100391,100
2019-06-28 09:53:15.102908344,101140,356,101075,256,101190,251,101039,251,101265,251,100985,251,101266,100,100726,100,101398,100,100692,100,101407,100,100579,100,101498,100,100534,100,101671,100,100532,100,,,100525,100,,,100496,100
2019-06-28 09:53:18.683594823,101140,356,101075,156,101190,251,101039,251,101265,251,100985,251,101266,100,100747,100,101398,100,100726,100,101407,100,100692,100,101498,100,100579,100,101671,100,100534,100,,,100532,100,,,100525,100
2019-06-28 09:53:20.000000000,101140,292,101039,192,101190,192,100985,192,101265,192,100747,192,101266,192,100726,192,101398,192,100692,192,101407,100,100579,100,101498,100,100534,100,101671,100,100532,100,,,100525,100,,,100496,100
2019-06-28 09:53:30.000000000,101140,292,101039,192,101190,192,100985,192,101265,192,100747,192,101266,192,100726,192,101398,192,100692,192,101407,100,100579,100,101498,100,100534,100,101671,100,100532,100,,,100525,100,,,100496,100
2019-06-28 09:53:31.296697665,101140,292,101039,192,101190,192,100985,192,101265,192,100956,100,101266,192,100747,192,101398,192,100726,192,101407,100,100692,192,101498,100,100579,100,101671,100,100534,100,,,100532,100,,,100525,100
2019-06-28 09:53:40.000000000,101140,292,101039,192,101190,192,100985,192,101265,192,100956,192,101266,192,100747,192,101398,192,100726,192,101407,100,100692,100,101498,100,100579,100,101671,100,100534,100,,,100532,100,,,100525,100
2019-06-28 09:53:42.264181964,101140,292,101039,92,101190,192,100985,192,101265,192,100956,192,101266,192,100747,192,101398,192,100726,192,101407,100,100579,100,101498,100,100534,100,101671,100,100532,100,,,100525,100,,,100496,100
2019-06-28 09:53:50.000000000,101140,429,100985,329,101190,329,100956,329,101265,100,100747,100,101266,100,100726,100,101398,100,100579,100,101407,100,100534,100,101498,100,100532,100,101671,100,100525,100,,,100496,100,,,100391,100
2019-06-28 09:53:58.602893273,101140,429,100985,229,101190,329,100956,329,101265,100,100726,100,101266,100,100579,100,101398,100,100534,100,101407,100,100532,100,101498,100,100525,100,101671,100,100496,100,,,100391,100,,,100245,100
2019-06-28 09:54:00.000000000,101140,314,100956,214,101190,214,100726,214,101265,214,100579,214,101266,214,100534,214,101398,100,100532,100,101407,100,100525,100,101498,100,100496,100,101671,100,100391,100,,,100245,100,,,100116,100
2019-06-28 09:54:10.000000000,101140,314,100956,214,101190,214,100726,214,101265,214,100579,214,101266,214,100534,214,101398,100,100532,100,101407,100,100525,100,101498,100,100496,100,101671,100,100391,100,,,100245,100,,,100116,100
2019-06-28 09:54:11.869375728,101140,314,100956,214,101190,214,100726,214,101265,214,100579,214,101266,214,100534,214,101398,100,100532,100,101407,100,100525,100,101498,100,100496,100,101671,100,100391,100,,,100378,100,,,100245,100
2019-06-28 09:54:20.000000000,101140,658,100956,558,101190,100,100726,100,101265,100,100579,100,101266,100,100534,100,101398,100,100532,100,101407,100,100525,100,101498,100,100496,100,101671,100,100391,100,,,100378,100,,,100245,100
2019-06-28 09:54:24.080221833,101140,658,100956,458,101190,100,100726,100,101265,100,100579,100,101266,100,100534,100,101398,100,100532,100,101407,100,100525,100,101498,100,100496,100,101671,100,100391,100,,,100378,100,,,100245,100
2019-06-28 09:54:30.000000000,101140,429,100726,329,101190,329,100579,329,101265,100,100534,100,101266,100,100532,100,101398,100,100525,100,101407,100,100496,100,101498,100,100391,100,101671,100,100378,100,,,100245,100,,,100116,100
2019-06-28 09:54:40.000000000,101140,429,100726,329,101190,329,100579,329,101265,100,100534,100,101266,100,100532,100,101398,100,100525,100,101407,100,100496,100,101498,100,100391,100,101671,100,100378,100,,,100245,100,,,100116,100
2019-06-28 09:54:48.527114792,101140,429,100726,229,101190,329,100579,329,101265,100,100534,100,101266,100,100532,100,101398,100,100525,100,101498,100,100496,100,101671,100,100391,100,,,100378,100,,,100245,100,,,100116,100
2019-06-28 09:54:50.000000000,101140,658,100579,558,101190,100,100534,100,101265,100,100532,100,101266,100,100525,100,101398,100,100496,100,101498,100,100391,100,101671,100,100378,100,,,100245,100,,,100116,100,,,100099,100
2019-06-28 09:55:00.000000000,101140,314,100579,214,101190,214,100534,214,101265,214,100532,214,101266,214,100525,214,101398,100,100496,100,101498,100,100391,100,101671,100,100378,100,,,100245,100,,,100116,100,,,100099,100
2019-06-28 09:55:02.592085459,101140,314,100579,114,101190,214,100534,214,101265,214,100532,214,101266,214,100525,214,101398,100,100496,100,101498,100,100391,100,101671,100,100378,100,,,100245,100,,,100116,100,,,100099,100
2019-06-28 09:55:10.000000000,101140,658,100534,558,101190,100,100532,100,101265,100,100525,100,101266,100,100496,100,101398,100,100391,100,101498,100,100378,100,101671,100,100245,100,,,100116,100,,,100099,100,,,99956,100
2019-06-28 09:55:16.813074099,100726,100,100534,558,101140,658,100532,100,101190,100,100525,100,101265,100,100496,100,101266,100,100391,100,101398,100,100378,100,101498,100,100245,100,101671,100,100116,100,,,100099,100,,,99956,100
2019-06-28 09:55:20.000000000,100726,256,100534,256,101140,351,100532,251,101190,251,100525,251,101265,100,100496,100,101266,100,100391,100,101398,100,100378,100,101498,100,100245,100,101671,100,100116,100,,,100099,100,,,99956,100
2019-06-28 09:55:28.359515103,100726,256,100534,256,101140,351,100532,251,101190,251,100525,251,101265,100,100513,100,101266,100,100496,100,101398,100,100391,100,101498,100,100378,100,101671,100,100245,100,,,100116,100,,,100099,100
2019-06-28 09:55:30.000000000,100726,214,100534,214,101140,314,100532,214,101190,214,100525,214,101265,214,100513,214,101266,100,100496,100,101398,100,100391,100,101498,100,100378,100,101671,100,100245,100,,,100116,100,,,100099,100
2019-06-28 09:55:33.611434137,100726,214,100534,214,101140,314,100532,214,101190,214,100525,214,101265,214,100513,214,101266,100,100496,100,101398,100,100495,100,101498,100,100391,100,101671,100,100378,100,,,100245,100,,,100116,100
2019-06-28 09:55:34.420302602,100726,214,100534,214,101140,314,100532,214,101190,214,100525,214,101265,214,100513,214,101266,100,100496,100,101398,100,100495,100,101498,100,100391,100,101671,100,100378,100,,,100350,100,,,100245,100
2019-06-28 09:55:40.000000000,100726,256,100534,256,101140,351,100532,251,101190,251,100525,251,101265,100,100513,100,101266,100,100496,100,101398,100,100495,100,101498,100,100391,100,101671,100,100378,100,,,100350,100,,,100245,100
2019-06-28 09:55:40.544445018,100726,256,100534,156,101140,351,100532,251,101190,251,100525,251,101265,100,100513,100,101266,100,100496,100,101398,100,100495,100,101498,100,100391,100,101671,100,100378,100,,,100350,100,,,100245,100
2019-06-28 09:55:50.000000000,100726,329,100532,329,101140,429,100525,329,101190,100,100513,100,101265,100,100496,100,101266,100,100495,100,101398,100,100391,100,101498,100,100378,100,101671,100,100350,100,,,100245,100,,,100116,100
2019-06-28 09:56:00.000000000,100726,214,100532,214,101140,314,100525,214,101190,214,100513,214,101265,214,100496,214,101266,100,100495,100,101398,100,100391,100,101498,100,100378,100,101671,100,100350,100,,,100245,100,,,100116,100
2019-06-28 09:56:10.000000000,100726,256,100532,256,101140,351,100525,251,101190,251,100513,251,101265,100,100496,100,101266,100,100495,100,101398,100,100391,100,101498,100,100378,100,101671,100,100350,100,,,100245,100,,,100116,100
2019-06-28 09:56:20.000000000,100726,329,100532,329,101140,429,100525,329,101190,100,100513,100,101265,100,100496,100,101266,100,100495,100,101398,100,100391,100,101498,100,100378,100,101671,100,100350,100,,,100245,100,,,100116,100
2019-06-28 09:56:21.019695068,100726,329,100532,329,101052,100,100525,329,101140,429,100513,100,101190,100,100495,100,101265,100,100391,100,101266,100,100378,100,101398,100,100350,100,101498,100,100245,100,101671,100,100116,100,,,100099,100
2019-06-28 09:56:23.749208183,100726,329,100532,329,101052,100,100525,329,101140,429,100513,100,101190,100,100495,100,101265,100,100391,100,101266,100,100378,100,101398,100,100350,100,101498,100,100245,100,101671,100,100116,100,,,99956,100
2019-06-28 09:56:25.001666473,100726,229,100532,329,101052,100,100525,329,101140,429,100513,100,101190,100,100495,100,101265,100,100391,100,101266,100,100378,100,101398,100,100350,100,101498,100,100245,100,101671,100,100116,100,,,99956,100
2019-06-28 09:56:27.983341139,100726,129,100532,329,101052,100,100525,329,101140,429,100513,100,101190,100,100495,100,101265,100,100391,100,101266,100,100378,100,101398,100,100350,100,101498,100,100245,100,101671,100,100116,100,,,99956,100
2019-06-28 09:56:30.000000000,101052,329,100532,329,101140,429,100525,329,101190,100,100513,100,101265,100,100495,100,101266,100,100391,100,101398,100,100378,100,101498,100,100350,100,101671,100,100245,100,,,100116,100,,,99956,100
2019-06-28 09:56:32.145500883,100921,100,100532,329,101052,329,100525,329,101140,429,100513,100,101190,100,100495,100,101265,100,100391,100,101266,100,100378,100,101398,100,100350,100,101498,100,100245,100,101671,100,100116,100,,,99956,100
2019-06-28 09:56:40.000000000,100921,329,100532,329,101052,329,100525,329,101140,200,100513,100,101190,100,100495,100,101265,100,100391,100,101266,100,100378,100,101398,100,100350,100,101498,100,100245,100,101671,100,100116,100,,,99956,100
2019-06-28 09:56:50.000000000,100921,558,100532,558,101052,100,100525,100,101140,200,100513,100,101190,100,100495,100,101265,100,100391,100,101266,100,100378,100,101398,100,100350,100,101498,100,100245,100,101671,100,100116,100,,,99956,100
2019-06-28 09:57:00.000000000,100921,329,100532,329,101052,329,100525,329,101140,200,100513,100,101190,100,100495,100,101265,100,100391,100,101266,100,100378,100,101398,100,100350,100,101498,100,100245,100,101671,100,100116,100,,,99956,100
2019-06-28 09:57:10.000000000,100921,192,100532,192,101052,192,100525,192,101140,292,100513,192,101190,192,100495,192,101265,192,100391,192,101266,100,100378,100,101398,100,100350,100,101498,100,100245,100,101671,100,100116,100,,,99956,100
2019-06-28 09:57:17.939661831,100921,192,100532,192,101052,192,100525,192,101140,292,100513,192,101190,192,100495,192,101265,192,100391,192,101266,100,100378,100,101314,100,100350,100,101398,100,100245,100,101498,100,100116,100,101671,100,99956,100
2019-06-28 09:57:18.339224777,100921,192,100532,192,101052,192,100525,192,101140,292,100513,192,101190,192,100495,192,101265,192,100391,192,101266,100,100378,100,101287,100,100245,100,101314,100,100116,100,101398,100,99956,100,101498,100,99955,100
2019-06-28 09:57:20.000000000,100921,192,100532,192,101052,192,100525,192,101140,292,100513,192,101190,192,100495,192,101265,192,100391,192,101266,100,100378,100,101287,100,100245,100,101314,100,100116,100,101398,100,99956,100,101498,100,99955,100
2019-06-28 09:57:30.000000000,100921,192,100532,192,101052,192,100525,192,101140,292,100513,192,101190,192,100495,192,101265,192,100391,192,101266,100,100378,100,101287,100,100245,100,101314,100,100116,100,101398,100,99956,100,101498,100,99955,100
2019-06-28 09:57:40.000000000,100921,192,100532,192,101052,192,100525,192,101140,292,100513,192,101190,192,100495,192,101265,192,100391,192,101266,100,100378,100,101287,100,100245,100,101314,100,100116,100,101398,100,99956,100,101498,100,99955,100
2019-06-28 09:57:43.133631683,100921,92,100532,192,101052,192,100525,92,101140,292,100513,192,101190,192,100495,192,101265,192,100391,192,101266,100,100378,100,101287,100,100245,100,101314,100,100116,100,101398,100,99956,100,101498,100,99955,100
2019-06-28 09:57:46.779814857,101052,192,100921,8,101140,292,100532,192,101190,192,100525,92,101265,192,100513,192,101266,100,100495,192,101287,100,100391,192,101314,100,100378,100,101398,100,100245,100,101498,100,100116,100,101671,100,99956,100
2019-06-28 09:57:49.430619795,101052,192,100921,108,101140,292,100532,192,101190,192,100525,92,101265,192,100513,192,101266,100,100495,192,101287,100,100391,192,101314,100,100378,100,101398,100,100245,100,101498,100,100116,100,101671,100,99956,100
2019-06-28 09:57:50.000000000,101052,329,100921,337,101140,429,100532,329,101190,100,100513,100,101265,100,100495,100,101266,100,100391,100,101287,100,100378,100,101314,100,100245,100,101398,100,100116,100,101498,100,99956,100,101671,100,99955,100
2019-06-28 09:58:00.000000000,101052,558,100921,566,101140,200,100532,100,101190,100,100513,100,101265,100,100495,100,101266,100,100391,100,101287,100,100378,100,101314,100,100245,100,101398,100,100116,100,101498,100,99956,100,101671,100,99955,100
2019-06-28 09:58:10.000000000,101052,192,100921,200,101140,292,100532,192,101190,192,100513,192,101265,192,100495,192,101266,192,100391,192,101287,100,100378,100,101314,100,100245,100,101398,100,100116,100,101498,100,99956,100,101671,100,99955,100
2019-06-28 09:58:20.000000000,101052,192,100921,200,101140,292,100532,192,101190,192,100513,192,101265,192,100495,192,101266,192,100391,192,101287,100,100378,100,101314,100,100245,100,101398,100,100116,100,101498,100,99956,100,101671,100,99955,100
2019-06-28 09:58:30.000000000,101052,329,100921,337,101140,429,100532,329,101190,100,100513,100,101265,100,100495,100,101266,100,100391,100,101287,100,100378,100,101314,100,100245,100,101398,100,100116,100,101498,100,99956,100,101671,100,99955,100
2019-06-28 09:58:40.000000000,101052,256,100921,264,101140,351,100532,251,101190,251,100513,251,101265,100,100495,100,101266,100,100391,100,101287,100,100378,100,101314,100,100245,100,101398,100,100116,100,101498,100,99956,100,101671,100,99955,100
2019-06-28 09:58:50.000000000,101052,329,100921,337,101140,429,100532,329,101190,100,100513,100,101265,100,100495,100,101266,100,100391,100,101287,100,100378,100,101314,100,100245,100,101398,100,100116,100,101498,100,99956,100,101671,100,99955,100
2019-06-28 09:58:51.476449247,101052,229,100921,337,101140,429,100532,329,101190,100,100513,100,101265,100,100495,100,101266,100,100391,100,101287,100,100378,100,101314,100,100245,100,101398,100,100116,100,101498,100,99956,100,101671,100,99935,100
2019-06-28 09:58:54.528493360,101052,129,100921,337,101140,429,100532,329,101190,100,100513,100,101265,100,100495,100,101266,100,100391,100,101287,100,100378,100,101314,100,100245,100,101398,100,100116,100,101498,100,99956,100,101671,100,99839,100
2019-06-28 09:59:00.000000000,101140,429,100921,337,101190,329,100532,329,101265,100,100513,100,101266,100,100495,100,101287,100,100391,100,101314,100,100378,100,101398,100,100245,100,101498,100,100116,100,101671,100,99956,100,,,99839,100
2019-06-28 09:59:10.000000000,101140,356,100921,264,101190,251,100532,251,101265,251,100513,251,101266,100,100495,100,101287,100,100391,100,101314,100,100378,100,101398,100,100245,100,101498,100,100116,100,101671,100,99956,100,,,99839,100
2019-06-28 09:59:20.000000000,101140,292,100921,200,101190,192,100532,192,101265,192,100513,192,101266,192,100495,192,101287,192,100391,192,101314,100,100378,100,101398,100,100245,100,101498,100,100116,100,101671,100,99956,100,,,99839,100
2019-06-28 09:59:30.000000000,101140,356,100921,264,101190,251,100532,251,101265,251,100513,251,101266,100,100495,100,101287,100,100391,100,101314,100,100378,100,101398,100,100245,100,101498,100,100116,100,101671,100,99956,100,,,99839,100
2019-06-28 09:59:37.769813470,101140,356,100921,164,101190,251,100532,251,101265,251,100513,251,101266,100,100495,100,101287,100,100391,100,101314,100,100378,100,101398,100,100245,100,101498,100,100116,100,101671,100,99956,100,,,99839,100
2019-06-28 09:59:40.000000000,101140,356,100921,164,101190,251,100532,251,101265,251,100513,251,101266,100,100495,100,101287,100,100391,100,101314,100,100378,100,101398,100,100245,100,101498,100,100116,100,101671,100,99956,100,,,99839,100
2019-06-28 09:59:40.114676984,101140,356,100921,164,101190,251,100532,251,101265,251,100513,251,101266,100,100495,100,101287,100,100464,100,101314,100,100391,100,101398,100,100378,100,101498,100,100245,100,101671,100,100116,100,,,99956,100
2019-06-28 09:59:45.975695233,101052,100,100921,164,101140,356,100532,251,101190,251,100513,251,101265,251,100495,100,101287,100,100464,100,101314,100,100391,100,101398,100,100378,100,101498,100,100245,100,101671,100,100116,100,,,99956,100
2019-06-28 09:59:50.000000000,101052,558,100921,466,101140,200,100532,100,101190,100,100513,100,101265,100,100495,100,101287,100,100464,100,101314,100,100391,100,101398,100,100378,100,101498,100,100245,100,101671,100,100116,100,,,99956,100
2019-06-28 10:00:00.000000000,101052,558,100921,466,101140,200,100532,100,101190,100,100513,100,101265,100,100495,100,101287,100,100464,100,101314,100,100391,100,101398,100,100378,100,101498,100,100245,100,101671,100,100116,100,,,99956,100
2019-06-28 10:00:10.000000000,101052,256,100921,164,101140,351,100532,251,101190,251,100513,251,101265,100,100495,100,101287,100,100464,100,101314,100,100391,100,101398,100,100378,100,101498,100,100245,100,101671,100,100116,100,,,99956,100
2019-06-28 10:00:13.281403140,101052,256,100921,164,101140,351,100536,100,101190,251,100532,251,101265,100,100513,251,101287,100,100495,100,101314,100,100464,100,101398,100,100391,100,101498,100,100378,100,101671,100,100245,100,,,100116,100
2019-06-28 10:00:20.000000000,101052,558,100921,466,101140,200,100536,100,101190,100,100532,100,101265,100,100513,100,101287,100,100495,100,101314,100,100464,100,101398,100,100391,100,101498,100,100378,100,101671,100,100245,100,,,100116,100
2019-06-28 10:00:27.409091100,101052,658,100921,466,101140,200,100536,100,101190,100,100532,100,101265,100,100513,100,101287,100,100495,100,101314,100,100464,100,101398,100,100391,100,101498,100,100378,100,101671,100,100245,100,,,100116,100
2019-06-28 10:00:28.695472790,101052,658,100921,366,101140,200,100536,100,101190,100,100532,100,101265,100,100513,100,101287,100,100495,100,101314,100,100464,100,101398,100,100391,100,101498,100,100378,100,101671,100,100245,100,,,100116,100
2019-06-28 10:00:30.000000000,101052,429,100536,329,101140,429,100532,329,101190,100,100513,100,101265,100,100495,100,101287,100,100464,100,101314,100,100391,100,101398,100,100378,100,101498,100,100245,100,101671,100,100116,100,,,99956,100
2019-06-28 10:00:40.000000000,101052,429,100536,329,101140,429,100532,329,101190,100,100513,100,101265,100,100495,100,101287,100,100464,100,101314,100,100391,100,101398,100,100378,100,101498,100,100245,100,101671,100,100116,100,,,99956,100
2019-06-28 10:00:40.589403246,101052,429,100905,100,101140,429,100536,329,101190,100,100532,329,101265,100,100513,100,101287,100,100495,100,101314,100,100464,100,101398,100,100391,100,101498,100,100378,100,101671,100,100245,100,,,100116,100
2019-06-28 10:00:41.700778852,101052,429,100536,329,101140,429,100532,329,101190,100,100513,100,101265,100,100495,100,101287,100,100464,100,101314,100,100391,100,101398,100,100378,100,101498,100,100245,100,101671,100,100116,100,,,99956,100
2019-06-28 10:00:47.720602054,100656,100,100536,329,101052,429,100532,329,101140,429,100513,100,101190,100,100495,100,101265,100,100464,100,101287,100,100391,100,101314,100,100378,100,101398,100,100245,100,101498,100,100116,100,101671,100,99956,100
2019-06-28 10:00:50.000000000,100656,214,100536,214,101052,314,100532,214,101140,314,100513,214,101190,214,100495,214,101265,100,100464,100,101287,100,100391,100,101314,100,100378,100,101398,100,100245,100,101498,100,100116,100,101671,100,99956,100
2019-06-28 10:01:00.000000000,100656,214,100536,214,101052,314,100532,214,101140,314,100513,214,101190,214,100495,214,101265,100,100464,100,101287,100,100391,100,101314,100,100378,100,101398,100,100245,100,101498,100,100116,100,101671,100,99956,100
2019-06-28 10:01:10.000000000,100656,256,100536,256,101052,351,100532,251,101140,351,100513,251,101190,100,100495,100,101265,100,100464,100,101287,100,100391,100,101314,100,100378,100,101398,100,100245,100,101498,100,100116,100,101671,100,99956,100
2019-06-28 10:01:12.526426236,100656,256,100573,100,101052,351,100536,256,101140,351,100532,251,101190,100,100513,251,101265,100,100495,100,101287,100,100464,100,101314,100,100391,100,101398,100,100378,100,101498,100,100245,100,101671,100,100116,100
2019-06-28 10:01:20.000000000,100656,256,100573,256,101052,351,100536,251,101140,351,100532,251,101190,100,100513,100,101265,100,100495,100,101287,100,100464,100,101314,100,100391,100,101398,100,100378,100,101498,100,100245,100,101671,100,100116,100
2019-06-28 10:01:21.206828974,100656,256,100573,256,100764,100,100536,251,101052,351,100532,251,101140,351,100513,100,101190,100,100495,100,101265,100,100464,100,101287,100,100391,100,101314,100,100378,100,101398,100,100245,100,101498,100,100116,100
2019-06-28 10:01:29.779609659,100649,100,100573,256,100656,256,100536,251,100764,100,100532,251,101052,351,100513,100,101140,351,100495,100,101190,100,100464,100,101265,100,100391,100,101287,100,100378,100,101314,100,100245,100,101398,100,100116,100
2019-06-28 10:01:30.000000000,100649,558,100573,558,100656,100,100536,100,100764,100,100532,100,101052,200,100513,100,101140,200,100495,100,101190,100,100464,100,101265,100,100391,100,101287,100,100378,100,101314,100,100245,100,101398,100,100116,100
2019-06-28 10:01:32.835463108,100649,558,100573,558,100656,100,100536,100,100739,100,100532,100,100764,100,100513,100,101052,200,100495,100,101140,200,100464,100,101190,100,100391,100,101265,100,100378,100,101287,100,100245,100,101314,100,100116,100
2019-06-28 10:01:39.741983984,100649,558,100573,558,100656,100,100536,100,100739,100,100532,100,100764,100,100513,100,101052,200,100495,100,101140,200,100480,100,101190,100,100464,100,101265,100,100391,100,101314,100,100378,100,101398,100,100245,100
2019-06-28 10:01:40.000000000,100649,256,100573,256,100656,251,100536,251,100739,251,100532,251,100764,100,100513,100,101052,200,100495,100,101140,200,100480,100,101190,100,100464,100,101265,100,100391,100,101314,100,100378,100,101398,100,100245,100
2019-06-28 10:01:46.238289567,100649,256,100573,256,100656,251,100536,251,100739,251,100532,251,100764,100,100513,100,101052,200,100495,100,101140,200,100480,100,101190,100,100464,100,101265,100,100432,100,101314,100,100391,100,101398,100,100378,100
2019-06-28 10:01:50.000000000,100649,256,100573,256,100656,251,100536,251,100739,251,100532,251,100764,100,100513,100,101052,200,100495,100,101140,200,100480,100,101190,100,100464,100,101265,100,100432,100,101314,100,100391,100,101398,100,100378,100
2019-06-28 10:01:54.767432851,100649,256,100573,256,100656,251,100536,251,100739,251,100532,251,100764,100,100513,100,100888,100,100495,100,101052,200,100480,100,101140,200,100464,100,101190,100,100432,100,101265,100,100391,100,101314,100,100378,100
2019-06-28 10:01:55.944032644,100649,256,100573,256,100656,251,100536,251,100739,251,100532,251,100764,100,100513,100,100888,100,100495,100,101052,100,100480,100,101140,200,100464,100,101190,100,100432,100,101265,100,100391,100,101314,100,100378,100
2019-06-28 10:02:00.000000000,100649,558,100573,558,100656,100,100536,100,100739,100,100532,100,100764,100,100513,100,100888,100,100495,100,101052,100,100480,100,101140,200,100464,100,101190,100,100432,100,101265,100,100391,100,101314,100,100378,100
2019-06-28 10:02:00.581120243,100649,458,100573,558,100656,100,100536,100,100739,100,100532,100,100764,100,100513,100,100888,100,100495,100,101052,100,100480,100,101140,200,100464,100,101190,100,100432,100,101265,100,100391,100,101314,100,100378,100
2019-06-28 10:02:06.218119694,100649,358,100573,558,100656,100,100536,100,100739,100,100532,100,100764,100,100513,100,100888,100,100480,100,101052,100,100464,100,101140,200,100432,100,101190,100,100391,100,101265,100,100378,100,101314,100,100245,100
2019-06-28 10:02:10.000000000,100656,214,100573,214,100739,214,100536,214,100764,214,100532,214,100888,214,100513,214,101052,100,100480,100,101140,200,100464,100,101190,100,100432,100,101265,100,100391,100,101314,100,100378,100,101398,100,100245,100
2019-06-28 10:02:20.000000000,100656,329,100573,329,100739,329,100536,329,100764,100,100532,100,100888,100,100513,100,101052,100,100480,100,101140,200,100464,100,101190,100,100432,100,101265,100,100391,100,101314,100,100378,100,101398,100,100245,100
2019-06-28 10:02:29.588790372,100656,329,100573,329,100739,329,100536,329,100764,100,100532,100,100888,100,100513,100,101052,100,100480,100,101140,200,100467,100,101190,100,100464,100,101265,100,100432,100,101314,100,100391,100,101398,100,100378,100
2019-06-28 10:02:30.000000000,100656,192,100573,192,100739,192,100536,192,100764,192,100532,192,100888,192,100513,192,101052,192,100480,192,101140,200,100467,100,101190,100,100464,100,101265,100,100432,100,101314,100,100391,100,101398,100,100378,100
2019-06-28 10:02:30.156484512,100656,192,100625,100,100739,192,100573,192,100764,192,100536,192,100888,192,100532,192,101052,192,100513,192,101140,200,100480,192,101190,100,100467,100,101265,100,100464,100,101314,100,100432,100,101398,100,100391,100
2019-06-28 10:02:40.000000000,100656,329,100625,329,100739,329,100573,329,100764,100,100536,100,100888,100,100532,100,101052,100,100513,100,101140,200,100480,100,101190,100,100467,100,101265,100,100464,100,101314,100,100432,100,101398,100,100391,100
2019-06-28 10:02:50.000000000,100656,256,100625,256,100739,251,100573,251,100764,251,100536,251,100888,100,100532,100,101052,100,100513,100,101140,200,100480,100,101190,100,100467,100,101265,100,100464,100,101314,100,100432,100,101398,100,100391,100
2019-06-28 10:03:00.000000000,100656,558,100625,558,100739,100,100573,100,100764,100,100536,100,100888,100,100532,100,101052,100,100513,100,101140,200,100480,100,101190,100,100467,100,101265,100,100464,100,101314,100,100432,100,101398,100,100391,100
2019-06-28 10:03:04.592303487,100656,458,100625,558,100739,100,100573,100,100764,100,100536,100,100888,100,100532,100,101052,100,100513,100,101140,200,100480,100,101190,100,100467,100,101265,100,100464,100,101314,100,100432,100,101398,100,100391,100
2019-06-28 10:03:10.000000000,100739,558,100625,558,100764,100,100573,100,100888,100,100536,100,101052,100,100532,100,101140,200,100513,100,101190,100,100480,100,101265,100,100467,100,101314,100,100464,100,101398,100,100432,100,101498,100,100391,100
2019-06-28 10:03:20.000000000,100739,558,100625,558,100764,100,100573,100,100888,100,100536,100,101052,100,100532,100,101140,200,100513,100,101190,100,100480,100,101265,100,100467,100,101314,100,100464,100,101398,100,100432,100,101498,100,100391,100
2019-06-28 10:03:29.438657815,100739,458,100625,558,100764,100,100573,100,100888,100,100536,100,101052,100,100532,100,101140,200,100513,100,101190,100,100480,100,101265,100,100467,100,101314,100,100464,100,101398,100,100432,100,101498,100,100391,100
2019-06-28 10:03:30.000000000,100764,214,100625,214,100888,214,100573,214,101052,214,100536,214,101140,314,100532,214,101190,100,100513,100,101265,100,100480,100,101314,100,100467,100,101398,100,100464,100,101498,100,100432,100,101671,100,100391,100
2019-06-28 10:03:39.405819541,100764,214,100625,214,100888,214,100573,214,101052,214,100536,214,101140,314,100532,214,101190,100,100513,100,101265,100,100480,100,101314,100,100467,100,101398,100,100464,100,101498,100,100432,100,101638,100,100391,100
2019-06-28 10:03:39.612601926,100764,114,100625,214,100888,214,100573,214,101052,214,100536,214,101140,314,100532,214,101190,100,100513,100,101265,100,100480,100,101314,100,100467,100,101398,100,100464,100,101498,100,100432,100,101638,100,100391,100
2019-06-28 10:03:40.000000000,100888,192,100625,192,101052,192,100573,192,101140,292,100536,192,101190,192,100532,192,101265,192,100513,192,101314,100,100480,100,101398,100,100467,100,101498,100,100464,100,101638,100,100432,100,101671,100,100391,100
2019-06-28 10:03:48.364471611,101052,192,100888,8,101140,292,100625,192,101190,192,100573,192,101265,192,100536,192,101314,100,100532,192,101398,100,100513,192,101498,100,100480,100,101638,100,100467,100,101671,100,100464,100,,,100432,100
2019-06-28 10:03:49.088071070,101052,192,100888,8,101140,292,100625,192,101190,192,100573,192,101265,192,100536,192,101314,100,100532,192,101398,100,100513,192,101461,100,100480,100,101498,100,100467,100,101638,100,100464,100,101671,100,100432,100
2019-06-28 10:03:49.773029250,101052,192,100888,8,101140,292,100625,192,101190,192,100573,192,101265,192,100536,192,101314,100,100532,192,101398,100,100513,192,101461,100,100480,100,101498,100,100467,100,101520,100,100464,100,101638,100,100432,100
2019-06-28 10:03:50.000000000,101052,256,100888,164,101140,351,100625,251,101190,251,100573,251,101265,100,100536,100,101314,100,100532,100,101398,100,100513,100,101461,100,100480,100,101498,100,100467,100,101520,100,100464,100,101638,100,100432,100
2019-06-28 10:03:53.777115369,101052,256,100888,164,101140,351,100625,251,101190,251,100573,251,101265,100,100536,100,101314,100,100532,100,101398,100,100513,100,101461,100,100480,100,101498,100,100467,100,101520,100,100464,100,101582,100,100432,100
2019-06-28 10:04:00.000000000,101052,192,100888,100,101140,292,100625,192,101190,192,100573,192,101265,192,100536,192,101314,192,100532,192,101398,100,100513,100,101461,100,100480,100,101498,100,100467,100,101520,100,100464,100,101582,100,100432,100
2019-06-28 10:04:01.449263212,101052,92,100888,100,101140,292,100625,192,101190,192,100573,192,101265,192,100536,192,101314,192,100532,192,101398,100,100480,100,101461,100,100467,100,101498,100,100464,100,101520,100,100432,100,101582,100,100391,100
2019-06-28 10:04:03.255800505,101052,92,100888,100,101140,292,100625,192,101190,92,100573,192,101265,192,100536,192,101314,192,100532,192,101398,100,100480,100,101461,100,100467,100,101498,100,100464,100,101512,100,100432,100,101520,100,100391,100
2019-06-28 10:04:10.000000000,101140,314,100888,122,101265,214,100625,214,101314,214,100573,214,101398,214,100536,214,101461,100,100532,100,101498,100,100480,100,101512,100,100467,100,101520,100,100464,100,101582,100,100432,100,101638,100,100391,100
2019-06-28 10:04:19.927234200,101138,100,100888,122,101140,314,100625,214,101265,214,100573,214,101314,214,100536,214,101398,214,100532,100,101461,100,100480,100,101498,100,100467,100,101512,100,100464,100,101520,100,100432,100,101582,100,100391,100
2019-06-28 10:04:20.000000000,101138,329,100888,237,101140,429,100625,329,101265,100,100573,100,101314,100,100536,100,101398,100,100532,100,101461,100,100480,100,101498,100,100467,100,101512,100,100464,100,101520,100,100432,100,101582,100,100391,100
2019-06-28 10:04:30.000000000,101138,214,100888,122,101140,314,100625,214,101265,214,100573,214,101314,214,100536,214,101398,100,100532,100,101461,100,100480,100,101498,100,100467,100,101512,100,100464,100,101520,100,100432,100,101582,100,100391,100
2019-06-28 10:04:32.041876084,101138,214,101125,100,101140,314,100888,122,101265,214,100625,214,101314,214,100573,214,101398,100,100536,214,101461,100,100532,100,101498,100,100480,100,101512,100,100467,100,101520,100,100464,100,101582,100,100432,100
2019-06-28 10:04:40.000000000,101138,329,101125,329,101140,429,100888,237,101265,100,100625,100,101314,100,100573,100,101398,100,100536,100,101461,100,100532,100,101498,100,100480,100,101512,100,100467,100,101520,100,100464,100,101582,100,100432,100
2019-06-28 10:04:50.000000000,101138,214,101125,214,101140,314,100888,122,101265,214,100625,214,101314,214,100573,214,101398,100,100536,100,101461,100,100532,100,101498,100,100480,100,101512,100,100467,100,101520,100,100464,100,101582,100,100432,100
2019-06-28 10:04:56.800118286,101138,114,101125,214,101140,314,100888,122,101265,214,100625,214,101314,214,100573,214,101398,100,100536,100,101461,100,100532,100,101498,100,100480,100,101512,100,100467,100,101520,100,100464,100,101582,100,100432,100
2019-06-28 10:05:00.000000000,101140,429,101125,329,101265,329,100888,237,101314,100,100625,100,101398,100,100573,100,101461,100,100536,100,101498,100,100532,100,101512,100,100480,100,101520,100,100467,100,101582,100,100464,100,101638,100,100432,100
