,ask_price_1,ask_size_1,bid_price_1,bid_size_1,ask_price_2,ask_size_2,bid_price_2,bid_size_2,ask_price_3,ask_size_3,bid_price_3,bid_size_3,ask_price_4,ask_size_4,bid_price_4,bid_size_4,ask_price_5,ask_size_5,bid_price_5,bid_size_5,ask_price_6,ask_size_6,bid_price_6,bid_size_6,ask_price_7,ask_size_7,bid_price_7,bid_size_7,ask_price_8,ask_size_8,bid_price_8,bid_size_8,ask_price_9,ask_size_9,bid_price_9,bid_size_9,ask_price_10,ask_size_10,bid_price_10,bid_size_10
2019-06-28 09:30:00.000000000,,,99937,100,,,,,,,,,,,,,,,,,,,,,,,,,,,,,,,,,,,,
2019-06-28 09:30:00.000000001,,,99937,100,,,99888,100,,,,,,,,,,,,,,,,,,,,,,,,,,,,,,,,
2019-06-28 09:30:00.000000003,99968,100,99937,100,,,99888,100,,,,,,,,,,,,,,,,,,,,,,,,,,,,,,,,
2019-06-28 09:30:00.000000005,99968,100,99937,100,,,99913,100,,,99888,100,,,,,,,,,,,,,,,,,,,,,,,,,,,,
2019-06-28 09:30:00.000000006,,,99963,100,,,99937,100,,,99913,100,,,99888,100,,,,,,,,,,,,,,,,,,,,,,,,
2019-06-28 09:30:00.000000009,,,99989,100,,,99963,100,,,99937,100,,,99913,100,,,99888,100,,,,,,,,,,,,,,,,,,,,
2019-06-28 09:30:00.000000011,99994,100,99989,100,,,99963,100,,,99937,100,,,99913,100,,,99888,100,,,,,,,,,,,,,,,,,,,,
2019-06-28 09:30:00.000000013,99994,100,99989,100,100054,100,99963,100,100132,100,99937,100,,,99913,100,,,99888,100,,,,,,,,,,,,,,,,,,,,
2019-06-28 09:30:00.000000014,99994,100,99963,100,100054,100,99937,100,100132,100,99913,100,,,99888,100,,,,,,,,,,,,,,,,,,,,,,,,
2019-06-28 09:30:00.000000015,99985,100,99963,100,99994,200,99937,100,100054,100,99913,100,100132,100,99888,100,,,,,,,,,,,,,,,,,,,,,,,,
2019-06-28 09:30:00.000000021,99985,100,99963,100,99994,200,99937,100,100054,100,99913,100,100132,100,99888,100,,,99855,100,,,,,,,,,,,,,,,,,,,,
2019-06-28 09:30:00.000000022,99985,100,99968,100,99994,200,99963,100,100054,100,99937,100,100132,100,99913,100,,,99888,100,,,99855,100,,,,,,,,,,,,,,,,
2019-06-28 09:30:00.000000025,99994,200,99984,100,100054,100,99968,100,100132,100,99963,100,,,99937,100,,,99913,100,,,99888,100,,,99855,100,,,,,,,,,,,,
2019-06-28 09:30:00.000000027,99994,200,99984,100,100054,100,99968,100,100132,100,99963,100,,,99937,100,,,99913,100,,,99888,100,,,99884,100,,,99855,100,,,,,,,,
2019-06-28 09:30:00.000000029,99994,200,99984,100,100054,100,99968,100,100132,100,99963,100,,,99937,100,,,99913,100,,,99899,100,,,99888,100,,,99884,100,,,99855,100,,,,
2019-06-28 09:30:00.000000038,99994,200,99984,100,100054,100,99968,100,100132,100,99963,100,,,99937,100,,,99913,100,,,99899,100,,,99888,100,,,99884,100,,,99866,100,,,99855,100
2019-06-28 09:30:00.000000040,99994,200,99985,100,100054,100,99984,100,100132,100,99968,100,,,99963,100,,,99937,100,,,99913,100,,,99899,100,,,99888,100,,,99884,100,,,99866,100
2019-06-28 09:30:00.000000041,99994,200,99985,200,100054,100,99984,100,100132,100,99968,100,,,99963,100,,,99937,100,,,99913,100,,,99899,100,,,99888,100,,,99884,100,,,99866,100
2019-06-28 09:30:00.000000042,99994,200,99985,200,100032,100,99984,100,100054,100,99968,100,100132,100,99963,100,,,99937,100,,,99913,100,,,99899,100,,,99888,100,,,99884,100,,,99866,100
2019-06-28 09:30:00.000000044,99994,200,99985,200,100032,100,99984,100,100054,100,99968,100,100132,100,99963,100,,,99937,100,,,99913,100,,,99899,100,,,99888,100,,,99884,100,,,99866,200
2019-06-28 09:30:00.000000045,99994,200,99985,200,100032,100,99984,100,100054,100,99968,100,100092,100,99963,100,100132,100,99937,100,,,99913,100,,,99899,100,,,99888,100,,,99884,100,,,99866,200
2019-06-28 09:30:00.000000046,99994,200,99985,200,100032,100,99984,100,100054,100,99968,100,100092,100,99963,100,100132,100,99937,100,,,99913,100,,,99899,100,,,99888,100,,,99884,100,,,99877,100
2019-06-28 09:30:00.000000048,99994,200,99985,300,100032,100,99984,100,100054,100,99968,100,100092,100,99963,100,100132,100,99937,100,,,99913,100,,,99899,100,,,99888,100,,,99884,100,,,99877,100
2019-06-28 09:30:00.000000049,99994,200,99985,400,100032,100,99984,100,100054,100,99968,100,100092,100,99963,100,100132,100,99937,100,,,99913,100,,,99899,100,,,99888,100,,,99884,100,,,99877,100
2019-06-28 09:30:00.000000051,99994,200,99985,400,100032,100,99984,100,100054,100,99968,100,100092,100,99963,100,100132,100,99940,100,,,99937,100,,,99913,100,,,99899,100,,,99888,100,,,99884,100
2019-06-28 09:30:00.000000052,99994,200,99985,400,100032,100,99984,100,100054,100,99968,100,100071,100,99963,100,100092,100,99940,100,100132,100,99937,100,100194,100,99913,100,,,99899,100,,,99888,200,,,99884,100
2019-06-28 09:30:00.000000055,99994,200,99985,400,100009,100,99984,100,100032,100,99968,100,100054,100,99963,100,100071,100,99940,100,100092,100,99937,100,100132,100,99913,100,100194,100,99899,100,,,99888,200,,,99887,100
2019-06-28 09:30:00.000000056,99994,200,99985,400,100009,100,99984,100,100032,100,99968,100,100054,100,99963,100,100071,100,99940,100,100092,100,99937,100,100132,100,99913,100,100194,100,99899,100,,,99892,100,,,99888,200
2019-06-28 09:30:00.000000057,99994,200,99985,400,100009,100,99984,100,100032,100,99968,100,100051,100,99963,100,100054,100,99940,100,100071,100,99937,100,100078,100,99913,100,100092,100,99899,100,100132,100,99892,100,100194,100,99888,200
2019-06-28 09:30:00.000000058,99994,200,99985,400,100009,100,99984,100,100032,100,99968,100,100051,100,99963,100,100054,100,99940,100,100071,100,99937,100,100078,100,99913,100,100092,100,99899,100,100124,100,99892,100,100132,100,99888,200
2019-06-28 09:30:00.000000062,99994,200,99986,200,100009,100,99985,300,100032,100,99984,100,100051,100,99968,100,100054,100,99963,100,100071,100,99940,100,100078,100,99937,100,100092,100,99913,100,100124,100,99899,100,100132,100,99892,100
2019-06-28 09:30:00.000000064,99994,200,99986,200,100009,100,99985,300,100032,100,99984,100,100051,100,99968,100,100054,100,99967,100,100071,100,99963,100,100078,100,99940,100,100092,100,99937,100,100124,100,99913,100,100132,100,99899,100
2019-06-28 09:30:00.000000067,99994,200,99986,200,100009,100,99985,300,100032,100,99984,100,100051,100,99968,100,100054,100,99967,100,100071,100,99963,100,100078,100,99940,100,100092,100,99937,100,100124,100,99913,100,100132,100,99899,100
2019-06-28 09:30:00.000000069,99994,200,99986,200,100009,100,99985,300,100032,100,99984,100,100051,100,99968,100,100054,100,99967,100,100071,100,99963,100,100078,100,99940,100,100090,100,99937,100,100092,100,99913,100,100124,100,99899,100
2019-06-28 09:30:00.000000070,99994,200,99986,200,100009,100,99985,300,100032,100,99984,100,100051,100,99968,100,100054,100,99967,100,100071,100,99963,100,100078,100,99940,100,100090,100,99937,100,100092,100,99913,100,100124,100,99899,100
2019-06-28 09:30:00.000000071,99994,200,99986,200,100009,100,99985,300,100032,100,99984,100,100051,100,99968,100,100054,100,99967,100,100071,100,99963,100,100078,100,99960,100,100090,100,99940,100,100092,100,99937,100,100124,100,99913,100
2019-06-28 09:30:00.000000072,99994,200,99985,300,100009,100,99984,100,100032,100,99968,100,100051,100,99967,100,100054,100,99963,100,100071,100,99960,100,100078,100,99940,100,100090,100,99937,100,100092,100,99913,100,100124,100,99899,100
2019-06-28 09:30:00.000000074,99994,100,99985,300,100009,100,99984,100,100032,100,99968,100,100051,100,99967,100,100054,100,99963,100,100071,100,99960,100,100078,100,99940,100,100090,100,99937,100,100092,100,99913,100,100124,100,99899,100
2019-06-28 09:30:00.000000080,100009,100,99985,300,100032,100,99984,100,100051,100,99968,100,100054,100,99967,100,100071,100,99963,100,100078,100,99960,100,100090,100,99940,100,100092,100,99937,100,100124,100,99913,100,100132,100,99899,100
2019-06-28 09:30:00.000000082,100009,100,99985,300,100032,100,99984,100,100051,100,99968,100,100054,100,99967,100,100071,100,99963,100,100078,100,99960,100,100090,100,99940,100,100092,100,99937,100,100115,100,99913,100,100124,100,99899,100
2019-06-28 09:30:00.000000085,99994,100,99985,300,100009,100,99984,100,100032,100,99968,100,100051,100,99967,100,100054,100,99963,100,100062,100,99960,100,100071,100,99940,100,100078,100,99937,100,100090,100,99913,100,100092,100,99899,100
2019-06-28 09:30:00.000000086,100009,100,99985,300,100032,100,99984,100,100051,100,99968,100,100054,100,99967,100,100062,100,99963,100,100071,100,99960,100,100078,100,99940,100,100090,100,99937,100,100092,100,99913,100,100115,100,99899,100
2019-06-28 09:30:00.000000088,99994,100,99985,300,100009,100,99984,100,100032,100,99968,100,100051,100,99967,100,100054,100,99963,100,100062,100,99960,100,100071,100,99940,100,100078,100,99937,100,100090,100,99913,100,100092,100,99899,100
2019-06-28 09:30:00.000000093,99994,100,99985,300,100009,100,99984,100,100032,100,99968,100,100051,100,99967,100,100054,100,99963,100,100062,100,99960,100,100071,100,99940,100,100078,100,99937,100,100090,100,99924,100,100092,100,99913,100
2019-06-28 09:30:00.000000094,100009,100,99994,100,100026,100,99985,300,100032,100,99984,100,100051,100,99968,100,100054,100,99967,100,100062,100,99963,100,100071,100,99960,100,100078,100,99940,100,100090,100,99937,100,100092,100,99924,100
2019-06-28 09:30:00.000000095,100009,100,99994,100,100026,100,99985,300,100032,100,99984,100,100051,100,99968,100,100054,100,99967,100,100062,100,99963,100,100071,100,99960,100,100078,100,99940,100,100090,100,99937,100,100092,100,99924,100
2019-06-28 09:30:00.000000096,100009,100,99994,100,100026,100,99985,300,100032,100,99984,100,100051,100,99968,100,100054,100,99967,100,100062,100,99963,100,100071,100,99960,100,100078,100,99940,100,100090,100,99937,100,100092,100,99924,100
2019-06-28 09:30:10.000000000,100009,450,99994,450,100026,100,99985,300,100032,100,99984,100,100051,100,99968,100,100054,100,99967,100,100062,100,99963,100,100071,100,99960,100,100078,100,99940,100,100090,100,99937,100,100092,100,99924,100
2019-06-28 09:30:12.679903171,100009,450,99994,350,100026,100,99985,300,100032,100,99984,100,100051,100,99968,100,100054,100,99967,100,100062,100,99963,100,100071,100,99960,100,100078,100,99940,100,100090,100,99937,100,100092,100,99924,100
2019-06-28 09:30:13.243876961,100009,450,99994,250,100026,100,99985,300,100032,100,99984,100,100051,100,99968,100,100054,100,99967,100,100062,100,99963,100,100071,100,99960,100,100078,100,99940,100,100090,100,99937,100,100092,100,99924,100
2019-06-28 09:30:15.595186405,100009,450,99994,250,100026,100,99985,300,100032,100,99984,100,100051,100,99968,100,100054,100,99967,100,100062,100,99963,100,100071,100,99960,100,100078,100,99940,100,100090,100,99937,100,100092,100,99924,100
2019-06-28 09:30:20.000000000,100009,188,99985,388,100026,188,99984,188,100032,188,99968,188,100051,188,99967,188,100054,100,99963,100,100062,100,99960,100,100071,100,99940,100,100078,100,99937,100,100090,100,99924,100,100092,100,99919,100
2019-06-28 09:30:30.000000000,100009,450,99985,650,100026,100,99984,100,100032,100,99968,100,100051,100,99967,100,100054,100,99963,100,100062,100,99960,100,100071,100,99940,100,100078,100,99937,100,100090,100,99924,100,100092,100,99919,100
2019-06-28 09:30:40.000000000,100009,219,99985,419,100026,216,99984,216,100032,216,99968,216,100051,100,99967,100,100054,100,99963,100,100062,100,99960,100,100071,100,99940,100,100078,100,99937,100,100090,100,99924,100,100092,100,99919,100
2019-06-28 09:30:50.000000000,100009,188,99985,388,100026,188,99984,188,100032,188,99968,188,100051,188,99967,188,100054,100,99963,100,100062,100,99960,100,100071,100,99940,100,100078,100,99937,100,100090,100,99924,100,100092,100,99919,100
2019-06-28 09:31:00.000000000,100009,170,99985,370,100026,170,99984,170,100032,170,99968,170,100051,170,99967,170,100054,170,99963,170,100062,100,99960,100,100071,100,99940,100,100078,100,99937,100,100090,100,99924,100,100092,100,99919,100
2019-06-28 09:31:09.007647685,99994,100,99985,370,100009,170,99984,170,100026,170,99968,170,100032,170,99967,170,100051,170,99963,170,100054,170,99960,100,100062,100,99940,100,100071,100,99937,100,100078,100,99924,100,100090,100,99919,100
2019-06-28 09:31:10.000000000,99994,170,99985,370,100009,170,99984,170,100026,170,99968,170,100032,170,99967,170,100051,170,99963,170,100054,100,99960,100,100062,100,99940,100,100071,100,99937,100,100078,100,99924,100,100090,100,99919,100
2019-06-28 09:31:20.000000000,99994,275,99985,475,100009,275,99984,275,100026,100,99968,100,100032,100,99967,100,100051,100,99963,100,100054,100,99960,100,100062,100,99940,100,100071,100,99937,100,100078,100,99924,100,100090,100,99919,100
2019-06-28 09:31:29.259592581,99994,275,99985,475,100009,275,99984,275,100026,100,99968,100,100032,100,99967,100,100051,100,99963,100,100054,100,99960,100,100062,100,99940,100,100071,100,99937,100,100078,100,99924,100,100090,100,99919,100
2019-06-28 09:31:29.960026180,99994,275,99985,475,100009,275,99984,275,100026,100,99968,100,100032,100,99967,100,100051,100,99963,100,100054,100,99960,100,100062,100,99940,100,100071,100,99937,100,100078,100,99924,100,100090,100,99919,100
2019-06-28 09:31:30.000000000,99994,275,99985,475,100009,275,99984,275,100026,100,99968,100,100032,100,99967,100,100051,100,99963,100,100054,100,99960,100,100062,100,99940,100,100071,100,99937,100,100078,100,99924,100,100090,100,99919,100
2019-06-28 09:31:35.362886083,99994,275,99985,475,100009,175,99984,275,100026,100,99968,100,100032,100,99967,100,100051,100,99963,100,100054,100,99960,100,100062,100,99940,100,100071,100,99937,100,100078,100,99924,100,100090,100,99919,100
2019-06-28 09:31:40.000000000,99994,170,99985,370,100026,170,99984,170,100032,170,99968,170,100051,170,99967,170,100054,170,99963,170,100062,100,99960,100,100071,100,99940,100,100078,100,99937,100,100090,100,99924,100,100092,100,99919,100
2019-06-28 09:31:42.638919279,99994,170,99985,370,100026,170,99984,170,100032,170,99968,170,100051,170,99967,170,100054,70,99963,170,100062,100,99960,100,100071,100,99940,100,100078,100,99937,100,100086,100,99924,100,100090,100,99919,100
2019-06-28 09:31:50.000000000,99994,188,99985,388,100026,188,99984,188,100032,188,99968,188,100051,188,99967,188,100062,100,99963,100,100071,100,99960,100,100078,100,99940,100,100086,100,99937,100,100090,100,99924,100,100092,100,99919,100
2019-06-28 09:31:56.188780326,99994,188,99985,288,100026,188,99984,188,100032,188,99968,188,100051,188,99967,188,100062,100,99963,100,100071,100,99960,100,100078,100,99940,100,100086,100,99937,100,100090,100,99924,100,100092,100,99919,100
2019-06-28 09:32:00.000000000,99994,450,99985,550,100026,100,99984,100,100032,100,99968,100,100051,100,99967,100,100062,100,99963,100,100071,100,99960,100,100078,100,99940,100,100086,100,99937,100,100090,100,99924,100,100092,100,99919,100
2019-06-28 09:32:04.966096090,99994,450,99985,550,100026,100,99984,100,100032,100,99968,100,100051,100,99967,100,100062,100,99963,100,100071,100,99960,100,100078,100,99940,100,100086,100,99937,100,100090,100,99924,100,100092,100,99919,100
2019-06-28 09:32:10.000000000,99994,219,99985,319,100026,216,99984,216,100032,216,99968,216,100051,100,99967,100,100062,100,99963,100,100071,100,99960,100,100078,100,99940,100,100086,100,99937,100,100090,100,99924,100,100092,100,99919,100
2019-06-28 09:32:20.000000000,99994,188,99985,288,100026,188,99984,188,100032,188,99968,188,100051,188,99967,188,100062,100,99963,100,100071,100,99960,100,100078,100,99940,100,100086,100,99937,100,100090,100,99924,100,100092,100,99919,100
2019-06-28 09:32:30.000000000,99994,450,99985,550,100026,100,99984,100,100032,100,99968,100,100051,100,99967,100,100062,100,99963,100,100071,100,99960,100,100078,100,99940,100,100086,100,99937,100,100090,100,99924,100,100092,100,99919,100
2019-06-28 09:32:40.000000000,99994,219,99985,319,100026,216,99984,216,100032,216,99968,216,100051,100,99967,100,100062,100,99963,100,100071,100,99960,100,100078,100,99940,100,100086,100,99937,100,100090,100,99924,100,100092,100,99919,100
2019-06-28 09:32:43.088739562,99994,119,99985,319,100026,216,99984,216,100032,216,99968,216,100051,100,99967,100,100062,100,99963,100,100071,100,99960,100,100078,100,99940,100,100086,100,99937,100,100090,100,99924,100,100092,100,99914,100
2019-06-28 09:32:50.000000000,100026,450,99985,550,100032,100,99984,100,100051,100,99968,100,100062,100,99967,100,100071,100,99963,100,100078,100,99960,100,100086,100,99940,100,100090,100,99937,100,100092,100,99924,100,100115,100,99914,100
2019-06-28 09:32:55.832458517,100026,350,99985,550,100032,100,99984,100,100051,100,99968,100,100062,100,99967,100,100071,100,99963,100,100078,100,99960,100,100086,100,99940,100,100090,100,99937,100,100092,100,99914,100,100115,100,99899,100
2019-06-28 09:33:00.000000000,100032,275,99985,375,100051,275,99984,275,100062,100,99968,100,100071,100,99967,100,100078,100,99963,100,100086,100,99960,100,100090,100,99940,100,100092,100,99937,100,100115,100,99914,100,100124,100,99899,100
2019-06-28 09:33:10.000000000,100032,275,99985,375,100051,275,99984,275,100062,100,99968,100,100071,100,99967,100,100078,100,99963,100,100086,100,99960,100,100090,100,99940,100,100092,100,99937,100,100115,100,99914,100,100124,100,99899,100
2019-06-28 09:33:13.742236854,100032,175,99985,375,100051,275,99984,275,100062,100,99968,100,100071,100,99967,100,100078,100,99963,100,100086,100,99960,100,100090,100,99940,100,100092,100,99937,100,100115,100,99914,100,100124,100,99899,100
2019-06-28 09:33:20.000000000,100051,450,99985,550,100062,100,99984,100,100071,100,99968,100,100078,100,99967,100,100086,100,99963,100,100090,100,99960,100,100092,100,99940,100,100115,100,99937,100,100124,100,99914,100,100132,100,99899,100
2019-06-28 09:33:20.744164700,100051,450,100026,100,100062,100,99985,550,100071,100,99984,100,100078,100,99968,100,100086,100,99967,100,100090,100,99963,100,100092,100,99960,100,100115,100,99940,100,100124,100,99937,100,100132,100,99914,100
2019-06-28 09:33:30.000000000,100051,275,100026,275,100062,275,99985,375,100071,100,99984,100,100078,100,99968,100,100086,100,99967,100,100090,100,99963,100,100092,100,99960,100,100115,100,99940,100,100124,100,99937,100,100132,100,99914,100
2019-06-28 09:33:40.000000000,100051,275,100026,275,100062,275,99985,375,100071,100,99984,100,100078,100,99968,100,100086,100,99967,100,100090,100,99963,100,100092,100,99960,100,100115,100,99940,100,100124,100,99937,100,100132,100,99914,100
2019-06-28 09:33:50.000000000,100051,170,100026,170,100062,170,99985,270,100071,170,99984,170,100078,170,99968,170,100086,170,99967,170,100090,100,99963,100,100092,100,99960,100,100115,100,99940,100,100124,100,99937,100,100132,100,99914,100
2019-06-28 09:34:00.000000000,100051,219,100026,219,100062,216,99985,316,100071,216,99984,216,100078,100,99968,100,100086,100,99967,100,100090,100,99963,100,100092,100,99960,100,100115,100,99940,100,100124,100,99937,100,100132,100,99914,100
2019-06-28 09:34:07.078334742,100051,119,100026,219,100062,116,99985,316,100071,216,99984,216,100078,100,99968,100,100086,100,99967,100,100090,100,99963,100,100092,100,99960,100,100115,100,99940,100,100124,100,99937,100,100132,100,99914,100
2019-06-28 09:34:10.000000000,100071,450,100026,450,100078,100,99985,200,100086,100,99984,100,100090,100,99968,100,100092,100,99967,100,100115,100,99963,100,100124,100,99960,100,100132,100,99940,100,100182,100,99937,100,100194,100,99914,100
2019-06-28 09:34:13.996415139,100071,350,100026,450,100078,100,99985,200,100086,100,99984,100,100090,100,99968,100,100092,100,99967,100,100115,100,99963,100,100124,100,99960,100,100132,100,99940,100,100182,100,99937,100,100194,100,99899,100
2019-06-28 09:34:15.676938648,100071,350,100026,450,100078,100,99985,200,100086,100,99984,100,100090,100,99968,100,100092,100,99967,100,100115,100,99963,100,100124,100,99960,100,100132,100,99940,100,100182,100,99937,100,100194,100,99899,100
2019-06-28 09:34:20.000000000,100078,275,100026,275,100086,275,99985,375,100090,100,99984,100,100092,100,99968,100,100115,100,99967,100,100124,100,99963,100,100132,100,99960,100,100182,100,99940,100,100194,100,99937,100,101275,100,99899,100
2019-06-28 09:34:22.984885791,100078,175,100026,275,100086,275,99985,375,100090,100,99984,100,100092,100,99968,100,100115,100,99967,100,100124,100,99963,100,100132,100,99960,100,100182,100,99940,100,100194,100,99937,100,101275,100,99899,100
2019-06-28 09:34:30.000000000,100086,170,100026,170,100090,170,99985,270,100092,170,99984,170,100115,170,99968,170,100124,170,99967,170,100132,100,99963,100,100182,100,99960,100,100194,100,99940,100,101275,100,99937,100,,,99899,100
2019-06-28 09:34:31.641038979,100086,170,100026,170,100090,170,99985,270,100092,70,99984,170,100115,170,99968,170,100124,170,99967,170,100132,100,99963,100,100182,100,99960,100,100194,100,99940,100,101120,100,99937,100,101275,100,99899,100
2019-06-28 09:34:40.000000000,100086,219,100026,219,100090,216,99985,316,100115,216,99984,216,100124,100,99968,100,100132,100,99967,100,100182,100,99963,100,100194,100,99960,100,101120,100,99940,100,101275,100,99937,100,,,99899,100
2019-06-28 09:34:47.730579948,100086,119,100026,219,100090,216,99985,316,100115,216,99984,216,100124,100,99968,100,100132,100,99967,100,100182,100,99963,100,100194,100,99960,100,101120,100,99940,100,,,99937,100,,,99899,100
2019-06-28 09:34:50.000000000,100090,219,100026,219,100115,216,99985,316,100124,216,99984,216,100132,100,99968,100,100182,100,99967,100,100194,100,99963,100,101120,100,99960,100,,,99940,100,,,99937,100,,,99899,100
2019-06-28 09:35:00.000000000,100090,188,100026,188,100115,188,99985,288,100124,188,99984,188,100132,188,99968,188,100182,100,99967,100,100194,100,99963,100,101120,100,99960,100,,,99940,100,,,99937,100,,,99899,100
2019-06-28 09:35:10.000000000,100090,275,100026,275,100115,275,99985,375,100124,100,99984,100,100132,100,99968,100,100182,100,99967,100,100194,100,99963,100,101120,100,99960,100,,,99940,100,,,99937,100,,,99899,100
2019-06-28 09:35:13.683209291,100090,175,100026,275,100115,275,99985,375,100124,100,99984,100,100132,100,99968,100,100182,100,99967,100,100194,100,99963,100,101120,100,99960,100,,,99940,100,,,99937,100,,,99899,100
2019-06-28 09:35:15.416106867,100090,175,100026,275,100115,275,99985,375,100124,100,99984,100,100132,100,99968,100,100182,100,99967,100,100194,100,99963,100,100421,100,99960,100,101120,100,99940,100,,,99937,100,,,99899,100
2019-06-28 09:35:20.000000000,100115,170,100026,170,100124,170,99985,270,100132,170,99984,170,100182,170,99968,170,100194,170,99967,170,100421,100,99963,100,101120,100,99960,100,,,99940,100,,,99937,100,,,99899,100
2019-06-28 09:35:30.000000000,100115,170,100026,170,100124,170,99985,270,100132,170,99984,170,100182,170,99968,170,100194,170,99967,170,100421,100,99963,100,101120,100,99960,100,,,99940,100,,,99937,100,,,99899,100
2019-06-28 09:35:40.000000000,100115,275,100026,275,100124,275,99985,375,100132,100,99984,100,100182,100,99968,100,100194,100,99967,100,100421,100,99963,100,101120,100,99960,100,,,99940,100,,,99937,100,,,99899,100
2019-06-28 09:35:44.128272782,100115,275,100086,100,100124,275,100026,275,100132,100,99985,375,100182,100,99984,100,100194,100,99968,100,100421,100,99967,100,101120,100,99963,100,,,99960,100,,,99940,100,,,99937,100
2019-06-28 09:35:48.250522849,100115,275,100086,100,100124,275,100026,275,100132,100,99985,375,100182,100,99984,100,100194,100,99968,100,100421,100,99967,100,100534,100,99963,100,101120,100,99960,100,,,99940,100,,,99937,100
2019-06-28 09:35:50.000000000,100115,170,100086,170,100124,170,100026,170,100132,170,99985,270,100182,170,99984,170,100194,170,99968,170,100421,100,99967,100,100534,100,99963,100,101120,100,99960,100,,,99940,100,,,99937,100
2019-06-28 09:35:53.475321074,100115,170,100086,270,100124,170,100026,170,100132,170,99985,270,100182,170,99984,170,100194,170,99968,170,100421,100,99967,100,100534,100,99963,100,101120,100,99960,100,,,99940,100,,,99937,100
2019-06-28 09:36:00.000000000,100115,275,100086,375,100124,275,100026,275,100132,100,99985,200,100182,100,99984,100,100194,100,99968,100,100421,100,99967,100,100534,100,99963,100,101120,100,99960,100,,,99940,100,,,99937,100
2019-06-28 09:36:10.000000000,100115,450,100086,550,100124,100,100026,100,100132,100,99985,200,100182,100,99984,100,100194,100,99968,100,100421,100,99967,100,100534,100,99963,100,101120,100,99960,100,,,99940,100,,,99937,100
2019-06-28 09:36:20.000000000,100115,188,100086,288,100124,188,100026,188,100132,188,99985,288,100182,188,99984,188,100194,100,99968,100,100421,100,99967,100,100534,100,99963,100,101120,100,99960,100,,,99940,100,,,99937,100
2019-06-28 09:36:30.000000000,100115,188,100086,288,100124,188,100026,188,100132,188,99985,288,100182,188,99984,188,100194,100,99968,100,100421,100,99967,100,100534,100,99963,100,101120,100,99960,100,,,99940,100,,,99937,100
2019-06-28 09:36:40.000000000,100115,188,100086,288,100124,188,100026,188,100132,188,99985,288,100182,188,99984,188,100194,100,99968,100,100421,100,99967,100,100534,100,99963,100,101120,100,99960,100,,,99940,100,,,99937,100
2019-06-28 09:36:50.000000000,100115,188,100086,288,100124,188,100026,188,100132,188,99985,288,100182,188,99984,188,100194,100,99968,100,100421,100,99967,100,100534,100,99963,100,101120,100,99960,100,,,99940,100,,,99937,100
2019-06-28 09:36:56.680028619,100115,188,100086,188,100124,188,100026,188,100132,188,99985,288,100182,188,99984,188,100194,100,99968,100,100421,100,99967,100,100534,100,99963,100,101120,100,99960,100,,,99940,100,,,99937,100
2019-06-28 09:37:00.000000000,100115,219,100086,219,100124,216,100026,216,100132,216,99985,316,100182,100,99984,100,100194,100,99968,100,100421,100,99967,100,100534,100,99963,100,101120,100,99960,100,,,99940,100,,,99937,100
2019-06-28 09:37:03.039185793,100115,119,100086,219,100124,216,100026,216,100132,216,99985,316,100182,100,99984,100,100194,100,99968,100,100421,100,99967,100,100534,100,99963,100,101120,100,99960,100,,,99940,100,,,99937,100
2019-06-28 09:37:05.599206994,100115,119,100086,219,100124,216,100026,216,100132,216,99985,316,100182,100,99984,100,100194,100,99968,100,100421,100,99967,100,100534,100,99963,100,101120,100,99960,100,,,99940,100,,,99937,100
2019-06-28 09:37:10.000000000,100124,450,100086,450,100132,100,100026,100,100182,100,99985,200,100194,100,99984,100,100421,100,99968,100,100534,100,99967,100,101120,100,99963,100,,,99960,100,,,99940,100,,,99937,100
2019-06-28 09:37:20.000000000,100124,450,100086,450,100132,100,100026,100,100182,100,99985,200,100194,100,99984,100,100421,100,99968,100,100534,100,99967,100,101120,100,99963,100,,,99960,100,,,99940,100,,,99937,100
2019-06-28 09:37:20.729565307,100124,450,100086,350,100132,100,100026,100,100182,100,99985,200,100194,100,99984,100,100421,100,99968,100,100534,100,99967,100,101120,100,99963,100,,,99960,100,,,99940,100,,,99937,100
2019-06-28 09:37:27.031903928,100124,450,100086,250,100132,100,100026,100,100182,100,99985,200,100194,100,99984,100,100421,100,99968,100,100534,100,99967,100,101120,100,99963,100,,,99960,100,,,99940,100,,,99937,100
2019-06-28 09:37:30.000000000,100124,450,100026,450,100132,100,99985,200,100182,100,99984,100,100194,100,99968,100,100421,100,99967,100,100534,100,99963,100,101120,100,99960,100,,,99940,100,,,99937,100,,,99899,100
2019-06-28 09:37:40.000000000,100124,219,100026,219,100132,216,99985,316,100182,216,99984,216,100194,100,99968,100,100421,100,99967,100,100534,100,99963,100,101120,100,99960,100,,,99940,100,,,99937,100,,,99899,100
2019-06-28 09:37:50.000000000,100124,188,100026,188,100132,188,99985,288,100182,188,99984,188,100194,188,99968,188,100421,100,99967,100,100534,100,99963,100,101120,100,99960,100,,,99940,100,,,99937,100,,,99899,100
2019-06-28 09:37:52.788812011,100124,188,100026,88,100132,188,99985,288,100182,188,99984,188,100194,188,99968,188,100421,100,99967,100,100534,100,99963,100,101120,100,99960,100,,,99940,100,,,99937,100,,,99899,100
2019-06-28 09:37:55.965544781,100026,12,99985,288,100124,188,99984,188,100132,188,99968,188,100182,188,99967,100,100194,188,99963,100,100421,100,99960,100,100534,100,99940,100,101120,100,99937,100,,,99899,100,,,99895,100
2019-06-28 09:38:00.000000000,100026,100,99985,288,100124,188,99984,188,100132,188,99968,188,100182,188,99967,188,100194,100,99963,100,100421,100,99960,100,100534,100,99940,100,101120,100,99937,100,,,99899,100,,,99895,100
2019-06-28 09:38:05.131815560,100026,100,99985,288,100124,88,99984,188,100132,188,99968,188,100182,188,99967,188,100194,100,99963,100,100421,100,99960,100,100534,100,99940,100,101120,100,99937,100,,,99899,100,,,99895,100
2019-06-28 09:38:10.000000000,100026,131,99985,319,100132,216,99984,216,100182,216,99968,216,100194,100,99967,100,100421,100,99963,100,100534,100,99960,100,101120,100,99940,100,,,99937,100,,,99899,100,,,99895,100
2019-06-28 09:38:20.000000000,100026,362,99985,550,100132,100,99984,100,100182,100,99968,100,100194,100,99967,100,100421,100,99963,100,100534,100,99960,100,101120,100,99940,100,,,99937,100,,,99899,100,,,99895,100
2019-06-28 09:38:26.944795352,100026,462,99985,550,100132,100,99984,100,100182,100,99968,100,100194,100,99967,100,100421,100,99963,100,100534,100,99960,100,101120,100,99940,100,,,99937,100,,,99899,100,,,99895,100
2019-06-28 09:38:28.777597276,100026,462,99985,450,100132,100,99984,100,100194,100,99968,100,100421,100,99967,100,100534,100,99963,100,101120,100,99960,100,,,99940,100,,,99937,100,,,99899,100,,,99895,100
2019-06-28 09:38:30.000000000,100026,462,99985,450,100132,100,99984,100,100194,100,99968,100,100421,100,99967,100,100534,100,99963,100,101120,100,99960,100,,,99940,100,,,99937,100,,,99899,100,,,99895,100
2019-06-28 09:38:32.396786412,100026,462,99985,450,100132,100,99984,100,100194,100,99968,100,100421,100,99967,100,100534,100,99963,100,101120,100,99960,100,,,99940,100,,,99937,100,,,99899,100,,,99895,100
2019-06-28 09:38:40.000000000,100026,182,99985,170,100132,170,99984,170,100194,170,99968,170,100421,170,99967,170,100534,170,99963,170,101120,100,99960,100,,,99940,100,,,99937,100,,,99899,100,,,99895,100
2019-06-28 09:38:49.786120560,100025,100,99985,170,100026,182,99984,170,100132,170,99968,170,100194,170,99967,170,100421,170,99963,170,100534,170,99960,100,101120,100,99940,100,,,99937,100,,,99899,100,,,99895,100
2019-06-28 09:38:50.000000000,100025,450,99985,450,100026,112,99984,100,100132,100,99968,100,100194,100,99967,100,100421,100,99963,100,100534,100,99960,100,101120,100,99940,100,,,99937,100,,,99899,100,,,99895,100
2019-06-28 09:38:50.068381702,100025,450,99985,350,100026,112,99984,100,100132,100,99968,100,100194,100,99967,100,100421,100,99963,100,101120,100,99960,100,,,99940,100,,,99937,100,,,99899,100,,,99895,100
2019-06-28 09:39:00.000000000,100025,450,99984,450,100026,112,99968,100,100132,100,99967,100,100194,100,99963,100,100421,100,99960,100,101120,100,99940,100,,,99937,100,,,99899,100,,,99895,100,,,99892,100
2019-06-28 09:39:10.000000000,100025,275,99984,275,100026,287,99968,275,100132,100,99967,100,100194,100,99963,100,100421,100,99960,100,101120,100,99940,100,,,99937,100,,,99899,100,,,99895,100,,,99892,100
2019-06-28 09:39:20.000000000,100025,275,99984,275,100026,287,99968,275,100132,100,99967,100,100194,100,99963,100,100421,100,99960,100,101120,100,99940,100,,,99937,100,,,99899,100,,,99895,100,,,99892,100
2019-06-28 09:39:30.000000000,100025,188,99984,188,100026,200,99968,188,100132,188,99967,188,100194,188,99963,188,100421,100,99960,100,101120,100,99940,100,,,99937,100,,,99899,100,,,99895,100,,,99892,100
2019-06-28 09:39:33.518094782,100025,188,99984,188,100026,200,99968,188,100132,188,99967,188,100194,188,99963,188,100421,100,99960,100,100798,100,99940,100,101120,100,99937,100,,,99899,100,,,99895,100,,,99892,100
2019-06-28 09:39:37.131456225,100025,188,99986,100,100026,200,99984,188,100132,188,99968,188,100194,188,99967,188,100421,100,99963,188,100798,100,99960,100,101120,100,99940,100,,,99937,100,,,99899,100,,,99895,100
2019-06-28 09:39:40.000000000,100025,275,99986,275,100026,287,99984,275,100132,100,99968,100,100194,100,99967,100,100421,100,99963,100,100798,100,99960,100,101120,100,99940,100,,,99937,100,,,99899,100,,,99895,100
2019-06-28 09:39:50.000000000,100025,219,99986,219,100026,228,99984,216,100132,216,99968,216,100194,100,99967,100,100421,100,99963,100,100798,100,99960,100,101120,100,99940,100,,,99937,100,,,99899,100,,,99895,100
2019-06-28 09:39:55.507632083,100025,219,99986,219,100026,228,99984,216,100132,216,99968,216,100194,100,99967,100,100421,100,99963,100,100798,100,99960,100,100891,100,99940,100,101120,100,99937,100,,,99899,100,,,99895,100
2019-06-28 09:40:00.000000000,100025,188,99986,188,100026,200,99984,188,100132,188,99968,188,100194,188,99967,188,100421,100,99963,100,100798,100,99960,100,100891,100,99940,100,101120,100,99937,100,,,99899,100,,,99895,100
2019-06-28 09:40:05.855561685,100025,188,99986,188,100026,200,99984,188,100132,188,99968,188,100194,188,99967,188,100421,100,99963,100,100725,100,99960,100,100798,100,99940,100,100891,100,99937,100,101120,100,99899,100,,,99895,100
2019-06-28 09:40:10.000000000,100025,188,99986,188,100026,200,99984,188,100132,188,99968,188,100194,188,99967,188,100421,100,99963,100,100725,100,99960,100,100798,100,99940,100,100891,100,99937,100,101120,100,99899,100,,,99895,100
2019-06-28 09:40:20.000000000,100025,170,99986,170,100026,182,99984,170,100132,170,99968,170,100194,170,99967,170,100421,170,99963,170,100725,100,99960,100,100798,100,99940,100,100891,100,99937,100,101120,100,99899,100,,,99895,100
2019-06-28 09:40:30.000000000,100025,275,99986,275,100026,287,99984,275,100132,100,99968,100,100194,100,99967,100,100421,100,99963,100,100725,100,99960,100,100798,100,99940,100,100891,100,99937,100,101120,100,99899,100,,,99895,100
2019-06-28 09:40:32.000667661,100025,175,99986,275,100026,287,99984,275,100132,100,99968,100,100194,100,99963,100,100421,100,99960,100,100725,100,99940,100,100798,100,99937,100,100891,100,99899,100,101120,100,99895,100,,,99892,100
2019-06-28 09:40:40.000000000,100026,287,99986,275,100132,275,99984,275,100194,100,99968,100,100421,100,99963,100,100725,100,99960,100,100798,100,99940,100,100891,100,99937,100,101120,100,99899,100,,,99895,100,,,99892,100
2019-06-28 09:40:45.281786332,100026,287,99986,275,100132,275,99984,275,100194,100,99968,100,100421,100,99963,100,100725,100,99960,100,100798,100,99940,100,100891,100,99937,100,100931,100,99899,100,101120,100,99895,100,,,99892,100
2019-06-28 09:40:47.311070000,100026,287,99987,100,100132,275,99986,175,100194,100,99984,275,100421,100,99968,100,100725,100,99963,100,100798,100,99960,100,100891,100,99940,100,100931,100,99937,100,101120,100,99899,100,,,99895,100
2019-06-28 09:40:50.000000000,100026,231,99987,219,100132,216,99984,216,100194,216,99968,216,100421,100,99963,100,100725,100,99960,100,100798,100,99940,100,100891,100,99937,100,100931,100,99899,100,101120,100,99895,100,,,99892,100
2019-06-28 09:41:00.000000000,100026,462,99987,450,100132,100,99984,100,100194,100,99968,100,100421,100,99963,100,100725,100,99960,100,100798,100,99940,100,100891,100,99937,100,100931,100,99899,100,101120,100,99895,100,,,99892,100
2019-06-28 09:41:00.562747087,100026,462,99987,550,100132,100,99984,100,100194,100,99968,100,100421,100,99963,100,100725,100,99960,100,100798,100,99940,100,100891,100,99937,100,100931,100,99899,100,101120,100,99895,100,,,99892,100
2019-06-28 09:41:10.000000000,100026,182,99987,270,100132,170,99984,170,100194,170,99968,170,100421,170,99963,170,100725,170,99960,170,100798,100,99940,100,100891,100,99937,100,100931,100,99899,100,101120,100,99895,100,,,99892,100
2019-06-28 09:41:12.260844230,100026,82,99987,270,100132,170,99984,170,100194,170,99968,170,100421,170,99963,170,100725,170,99960,170,100798,100,99940,100,100891,100,99937,100,100931,100,99899,100,101120,100,99895,100,,,99892,100
2019-06-28 09:41:20.000000000,100026,131,99987,319,100132,216,99984,216,100194,216,99968,216,100421,100,99963,100,100725,100,99960,100,100798,100,99940,100,100891,100,99937,100,100931,100,99899,100,101120,100,99895,100,,,99892,100
2019-06-28 09:41:22.079983388,100026,131,100025,100,100132,216,99987,319,100194,216,99984,216,100421,100,99968,116,100725,100,99963,100,100798,100,99960,100,100891,100,99940,100,100931,100,99937,100,101120,100,99899,100,,,99895,100
2019-06-28 09:41:26.042341533,100026,131,100025,100,100132,216,99987,319,100194,216,99984,216,100421,100,99968,116,100725,100,99963,100,100798,100,99960,100,100891,100,99940,100,100931,100,99937,100,101120,100,99899,100,101136,100,99895,100
2019-06-28 09:41:30.000000000,100026,131,100025,219,100132,216,99987,316,100194,216,99984,216,100421,100,99963,100,100725,100,99960,100,100798,100,99940,100,100891,100,99937,100,100931,100,99899,100,101120,100,99895,100,101136,100,99892,100
2019-06-28 09:41:32.029709500,100026,31,100025,219,100132,216,99987,316,100194,216,99984,216,100421,100,99963,100,100725,100,99960,100,100798,100,99940,100,100891,100,99937,100,100931,100,99899,100,101120,100,99895,100,101136,100,99892,100
2019-06-28 09:41:40.000000000,100132,450,100025,450,100194,100,99987,200,100421,100,99984,100,100725,100,99963,100,100798,100,99960,100,100891,100,99940,100,100931,100,99937,100,101120,100,99899,100,101136,100,99895,100,,,99892,100
2019-06-28 09:41:42.727368068,100132,450,100025,450,100194,100,99987,200,100421,100,99984,100,100725,100,99963,100,100798,100,99960,100,100891,100,99940,100,100931,100,99937,100,100998,100,99899,100,101120,100,99895,100,101136,100,99892,100
2019-06-28 09:41:50.000000000,100132,450,100025,450,100194,100,99987,200,100421,100,99984,100,100725,100,99963,100,100798,100,99960,100,100891,100,99940,100,100931,100,99937,100,100998,100,99899,100,101120,100,99895,100,101136,100,99892,100
2019-06-28 09:42:00.000000000,100132,219,100025,219,100194,216,99987,316,100421,216,99984,216,100725,100,99963,100,100798,100,99960,100,100891,100,99940,100,100931,100,99937,100,100998,100,99899,100,101120,100,99895,100,101136,100,99892,100
2019-06-28 09:42:05.566512200,100132,219,100025,219,100194,216,99987,316,100421,116,99984,216,100725,100,99963,100,100798,100,99960,100,100891,100,99940,100,100931,100,99937,100,100998,100,99899,100,101120,100,99895,100,101136,100,99892,100
2019-06-28 09:42:10.000000000,100132,170,100025,170,100194,170,99987,270,100725,170,99984,170,100798,170,99963,170,100891,170,99960,170,100931,100,99940,100,100998,100,99937,100,101120,100,99899,100,101136,100,99895,100,101241,100,99892,100
2019-06-28 09:42:17.336830362,100132,70,100025,170,100194,170,99987,270,100725,170,99984,170,100798,170,99963,170,100891,170,99960,170,100931,100,99940,100,100998,100,99937,100,101120,100,99899,100,101136,100,99895,100,101241,100,99892,100
2019-06-28 09:42:20.000000000,100194,450,100025,450,100725,100,99987,200,100798,100,99984,100,100891,100,99963,100,100931,100,99960,100,100998,100,99940,100,101120,100,99937,100,101136,100,99899,100,101241,100,99895,100,,,99892,100
2019-06-28 09:42:30.000000000,100194,219,100025,219,100725,216,99987,316,100798,216,99984,216,100891,100,99963,100,100931,100,99960,100,100998,100,99940,100,101120,100,99937,100,101136,100,99899,100,101241,100,99895,100,,,99892,100
2019-06-28 09:42:40.000000000,100194,188,100025,188,100725,188,99987,288,100798,188,99984,188,100891,188,99963,188,100931,100,99960,100,100998,100,99940,100,101120,100,99937,100,101136,100,99899,100,101241,100,99895,100,,,99892,100
2019-06-28 09:42:50.000000000,100194,170,100025,170,100725,170,99987,270,100798,170,99984,170,100891,170,99963,170,100931,170,99960,170,100998,100,99940,100,101120,100,99937,100,101136,100,99899,100,101241,100,99895,100,,,99892,100
2019-06-28 09:42:56.269614765,100194,170,100025,170,100725,170,99987,270,100798,170,99984,170,100891,170,99963,170,100931,170,99960,170,100998,100,99940,100,101120,100,99937,100,101136,100,99899,100,101351,100,99895,100,,,99892,100
2019-06-28 09:43:00.000000000,100194,188,100025,188,100725,188,99987,288,100798,188,99984,188,100891,188,99963,188,100931,100,99960,100,100998,100,99940,100,101120,100,99937,100,101136,100,99899,100,101351,100,99895,100,,,99892,100
2019-06-28 09:43:00.637386027,100194,188,100025,188,100725,188,99987,288,100798,188,99984,188,100891,188,99963,188,100931,100,99960,100,100998,100,99940,100,101120,100,99937,100,101136,100,99899,100,101265,100,99895,100,101351,100,99892,100
2019-06-28 09:43:07.406238097,100194,188,100026,100,100725,188,100025,188,100798,188,99987,188,100891,188,99984,188,100931,100,99963,188,100998,100,99960,100,101120,100,99940,100,101136,100,99937,100,101265,100,99899,100,101351,100,99895,100
2019-06-28 09:43:10.000000000,100194,219,100026,219,100725,216,100025,216,100798,216,99987,216,100891,100,99984,100,100931,100,99963,100,100998,100,99960,100,101120,100,99940,100,101136,100,99937,100,101265,100,99899,100,101351,100,99895,100
2019-06-28 09:43:20.000000000,100194,275,100026,275,100725,275,100025,275,100798,100,99987,100,100891,100,99984,100,100931,100,99963,100,100998,100,99960,100,101120,100,99940,100,101136,100,99937,100,101265,100,99899,100,101351,100,99895,100
2019-06-28 09:43:30.000000000,100194,219,100026,219,100725,216,100025,216,100798,216,99987,216,100891,100,99984,100,100931,100,99963,100,100998,100,99960,100,101120,100,99940,100,101136,100,99937,100,101265,100,99899,100,101351,100,99895,100
2019-06-28 09:43:35.318161662,100194,119,100026,219,100725,216,100025,216,100798,216,99987,216,100891,100,99984,100,100931,100,99963,100,100998,100,99960,100,101120,100,99940,100,101136,100,99937,100,101265,100,99899,100,101351,100,99895,100
2019-06-28 09:43:35.937429042,100194,19,100026,219,100725,216,100025,216,100798,216,99987,216,100891,100,99984,100,100931,100,99963,100,100998,100,99960,100,101120,100,99940,100,101136,100,99937,100,101265,100,99899,100,101351,100,99895,100
2019-06-28 09:43:40.000000000,100725,170,100026,170,100798,170,100025,170,100891,170,99987,170,100931,170,99984,170,100998,170,99963,170,101120,100,99960,100,101136,100,99940,100,101265,100,99937,100,101351,100,99899,100,,,99895,100
2019-06-28 09:43:50.000000000,100725,170,100026,170,100798,170,100025,170,100891,170,99987,170,100931,170,99984,170,100998,170,99963,170,101120,100,99960,100,101136,100,99940,100,101265,100,99937,100,101351,100,99899,100,,,99895,100
2019-06-28 09:44:00.000000000,100725,170,100026,170,100798,170,100025,170,100891,170,99987,170,100931,170,99984,170,100998,170,99963,170,101120,100,99960,100,101136,100,99940,100,101265,100,99937,100,101351,100,99899,100,,,99895,100
2019-06-28 09:44:09.682756138,100725,170,100026,170,100798,170,100025,170,100891,170,99987,170,100931,170,99984,170,100998,170,99963,170,101120,100,99960,100,101136,100,99940,100,101265,100,99937,100,101351,100,99899,100,101494,100,99895,100
2019-06-28 09:44:10.000000000,100725,188,100026,188,100798,188,100025,188,100891,188,99987,188,100931,188,99984,188,100998,100,99963,100,101120,100,99960,100,101136,100,99940,100,101265,100,99937,100,101351,100,99899,100,101494,100,99895,100
2019-06-28 09:44:10.202685518,100725,188,100026,188,100798,88,100025,188,100891,188,99987,188,100931,188,99984,188,100998,100,99963,100,101120,100,99960,100,101136,100,99940,100,101265,100,99937,100,101285,100,99899,100,101351,100,99895,100
2019-06-28 09:44:11.467563410,100725,188,100026,188,100798,88,100025,188,100891,188,99987,188,100931,188,99984,188,100998,100,99963,100,101120,100,99960,100,101136,100,99940,100,101265,100,99937,100,101285,100,99899,100,101289,100,99895,100
2019-06-28 09:44:20.000000000,100725,219,100026,219,100891,216,100025,216,100931,216,99987,216,100998,100,99984,100,101120,100,99963,100,101136,100,99960,100,101265,100,99940,100,101285,100,99937,100,101289,100,99899,100,101351,100,99895,100
2019-06-28 09:44:21.673086163,100725,119,100026,219,100891,216,100025,216,100931,216,99987,216,100998,100,99984,100,101120,100,99963,100,101136,100,99960,100,101265,100,99940,100,101285,100,99937,100,101289,100,99899,100,101351,100,99895,100
2019-06-28 09:44:26.551733035,100725,119,100026,219,100891,216,100025,216,100931,216,99987,216,100998,100,99984,100,101120,100,99963,100,101136,100,99960,100,101265,100,99940,100,101285,100,99937,100,101289,100,99899,100,101351,100,99895,100
2019-06-28 09:44:29.037828970,100725,19,100026,219,100891,216,100025,216,100931,216,99987,216,100998,100,99984,100,101120,100,99963,100,101136,100,99960,100,101265,100,99940,100,101285,100,99937,100,101289,100,99895,100,101351,100,99892,100
2019-06-28 09:44:30.000000000,100891,275,100026,275,100931,275,100025,275,100998,100,99987,100,101120,100,99984,100,101136,100,99963,100,101265,100,99960,100,101285,100,99940,100,101289,100,99937,100,101351,100,99895,100,101494,100,99892,100
2019-06-28 09:44:31.944631721,100891,175,100026,275,100931,275,100025,275,100998,100,99987,100,101120,100,99984,100,101136,100,99963,100,101265,100,99960,100,101285,100,99940,100,101289,100,99937,100,101494,100,99895,100,101562,100,99892,100
2019-06-28 09:44:40.000000000,100931,450,100026,450,100998,100,100025,100,101120,100,99987,100,101136,100,99984,100,101265,100,99963,100,101285,100,99960,100,101289,100,99940,100,101494,100,99937,100,101562,100,99895,100,,,99892,100
2019-06-28 09:44:40.125438039,100931,450,100725,100,100998,100,100026,450,101120,100,100025,100,101136,100,99987,100,101265,100,99984,100,101285,100,99963,100,101289,100,99960,100,101494,100,99940,100,101562,100,99937,100,,,99895,100
2019-06-28 09:44:50.000000000,100931,275,100725,275,100998,275,100026,275,101120,100,100025,100,101136,100,99987,100,101265,100,99984,100,101285,100,99963,100,101289,100,99960,100,101494,100,99940,100,101562,100,99937,100,,,99895,100
2019-06-28 09:44:53.647028252,100931,175,100725,275,100998,275,100026,275,101120,100,100025,100,101136,100,99987,100,101265,100,99984,100,101285,100,99963,100,101289,100,99960,100,101494,100,99940,100,101562,100,99937,100,,,99895,100
2019-06-28 09:45:00.000000000,100998,188,100725,188,101120,188,100026,188,101136,188,100025,188,101265,188,99987,188,101285,100,99984,100,101289,100,99963,100,101494,100,99960,100,101562,100,99940,100,,,99937,100,,,99895,100
2019-06-28 09:45:08.129776014,100998,188,100725,188,101070,100,100026,188,101120,188,100025,188,101136,188,99987,188,101265,188,99984,100,101285,100,99963,100,101289,100,99960,100,101494,100,99940,100,101562,100,99937,100,,,99895,100
2019-06-28 09:45:10.000000000,100998,170,100725,170,101070,170,100026,170,101120,170,100025,170,101136,170,99987,170,101265,170,99984,170,101285,100,99963,100,101289,100,99960,100,101494,100,99940,100,101562,100,99937,100,,,99895,100
2019-06-28 09:45:17.671317370,100998,170,100725,170,101070,170,100026,170,101120,170,100025,170,101136,170,99987,170,101213,100,99984,170,101265,170,99963,100,101285,100,99960,100,101289,100,99940,100,101494,100,99937,100,101562,100,99895,100
2019-06-28 09:45:20.000000000,100998,450,100725,450,101070,100,100026,100,101120,100,100025,100,101136,100,99987,100,101213,100,99984,100,101265,100,99963,100,101285,100,99960,100,101289,100,99940,100,101494,100,99937,100,101562,100,99895,100
2019-06-28 09:45:25.533101301,100998,450,100891,100,101070,100,100725,450,101120,100,100026,100,101136,100,100025,100,101213,100,99984,100,101265,100,99963,100,101285,100,99960,100,101289,100,99940,100,101494,100,99937,100,101562,100,99895,100
2019-06-28 09:45:29.356870057,100998,450,100891,100,101070,100,100725,450,101120,100,100026,100,101136,100,100025,100,101193,100,99984,100,101213,100,99963,100,101265,100,99960,100,101285,100,99940,100,101289,100,99937,100,101494,100,99895,100
2019-06-28 09:45:30.000000000,100998,188,100891,188,101070,188,100725,188,101120,188,100026,188,101136,188,100025,188,101193,100,99984,100,101213,100,99963,100,101265,100,99960,100,101285,100,99940,100,101289,100,99937,100,101494,100,99895,100
2019-06-28 09:45:40.000000000,100998,170,100891,170,101070,170,100725,170,101120,170,100026,170,101136,170,100025,170,101193,170,99984,170,101213,100,99963,100,101265,100,99960,100,101285,100,99940,100,101289,100,99937,100,101494,100,99895,100
2019-06-28 09:45:43.274553304,100998,170,100891,170,101070,170,100725,70,101120,170,100026,170,101136,170,100025,170,101193,170,99984,170,101213,100,99963,100,101265,100,99960,100,101285,100,99940,100,101289,100,99937,100,101494,100,99895,100
2019-06-28 09:45:50.000000000,100998,170,100891,170,101070,170,100026,170,101120,170,100025,170,101136,170,99984,170,101193,170,99963,170,101213,100,99960,100,101265,100,99940,100,101285,100,99937,100,101289,100,99895,100,101494,100,99892,100
2019-06-28 09:45:58.190108334,100998,70,100891,170,101070,170,100026,170,101120,70,100025,170,101136,170,99984,170,101193,170,99963,170,101213,100,99960,100,101265,100,99940,100,101285,100,99937,100,101289,100,99895,100,101494,100,99892,100
2019-06-28 09:46:00.000000000,101070,450,100891,450,101136,100,100026,100,101193,100,100025,100,101213,100,99984,100,101265,100,99963,100,101285,100,99960,100,101289,100,99940,100,101494,100,99937,100,101562,100,99895,100,,,99892,100
2019-06-28 09:46:09.720186258,101070,450,100931,100,101136,100,100891,450,101193,100,100025,100,101213,100,99984,100,101265,100,99963,100,101285,100,99960,100,101289,100,99940,100,101494,100,99937,100,101562,100,99895,100,,,99892,100
2019-06-28 09:46:10.000000000,101070,219,100931,219,101136,216,100891,216,101193,216,100025,216,101213,100,99984,100,101265,100,99963,100,101285,100,99960,100,101289,100,99940,100,101494,100,99937,100,101562,100,99895,100,,,99892,100
2019-06-28 09:46:10.899981155,101035,100,100931,219,101070,219,100891,216,101136,216,100025,216,101193,216,99984,100,101213,100,99963,100,101265,100,99960,100,101285,100,99940,100,101289,100,99937,100,101494,100,99895,100,101562,100,99892,100
2019-06-28 09:46:12.856011117,101035,100,100931,319,101070,219,100891,216,101136,216,100025,216,101193,216,99984,100,101213,100,99963,100,101265,100,99960,100,101285,100,99940,100,101289,100,99937,100,101494,100,99895,100,101562,100,99892,100
2019-06-28 09:46:15.630574498,101070,219,100931,319,101136,216,100891,216,101193,216,100025,216,101213,100,99984,100,101265,100,99963,100,101285,100,99960,100,101289,100,99940,100,101494,100,99937,100,101562,100,99895,100,,,99892,100
2019-06-28 09:46:20.000000000,101070,275,100931,375,101136,275,100891,275,101193,100,100025,100,101213,100,99984,100,101265,100,99963,100,101285,100,99960,100,101289,100,99940,100,101494,100,99937,100,101562,100,99895,100,,,99892,100
2019-06-28 09:46:30.000000000,101070,275,100931,375,101136,275,100891,275,101193,100,100025,100,101213,100,99984,100,101265,100,99963,100,101285,100,99960,100,101289,100,99940,100,101494,100,99937,100,101562,100,99895,100,,,99892,100
2019-06-28 09:46:40.000000000,101070,188,100931,288,101136,188,100891,188,101193,188,100025,188,101213,188,99984,188,101265,100,99963,100,101285,100,99960,100,101289,100,99940,100,101494,100,99937,100,101562,100,99895,100,,,99892,100
2019-06-28 09:46:50.000000000,101070,170,100931,270,101136,170,100891,170,101193,170,100025,170,101213,170,99984,170,101265,170,99963,170,101285,100,99960,100,101289,100,99940,100,101494,100,99937,100,101562,100,99895,100,,,99892,100
2019-06-28 09:46:55.666731305,100997,100,100931,270,101070,170,100891,170,101136,170,100025,170,101193,170,99984,170,101213,170,99963,170,101265,170,99960,100,101285,100,99940,100,101289,100,99937,100,101494,100,99895,100,101562,100,99892,100
2019-06-28 09:46:58.612595021,100997,100,100931,170,101070,170,100891,170,101136,170,100025,170,101193,170,99984,170,101213,170,99963,170,101265,170,99960,100,101285,100,99940,100,101289,100,99937,100,101494,100,99892,100,101562,100,99887,100
2019-06-28 09:47:00.000000000,100997,450,100931,450,101070,100,100891,100,101136,100,100025,100,101193,100,99984,100,101213,100,99963,100,101265,100,99960,100,101285,100,99940,100,101289,100,99937,100,101494,100,99892,100,101562,100,99887,100
2019-06-28 09:47:10.000000000,100997,188,100931,188,101070,188,100891,188,101136,188,100025,188,101193,188,99984,188,101213,100,99963,100,101265,100,99960,100,101285,100,99940,100,101289,100,99937,100,101494,100,99892,100,101562,100,99887,100
2019-06-28 09:47:14.742090048,100997,188,100931,88,101070,188,100891,188,101136,188,100025,188,101193,188,99984,188,101213,100,99963,100,101265,100,99960,100,101285,100,99940,100,101289,100,99937,100,101494,100,99892,100,101562,100,99887,100
2019-06-28 09:47:14.846117901,100997,188,100931,88,101070,188,100891,188,101136,188,100727,100,101193,188,100025,188,101213,100,99984,188,101265,100,99963,100,101285,100,99960,100,101289,100,99940,100,101494,100,99937,100,101562,100,99892,100
2019-06-28 09:47:16.378018777,100931,12,100891,188,100997,188,100727,100,101070,188,100025,188,101136,188,99984,188,101193,188,99960,100,101213,100,99940,100,101265,100,99937,100,101285,100,99892,100,101289,100,99887,100,101494,100,99885,100
2019-06-28 09:47:20.000000000,100931,362,100891,450,100997,100,100727,100,101070,100,100025,100,101136,100,99984,100,101193,100,99960,100,101213,100,99940,100,101265,100,99937,100,101285,100,99892,100,101289,100,99887,100,101494,100,99885,100
2019-06-28 09:47:30.000000000,100931,131,100891,219,100997,216,100727,216,101070,216,100025,216,101136,100,99984,100,101193,100,99960,100,101213,100,99940,100,101265,100,99937,100,101285,100,99892,100,101289,100,99887,100,101494,100,99885,100
2019-06-28 09:47:32.556422998,100931,131,100891,219,100997,216,100727,216,101015,100,100025,216,101070,216,99984,100,101136,100,99960,100,101193,100,99940,100,101213,100,99937,100,101265,100,99892,100,101285,100,99887,100,101289,100,99885,100
2019-06-28 09:47:40.000000000,100931,362,100891,450,100997,100,100727,100,101015,100,100025,100,101070,100,99984,100,101136,100,99960,100,101193,100,99940,100,101213,100,99937,100,101265,100,99892,100,101285,100,99887,100,101289,100,99885,100
2019-06-28 09:47:41.892252598,100931,362,100891,450,100989,100,100727,100,100997,100,100025,100,101015,100,99984,100,101070,100,99960,100,101136,100,99940,100,101213,100,99937,100,101265,100,99892,100,101285,100,99887,100,101289,100,99885,100
2019-06-28 09:47:45.200962260,100931,362,100891,450,100989,100,100727,100,100997,100,100025,100,101002,100,99984,100,101015,100,99960,100,101070,100,99940,100,101136,100,99937,100,101213,100,99892,100,101265,100,99887,100,101285,100,99885,100
2019-06-28 09:47:50.000000000,100931,362,100891,450,100989,100,100727,100,100997,100,100025,100,101002,100,99984,100,101015,100,99960,100,101070,100,99940,100,101136,100,99937,100,101213,100,99892,100,101265,100,99887,100,101285,100,99885,100
2019-06-28 09:48:00.000000000,100931,100,100891,188,100989,188,100727,188,100997,188,100025,188,101002,188,99984,188,101015,100,99960,100,101070,100,99940,100,101136,100,99937,100,101213,100,99892,100,101265,100,99887,100,101285,100,99885,100
2019-06-28 09:48:10.000000000,100931,187,100891,275,100989,275,100727,275,100997,100,100025,100,101002,100,99984,100,101015,100,99960,100,101070,100,99940,100,101136,100,99937,100,101213,100,99892,100,101265,100,99887,100,101285,100,99885,100
2019-06-28 09:48:20.000000000,100931,187,100891,275,100989,275,100727,275,100997,100,100025,100,101002,100,99984,100,101015,100,99960,100,101070,100,99940,100,101136,100,99937,100,101213,100,99892,100,101265,100,99887,100,101285,100,99885,100
2019-06-28 09:48:30.000000000,100931,82,100891,170,100989,170,100727,170,100997,170,100025,170,101002,170,99984,170,101015,170,99960,170,101070,100,99940,100,101136,100,99937,100,101213,100,99892,100,101265,100,99887,100,101285,100,99885,100
2019-06-28 09:48:36.640333222,100931,82,100891,170,100989,170,100727,170,100997,170,100025,170,101002,170,99984,170,101015,170,99960,170,101047,100,99940,100,101070,100,99937,100,101136,100,99887,100,101213,100,99885,100,101265,100,99884,100
2019-06-28 09:48:40.000000000,100931,100,100891,188,100989,188,100727,188,100997,188,100025,188,101002,188,99984,188,101015,100,99960,100,101047,100,99940,100,101070,100,99937,100,101136,100,99887,100,101213,100,99885,100,101265,100,99884,100
2019-06-28 09:48:49.511435846,100989,188,100891,188,100997,188,100727,188,101002,188,100025,188,101015,100,99984,188,101047,100,99960,100,101070,100,99940,100,101136,100,99937,100,101213,100,99887,100,101265,100,99885,100,101285,100,99884,100
2019-06-28 09:48:50.000000000,100989,219,100891,219,100997,216,100727,216,101002,216,100025,216,101015,100,99984,100,101047,100,99960,100,101070,100,99940,100,101136,100,99937,100,101213,100,99887,100,101265,100,99885,100,101285,100,99884,100
2019-06-28 09:49:00.000000000,100989,450,100891,450,100997,100,100727,100,101002,100,100025,100,101015,100,99984,100,101047,100,99960,100,101070,100,99940,100,101136,100,99937,100,101213,100,99887,100,101265,100,99885,100,101285,100,99884,100
2019-06-28 09:49:05.256851069,100989,350,100891,450,100997,100,100727,100,101002,100,100025,100,101015,100,99984,100,101047,100,99960,100,101070,100,99937,100,101136,100,99887,100,101213,100,99885,100,101265,100,99884,100,101285,100,99877,100
2019-06-28 09:49:05.763941679,100989,350,100891,450,100997,100,100025,100,101002,100,99984,100,101015,100,99960,100,101047,100,99937,100,101070,100,99887,100,101136,100,99885,100,101213,100,99884,100,101265,100,99877,100,101285,100,99866,100
2019-06-28 09:49:10.000000000,100997,219,100891,219,101002,216,100025,216,101015,216,99984,216,101047,100,99960,100,101070,100,99937,100,101136,100,99887,100,101213,100,99885,100,101265,100,99884,100,101285,100,99877,100,101289,200,99866,100
2019-06-28 09:49:14.765559538,100997,219,100891,219,101002,216,100025,216,101015,216,99984,216,101036,100,99960,100,101047,100,99937,100,101070,100,99887,100,101136,100,99885,100,101213,100,99884,100,101265,100,99877,100,101285,100,99866,100
2019-06-28 09:49:20.000000000,100997,450,100891,450,101002,100,100025,100,101015,100,99984,100,101036,100,99960,100,101047,100,99937,100,101070,100,99887,100,101136,100,99885,100,101213,100,99884,100,101265,100,99877,100,101285,100,99866,100
2019-06-28 09:49:29.445815322,100997,450,100891,450,101002,100,100882,100,101015,100,100025,100,101036,100,99984,100,101047,100,99960,100,101070,100,99937,100,101136,100,99887,100,101213,100,99885,100,101265,100,99884,100,101285,100,99877,100
2019-06-28 09:49:30.000000000,100997,170,100891,170,101002,170,100882,170,101015,170,100025,170,101036,170,99984,170,101047,170,99960,170,101070,100,99937,100,101136,100,99887,100,101213,100,99885,100,101265,100,99884,100,101285,100,99877,100
2019-06-28 09:49:35.604325674,100997,70,100891,170,101002,170,100882,170,101015,170,100025,170,101036,170,99984,170,101047,170,99960,170,101070,100,99937,100,101136,100,99887,100,101213,100,99885,100,101265,100,99884,100,101285,100,99877,100
2019-06-28 09:49:40.000000000,101002,450,100891,450,101015,100,100882,100,101036,100,100025,100,101047,100,99984,100,101070,100,99960,100,101136,100,99937,100,101213,100,99887,100,101265,100,99885,100,101285,100,99884,100,101289,200,99877,100
2019-06-28 09:49:50.000000000,101002,170,100891,170,101015,170,100882,170,101036,170,100025,170,101047,170,99984,170,101070,170,99960,170,101136,100,99937,100,101213,100,99887,100,101265,100,99885,100,101285,100,99884,100,101289,200,99877,100
2019-06-28 09:50:00.000000000,101002,450,100891,450,101015,100,100882,100,101036,100,100025,100,101047,100,99984,100,101070,100,99960,100,101136,100,99937,100,101213,100,99887,100,101265,100,99885,100,101285,100,99884,100,101289,200,99877,100
2019-06-28 09:50:10.000000000,101002,275,100891,275,101015,275,100882,275,101036,100,100025,100,101047,100,99984,100,101070,100,99960,100,101136,100,99937,100,101213,100,99887,100,101265,100,99885,100,101285,100,99884,100,101289,200,99877,100
2019-06-28 09:50:20.000000000,101002,170,100891,170,101015,170,100882,170,101036,170,100025,170,101047,170,99984,170,101070,170,99960,170,101136,100,99937,100,101213,100,99887,100,101265,100,99885,100,101285,100,99884,100,101289,200,99877,100
2019-06-28 09:50:30.000000000,101002,450,100891,450,101015,100,100882,100,101036,100,100025,100,101047,100,99984,100,101070,100,99960,100,101136,100,99937,100,101213,100,99887,100,101265,100,99885,100,101285,100,99884,100,101289,200,99877,100
2019-06-28 09:50:30.989973715,101002,350,100891,450,101036,100,100882,100,101047,100,100025,100,101070,100,99984,100,101136,100,99960,100,101213,100,99937,100,101265,100,99887,100,101285,100,99885,100,101289,200,99884,100,,,99877,100
2019-06-28 09:50:40.000000000,101036,170,100891,170,101047,170,100882,170,101070,170,100025,170,101136,170,99984,170,101213,170,99960,170,101265,100,99937,100,101285,100,99887,100,101289,200,99885,100,,,99884,100,,,99877,100
2019-06-28 09:50:44.400776929,100996,100,100891,170,101036,170,100882,170,101047,170,100025,170,101070,170,99984,170,101136,170,99960,170,101213,170,99937,100,101265,100,99887,100,101285,100,99885,100,101289,200,99884,100,,,99877,100
2019-06-28 09:50:50.000000000,100996,219,100891,219,101036,216,100882,216,101047,216,100025,216,101070,100,99984,100,101136,100,99960,100,101213,100,99937,100,101265,100,99887,100,101285,100,99885,100,101289,200,99884,100,,,99877,100
2019-06-28 09:51:00.000000000,100996,275,100891,275,101036,275,100882,275,101047,100,100025,100,101070,100,99984,100,101136,100,99960,100,101213,100,99937,100,101265,100,99887,100,101285,100,99885,100,101289,200,99884,100,,,99877,100
2019-06-28 09:51:08.149113796,100996,275,100891,275,101036,275,100882,275,101047,100,100716,100,101070,100,100025,100,101136,100,99984,100,101213,100,99960,100,101265,100,99937,100,101285,100,99887,100,101289,200,99885,100,,,99884,100
2019-06-28 09:51:08.881496539,100996,275,100891,175,101036,275,100882,275,101047,100,100716,100,101070,100,100025,100,101136,100,99984,100,101213,100,99960,100,101265,100,99937,100,101285,100,99887,100,101289,200,99885,100,,,99884,100
2019-06-28 09:51:10.000000000,100996,170,100882,170,101036,170,100716,170,101047,170,100025,170,101070,170,99984,170,101136,170,99960,170,101213,100,99937,100,101265,100,99887,100,101285,100,99885,100,101289,200,99884,100,,,99877,100
2019-06-28 09:51:20.000000000,100996,275,100882,275,101036,275,100716,275,101047,100,100025,100,101070,100,99984,100,101136,100,99960,100,101213,100,99937,100,101265,100,99887,100,101285,100,99885,100,101289,200,99884,100,,,99877,100
2019-06-28 09:51:23.890179706,100996,275,100882,275,101036,275,100716,275,101047,100,100025,100,101070,100,99984,100,101081,100,99960,100,101136,100,99937,100,101213,100,99887,100,101265,100,99885,100,101285,100,99884,100,101289,100,99877,100
2019-06-28 09:51:30.000000000,100996,275,100882,275,101036,275,100716,275,101047,100,100025,100,101070,100,99984,100,101081,100,99960,100,101136,100,99937,100,101213,100,99887,100,101265,100,99885,100,101285,100,99884,100,101289,100,99877,100
2019-06-28 09:51:30.160130539,100996,275,100882,175,101036,275,100716,275,101047,100,100025,100,101070,100,99984,100,101081,100,99960,100,101136,100,99937,100,101213,100,99887,100,101265,100,99885,100,101285,100,99884,100,101289,100,99877,100
2019-06-28 09:51:40.000000000,100996,450,100716,450,101036,100,100025,100,101047,100,99984,100,101070,100,99960,100,101081,100,99937,100,101136,100,99887,100,101213,100,99885,100,101265,100,99884,100,101285,100,99877,100,101289,100,99866,100
2019-06-28 09:51:40.487074631,100833,100,100716,450,100996,450,100025,100,101036,100,99984,100,101047,100,99960,100,101070,100,99937,100,101081,100,99887,100,101136,100,99885,100,101213,100,99884,100,101265,100,99877,100,101285,100,99866,100
2019-06-28 09:51:41.481277988,100833,100,100716,450,100996,450,100025,100,101036,100,99984,100,101047,100,99960,100,101070,100,99937,100,101081,100,99887,100,101132,100,99885,100,101136,100,99884,100,101213,100,99877,100,101265,100,99866,100
2019-06-28 09:51:46.291498581,100833,100,100716,450,100964,100,100025,100,100996,450,99984,100,101036,100,99960,100,101047,100,99937,100,101070,100,99887,100,101081,100,99885,100,101132,100,99884,100,101136,100,99877,100,101213,100,99866,100
2019-06-28 09:51:50.000000000,100833,188,100716,188,100964,188,100025,188,100996,188,99984,188,101036,188,99960,188,101047,100,99937,100,101070,100,99887,100,101081,100,99885,100,101132,100,99884,100,101136,100,99877,100,101213,100,99866,100
2019-06-28 09:52:00.000000000,100833,450,100716,450,100964,100,100025,100,100996,100,99984,100,101036,100,99960,100,101047,100,99937,100,101070,100,99887,100,101081,100,99885,100,101132,100,99884,100,101136,100,99877,100,101213,100,99866,100
2019-06-28 09:52:06.938280263,100833,450,100716,450,100891,100,100025,100,100964,100,99984,100,100996,100,99960,100,101036,100,99937,100,101047,100,99887,100,101070,100,99885,100,101081,100,99884,100,101132,100,99877,100,101136,100,99866,100
2019-06-28 09:52:10.000000000,100833,450,100716,450,100891,100,100025,100,100964,100,99984,100,100996,100,99960,100,101036,100,99937,100,101047,100,99887,100,101070,100,99885,100,101081,100,99884,100,101132,100,99877,100,101136,100,99866,100
2019-06-28 09:52:16.820237134,100833,450,100716,450,100891,100,100025,100,100942,100,99984,100,100964,100,99960,100,100996,100,99937,100,101036,100,99887,100,101047,100,99885,100,101070,100,99884,100,101081,100,99877,100,101132,100,99866,100
2019-06-28 09:52:20.000000000,100833,275,100716,275,100891,275,100025,275,100942,100,99984,100,100964,100,99960,100,100996,100,99937,100,101036,100,99887,100,101047,100,99885,100,101070,100,99884,100,101081,100,99877,100,101132,100,99866,100
2019-06-28 09:52:21.400185832,100833,275,100716,175,100891,275,100584,100,100942,100,100025,275,100964,100,99984,100,100996,100,99960,100,101036,100,99937,100,101047,100,99887,100,101070,100,99885,100,101081,100,99884,100,101132,100,99877,100
2019-06-28 09:52:30.000000000,100833,275,100584,275,100891,275,100025,275,100942,100,99984,100,100964,100,99960,100,100996,100,99937,100,101036,100,99887,100,101047,100,99885,100,101070,100,99884,100,101081,100,99877,100,101132,100,99866,100
2019-06-28 09:52:34.524565021,100833,275,100705,100,100891,275,100584,275,100942,100,100025,275,100964,100,99984,100,100996,100,99960,100,101036,100,99937,100,101047,100,99887,100,101070,100,99885,100,101081,100,99884,100,101132,100,99877,100
2019-06-28 09:52:40.000000000,100833,219,100705,219,100891,216,100584,216,100942,216,100025,216,100964,100,99984,100,100996,100,99960,100,101036,100,99937,100,101047,100,99887,100,101070,100,99885,100,101081,100,99884,100,101132,100,99877,100
2019-06-28 09:52:50.000000000,100833,170,100705,170,100891,170,100584,170,100942,170,100025,170,100964,170,99984,170,100996,170,99960,170,101036,100,99937,100,101047,100,99887,100,101070,100,99885,100,101081,100,99884,100,101132,100,99877,100
2019-06-28 09:53:00.000000000,100833,275,100705,275,100891,275,100584,275,100942,100,100025,100,100964,100,99984,100,100996,100,99960,100,101036,100,99937,100,101047,100,99887,100,101070,100,99885,100,101081,100,99884,100,101132,100,99877,100
2019-06-28 09:53:10.000000000,100833,450,100705,450,100891,100,100584,100,100942,100,100025,100,100964,100,99984,100,100996,100,99960,100,101036,100,99937,100,101047,100,99887,100,101070,100,99885,100,101081,100,99884,100,101132,100,99877,100
2019-06-28 09:53:12.503432166,100833,450,100705,450,100891,200,100584,100,100942,100,100025,100,100964,100,99984,100,100996,100,99960,100,101036,100,99937,100,101047,100,99887,100,101070,100,99885,100,101081,100,99884,100,101132,100,99877,100
2019-06-28 09:53:20.000000000,100833,188,100705,188,100891,288,100584,188,100942,188,100025,188,100964,188,99984,188,100996,100,99960,100,101036,100,99937,100,101047,100,99887,100,101070,100,99885,100,101081,100,99884,100,101132,100,99877,100
2019-06-28 09:53:20.292112583,100833,188,100797,100,100891,288,100705,188,100942,188,100584,188,100964,188,100025,188,100996,100,99984,188,101036,100,99960,100,101047,100,99937,100,101070,100,99887,100,101081,100,99885,100,101132,100,99884,100
2019-06-28 09:53:30.000000000,100833,450,100797,450,100891,200,100705,100,100942,100,100584,100,100964,100,100025,100,100996,100,99984,100,101036,100,99960,100,101047,100,99937,100,101070,100,99887,100,101081,100,99885,100,101132,100,99884,100
2019-06-28 09:53:30.596776584,100833,350,100797,450,100891,200,100705,100,100942,100,100584,100,100964,100,100025,100,100996,100,99984,100,101036,100,99960,100,101047,100,99937,100,101070,100,99887,100,101081,100,99885,100,101132,100,99884,100
2019-06-28 09:53:32.718678098,100832,100,100797,450,100833,350,100705,100,100891,200,100584,100,100942,100,100025,100,100964,100,99984,100,100996,100,99960,100,101036,100,99937,100,101047,100,99887,100,101070,100,99885,100,101081,100,99884,100
2019-06-28 09:53:40.000000000,100832,275,100797,275,100891,375,100705,275,100942,100,100584,100,100964,100,100025,100,100996,100,99984,100,101036,100,99960,100,101047,100,99937,100,101070,100,99887,100,101081,100,99885,100,101132,100,99884,100
2019-06-28 09:53:49.057184673,100832,175,100797,275,100891,375,100705,275,100942,100,100584,100,100964,100,100025,100,100996,100,99984,100,101036,100,99960,100,101047,100,99937,100,101070,100,99887,100,101132,100,99885,100,101136,100,99884,100
2019-06-28 09:53:50.000000000,100891,270,100797,170,100942,170,100705,170,100964,170,100584,170,100996,170,100025,170,101036,170,99984,170,101047,100,99960,100,101070,100,99937,100,101132,100,99887,100,101136,100,99885,100,101213,100,99884,100
2019-06-28 09:54:00.000000000,100891,319,100797,219,100942,216,100705,216,100964,216,100584,216,100996,100,100025,100,101036,100,99984,100,101047,100,99960,100,101070,100,99937,100,101132,100,99887,100,101136,100,99885,100,101213,100,99884,100
2019-06-28 09:54:10.000000000,100891,550,100797,450,100942,100,100705,100,100964,100,100584,100,100996,100,100025,100,101036,100,99984,100,101047,100,99960,100,101070,100,99937,100,101132,100,99887,100,101136,100,99885,100,101213,100,99884,100
2019-06-28 09:54:20.000000000,100891,319,100797,219,100942,216,100705,216,100964,216,100584,216,100996,100,100025,100,101036,100,99984,100,101047,100,99960,100,101070,100,99937,100,101132,100,99887,100,101136,100,99885,100,101213,100,99884,100
2019-06-28 09:54:20.332228731,100891,219,100797,219,100942,216,100705,216,100964,216,100584,216,100996,100,100025,100,101036,100,99984,100,101047,100,99960,100,101070,100,99937,100,101132,100,99887,100,101136,100,99885,100,101213,100,99884,100
2019-06-28 09:54:25.760118310,100891,119,100797,219,100942,216,100705,216,100964,216,100584,216,100996,100,100025,100,101036,100,99984,100,101047,100,99960,100,101070,100,99937,100,101132,100,99887,100,101136,100,99885,100,101213,100,99884,100
2019-06-28 09:54:30.000000000,100942,219,100797,219,100964,216,100705,216,100996,216,100584,216,101036,100,100025,100,101047,100,99984,100,101070,100,99960,100,101132,100,99937,100,101136,100,99887,100,101213,100,99885,100,101265,100,99884,100
2019-06-28 09:54:32.427765193,100942,119,100797,219,100964,216,100705,216,100996,216,100584,216,101036,100,100025,100,101047,100,99984,100,101070,100,99960,100,101132,100,99937,100,101136,100,99887,100,101213,100,99885,100,101265,100,99884,100
2019-06-28 09:54:38.873187976,100942,119,100797,219,100964,216,100705,216,100996,216,100584,216,101036,100,100025,100,101070,100,99984,100,101132,100,99960,100,101136,100,99937,100,101213,100,99887,100,101265,100,99885,100,101289,100,99884,100
2019-06-28 09:54:40.000000000,100964,275,100797,275,100996,275,100705,275,101036,100,100584,100,101070,100,100025,100,101132,100,99984,100,101136,100,99960,100,101213,100,99937,100,101265,100,99887,100,101289,100,99885,100,101347,100,99884,100
2019-06-28 09:54:50.000000000,100964,219,100797,219,100996,216,100705,216,101036,216,100584,216,101070,100,100025,100,101132,100,99984,100,101136,100,99960,100,101213,100,99937,100,101265,100,99887,100,101289,100,99885,100,101347,100,99884,100
2019-06-28 09:54:55.079643470,100964,219,100891,100,100996,216,100797,219,101036,216,100705,216,101070,100,100584,216,101132,100,100025,100,101136,100,99984,100,101213,100,99960,100,101265,100,99937,100,101289,100,99887,100,101347,100,99885,100
2019-06-28 09:55:00.000000000,100964,188,100891,188,100996,188,100797,188,101036,188,100705,188,101070,188,100584,188,101132,100,100025,100,101136,100,99984,100,101213,100,99960,100,101265,100,99937,100,101289,100,99887,100,101347,100,99885,100
2019-06-28 09:55:10.000000000,100964,219,100891,219,100996,216,100797,216,101036,216,100705,216,101070,100,100584,100,101132,100,100025,100,101136,100,99984,100,101213,100,99960,100,101265,100,99937,100,101289,100,99887,100,101347,100,99885,100
2019-06-28 09:55:20.000000000,100964,450,100891,450,100996,100,100797,100,101036,100,100705,100,101070,100,100584,100,101132,100,100025,100,101136,100,99984,100,101213,100,99960,100,101265,100,99937,100,101289,100,99887,100,101347,100,99885,100
2019-06-28 09:55:29.904099433,100964,450,100891,450,100996,100,100797,100,101036,100,100705,100,101070,100,100584,100,101132,100,100025,100,101136,100,99984,100,101213,100,99960,100,101265,100,99937,100,101289,100,99887,100,101347,100,99885,100
2019-06-28 09:55:30.000000000,100964,450,100891,450,100996,100,100797,100,101036,100,100705,100,101070,100,100584,100,101132,100,100025,100,101136,100,99984,100,101213,100,99960,100,101265,100,99937,100,101289,100,99887,100,101347,100,99885,100
2019-06-28 09:55:37.053324818,100964,450,100891,550,100996,100,100797,100,101036,100,100705,100,101070,100,100584,100,101132,100,100025,100,101136,100,99984,100,101213,100,99960,100,101265,100,99937,100,101289,100,99887,100,101347,100,99885,100
2019-06-28 09:55:40.000000000,100964,275,100891,375,100996,275,100797,275,101036,100,100705,100,101070,100,100584,100,101132,100,100025,100,101136,100,99984,100,101213,100,99960,100,101265,100,99937,100,101289,100,99887,100,101347,100,99885,100
2019-06-28 09:55:50.000000000,100964,219,100891,319,100996,216,100797,216,101036,216,100705,216,101070,100,100584,100,101132,100,100025,100,101136,100,99984,100,101213,100,99960,100,101265,100,99937,100,101289,100,99887,100,101347,100,99885,100
2019-06-28 09:56:00.000000000,100964,188,100891,288,100996,188,100797,188,101036,188,100705,188,101070,188,100584,188,101132,100,100025,100,101136,100,99984,100,101213,100,99960,100,101265,100,99937,100,101289,100,99887,100,101347,100,99885,100
2019-06-28 09:56:10.000000000,100964,219,100891,319,100996,216,100797,216,101036,216,100705,216,101070,100,100584,100,101132,100,100025,100,101136,100,99984,100,101213,100,99960,100,101265,100,99937,100,101289,100,99887,100,101347,100,99885,100
2019-06-28 09:56:12.022286438,100964,119,100891,319,100996,216,100797,216,101036,216,100705,216,101070,100,100584,100,101132,100,100025,100,101136,100,99984,100,101213,100,99960,100,101265,100,99937,100,101289,100,99887,100,101347,100,99885,100
2019-06-28 09:56:14.085180618,100964,119,100891,319,100996,216,100797,216,101036,216,100705,216,101070,100,100584,100,101132,100,100025,100,101136,100,99984,100,101213,100,99960,100,101265,100,99937,100,101289,100,99887,100,101347,100,99885,100
2019-06-28 09:56:18.880010901,100964,119,100891,319,100996,116,100797,216,101036,216,100705,216,101070,100,100584,100,101132,100,100025,100,101136,100,99984,100,101213,100,99960,100,101265,100,99937,100,101289,100,99887,100,101347,100,99885,100
2019-06-28 09:56:19.783599005,100964,119,100942,100,100996,116,100891,319,101036,216,100797,216,101070,100,100705,216,101132,100,100584,100,101136,100,100025,100,101213,100,99984,100,101265,100,99960,100,101289,100,99937,100,101347,100,99887,100
2019-06-28 09:56:20.000000000,101036,450,100942,450,101070,100,100891,200,101132,100,100797,100,101136,100,100705,100,101213,100,100584,100,101265,100,100025,100,101289,100,99984,100,101347,100,99960,100,101592,100,99937,100,101659,100,99887,100
2019-06-28 09:56:26.272223517,101036,350,100942,450,101070,100,100891,200,101132,100,100797,100,101136,100,100705,100,101213,100,100584,100,101265,100,100025,100,101289,100,99984,100,101347,100,99960,100,101592,100,99937,100,101659,100,99887,100
2019-06-28 09:56:30.000000000,101070,275,100942,275,101132,275,100891,375,101136,100,100797,100,101213,100,100705,100,101265,100,100584,100,101289,100,100025,100,101347,100,99984,100,101592,100,99960,100,101659,100,99937,100,,,99887,100
2019-06-28 09:56:35.357602274,101070,175,100942,275,101132,275,100891,375,101136,100,100797,100,101213,100,100705,100,101265,100,100584,100,101289,100,100025,100,101347,100,99984,100,101592,100,99960,100,101659,100,99937,100,,,99887,100
2019-06-28 09:56:40.000000000,101132,188,100942,188,101136,188,100891,288,101213,188,100797,188,101265,188,100705,188,101289,100,100584,100,101347,100,100025,100,101592,100,99984,100,101659,100,99960,100,,,99937,100,,,99887,100
2019-06-28 09:56:40.076142942,101132,188,100942,188,101136,188,100891,288,101213,188,100797,188,101265,188,100705,188,101289,100,100584,100,101347,100,100025,100,101592,100,99984,100,101652,100,99960,100,101659,100,99937,100,,,99887,100
2019-06-28 09:56:50.000000000,101132,170,100942,170,101136,170,100891,270,101213,170,100797,170,101265,170,100705,170,101289,170,100584,170,101347,100,100025,100,101592,100,99984,100,101652,100,99960,100,101659,100,99937,100,,,99887,100
2019-06-28 09:56:50.776042243,101132,170,101036,100,101136,170,100942,170,101213,170,100891,270,101265,170,100797,170,101289,170,100705,170,101347,100,100584,170,101592,100,100025,100,101652,100,99984,100,101659,100,99960,100,,,99937,100
2019-06-28 09:57:00.000000000,101132,275,101036,275,101136,275,100942,275,101213,100,100891,200,101265,100,100797,100,101289,100,100705,100,101347,100,100584,100,101592,100,100025,100,101652,100,99984,100,101659,100,99960,100,,,99937,100
2019-06-28 09:57:10.000000000,101132,219,101036,219,101136,216,100942,216,101213,216,100891,316,101265,100,100797,100,101289,100,100705,100,101347,100,100584,100,101592,100,100025,100,101652,100,99984,100,101659,100,99960,100,,,99937,100
2019-06-28 09:57:12.845261678,101132,119,101036,219,101136,216,100942,216,101213,216,100891,316,101265,100,100797,100,101289,100,100705,100,101347,100,100584,100,101592,100,100025,100,101652,100,99984,100,101659,100,99960,100,,,99937,100
2019-06-28 09:57:18.197930955,101132,119,101036,219,101136,216,100942,216,101213,216,100891,316,101265,100,100797,100,101347,100,100705,100,101592,100,100584,100,101652,100,100025,100,101659,100,99984,100,101935,100,99960,100,,,99937,100
2019-06-28 09:57:20.000000000,101136,188,101036,188,101213,188,100942,188,101265,188,100891,288,101347,188,100797,188,101592,100,100705,100,101652,100,100584,100,101659,100,100025,100,101935,100,99984,100,,,99960,100,,,99937,100
2019-06-28 09:57:30.000000000,101136,219,101036,219,101213,216,100942,216,101265,216,100891,316,101347,100,100797,100,101592,100,100705,100,101652,100,100584,100,101659,100,100025,100,101935,100,99984,100,,,99960,100,,,99937,100
2019-06-28 09:57:40.000000000,101136,275,101036,275,101213,275,100942,275,101265,100,100891,200,101347,100,100797,100,101592,100,100705,100,101652,100,100584,100,101659,100,100025,100,101935,100,99984,100,,,99960,100,,,99937,100
2019-06-28 09:57:44.889617069,101136,275,101070,100,101213,275,101036,275,101265,100,100942,275,101347,100,100891,200,101592,100,100797,100,101652,100,100705,100,101659,100,100584,100,101935,100,100025,100,,,99984,100,,,99960,100
2019-06-28 09:57:50.000000000,101136,170,101070,170,101213,170,101036,170,101265,170,100942,170,101347,170,100891,270,101592,170,100797,170,101652,100,100705,100,101659,100,100584,100,101935,100,100025,100,,,99984,100,,,99960,100
2019-06-28 09:57:50.672649891,101136,170,101070,170,101213,170,101036,170,101265,170,100942,170,101347,170,100891,270,101592,170,100797,170,101652,100,100705,100,101659,100,100025,100,101849,100,99984,100,101935,100,99960,100,,,99937,100
2019-06-28 09:57:52.378532420,101136,170,101070,170,101213,170,101036,170,101265,170,100942,170,101347,170,100891,270,101592,170,100797,170,101652,100,100705,100,101659,100,100025,100,101849,100,99984,100,101861,100,99960,100,101935,100,99937,100
2019-06-28 09:58:00.000000000,101136,275,101070,275,101213,275,101036,275,101265,100,100942,100,101347,100,100891,200,101592,100,100797,100,101652,100,100705,100,101659,100,100025,100,101849,100,99984,100,101861,100,99960,100,101935,100,99937,100
2019-06-28 09:58:10.000000000,101136,170,101070,170,101213,170,101036,170,101265,170,100942,170,101347,170,100891,270,101592,170,100797,170,101652,100,100705,100,101659,100,100025,100,101849,100,99984,100,101861,100,99960,100,101935,100,99937,100
2019-06-28 09:58:20.000000000,101136,275,101070,275,101213,275,101036,275,101265,100,100942,100,101347,100,100891,200,101592,100,100797,100,101652,100,100705,100,101659,100,100025,100,101849,100,99984,100,101861,100,99960,100,101935,100,99937,100
2019-06-28 09:58:22.832047385,101136,175,101070,275,101213,275,101036,275,101265,100,100942,100,101347,100,100891,200,101592,100,100797,100,101652,100,100705,100,101659,100,100025,100,101849,100,99984,100,101861,100,99960,100,101935,100,99937,100
2019-06-28 09:58:30.000000000,101213,188,101070,188,101265,188,101036,188,101347,188,100942,188,101592,188,100891,288,101652,100,100797,100,101659,100,100705,100,101849,100,100025,100,101861,100,99984,100,101935,100,99960,100,,,99937,100
2019-06-28 09:58:40.000000000,101213,188,101070,188,101265,188,101036,188,101347,188,100942,188,101592,188,100891,288,101652,100,100797,100,101659,100,100705,100,101849,100,100025,100,101861,100,99984,100,101935,100,99960,100,,,99937,100
2019-06-28 09:58:50.000000000,101213,219,101070,219,101265,216,101036,216,101347,216,100942,216,101592,100,100891,200,101652,100,100797,100,101659,100,100705,100,101849,100,100025,100,101861,100,99984,100,101935,100,99960,100,,,99937,100
2019-06-28 09:58:53.999566502,101213,219,101132,100,101265,216,101070,219,101347,216,101036,216,101592,100,100942,216,101652,100,100891,100,101659,100,100797,100,101849,100,100705,100,101861,100,100025,100,101935,100,99984,100,,,99960,100
2019-06-28 09:59:00.000000000,101213,170,101132,170,101265,170,101070,170,101347,170,101036,170,101592,170,100942,170,101652,170,100891,170,101659,100,100797,100,101849,100,100705,100,101861,100,100025,100,101935,100,99984,100,,,99960,100
2019-06-28 09:59:10.000000000,101213,450,101132,450,101265,100,101070,100,101347,100,101036,100,101592,100,100942,100,101652,100,100891,100,101659,100,100797,100,101849,100,100705,100,101861,100,100025,100,101935,100,99984,100,,,99960,100
2019-06-28 09:59:20.000000000,101213,170,101132,170,101265,170,101070,170,101347,170,101036,170,101592,170,100942,170,101652,170,100891,170,101659,100,100797,100,101849,100,100705,100,101861,100,100025,100,101935,100,99984,100,,,99960,100
2019-06-28 09:59:30.000000000,101213,219,101132,219,101265,216,101070,216,101347,216,101036,216,101592,100,100942,100,101652,100,100891,100,101659,100,100797,100,101849,100,100705,100,101861,100,100025,100,101935,100,99984,100,,,99960,100
2019-06-28 09:59:32.308765483,101213,119,101132,219,101265,216,101070,216,101347,216,101036,216,101592,100,100942,100,101652,100,100891,100,101659,100,100797,100,101849,100,100705,100,101861,100,100025,100,101935,100,99984,100,,,99960,100
2019-06-28 09:59:38.539713728,101213,119,101132,219,101265,216,101070,216,101347,216,101036,216,101592,100,100942,100,101652,100,100891,100,101659,100,100797,100,101775,100,100705,100,101849,100,100025,100,101861,100,99984,100,101935,100,99960,100
2019-06-28 09:59:40.000000000,101265,170,101132,170,101347,170,101070,170,101592,170,101036,170,101652,170,100942,170,101659,170,100891,170,101775,100,100797,100,101849,100,100705,100,101861,100,100025,100,101935,100,99984,100,,,99960,100
2019-06-28 09:59:50.000000000,101265,170,101132,170,101347,170,101070,170,101592,170,101036,170,101652,170,100942,170,101659,170,100891,170,101775,100,100797,100,101849,100,100705,100,101861,100,100025,100,101935,100,99984,100,,,99960,100
2019-06-28 09:59:53.495302091,101265,170,101132,170,101347,170,101070,170,101592,170,101036,170,101652,170,100942,170,101659,170,100891,170,101775,100,100797,100,101849,100,100705,100,101861,100,99984,100,101935,100,99960,100,,,99937,100
2019-06-28 10:00:00.000000000,101265,450,101132,450,101347,100,101070,100,101592,100,101036,100,101652,100,100942,100,101659,100,100891,100,101775,100,100797,100,101849,100,100705,100,101861,100,99984,100,101935,100,99960,100,,,99937,100
2019-06-28 10:00:10.000000000,101265,219,101132,219,101347,216,101070,216,101592,216,101036,216,101652,100,100942,100,101659,100,100891,100,101775,100,100797,100,101849,100,100705,100,101861,100,99984,100,101935,100,99960,100,,,99937,100
2019-06-28 10:00:20.000000000,101265,170,101132,170,101347,170,101070,170,101592,170,101036,170,101652,170,100942,170,101659,170,100891,170,101775,100,100797,100,101849,100,100705,100,101861,100,99984,100,101935,100,99960,100,,,99937,100
2019-06-28 10:00:21.490763201,101265,70,101132,170,101347,170,101070,170,101592,170,101036,170,101652,170,100942,170,101659,170,100891,170,101775,100,100797,100,101849,100,100705,100,101861,100,99984,100,101935,100,99960,100,101969,100,99937,100
2019-06-28 10:00:30.000000000,101347,450,101132,450,101592,100,101070,100,101652,100,101036,100,101659,100,100942,100,101775,100,100891,100,101849,100,100797,100,101861,100,100705,100,101935,100,99984,100,101969,100,99960,100,,,99937,100
2019-06-28 10:00:31.490492677,101347,450,101132,450,101592,100,101070,100,101652,100,101036,100,101659,100,100942,100,101775,100,100891,100,101849,100,100797,100,101861,100,100705,100,101935,100,99984,100,101952,100,99960,100,101969,100,99937,100
2019-06-28 10:00:40.000000000,101347,170,101132,170,101592,170,101070,170,101652,170,101036,170,101659,170,100942,170,101775,170,100891,170,101849,100,100797,100,101861,100,100705,100,101935,100,99984,100,101952,100,99960,100,101969,100,99937,100
2019-06-28 10:00:50.000000000,101347,450,101132,450,101592,100,101070,100,101652,100,101036,100,101659,100,100942,100,101775,100,100891,100,101849,100,100797,100,101861,100,100705,100,101935,100,99984,100,101952,100,99960,100,101969,100,99937,100
2019-06-28 10:00:54.065511241,101347,450,101136,100,101592,100,101132,450,101652,100,101070,100,101659,100,101036,100,101775,100,100942,100,101849,100,100891,100,101861,100,100797,100,101935,100,100705,100,101952,100,99984,100,101969,100,99960,100
2019-06-28 10:00:54.717970936,101347,450,101136,200,101592,100,101132,450,101652,100,101070,100,101659,100,101036,100,101775,100,100942,100,101849,100,100891,100,101861,100,100797,100,101935,100,100705,100,101952,100,99984,100,101969,100,99960,100
2019-06-28 10:01:00.000000000,101347,188,101136,288,101592,188,101132,188,101652,188,101070,188,101659,188,101036,188,101775,100,100942,100,101849,100,100891,100,101861,100,100797,100,101935,100,100705,100,101952,100,99984,100,101969,100,99960,100
2019-06-28 10:01:01.822560491,101347,188,101136,388,101592,188,101132,188,101652,188,101070,188,101659,188,101036,188,101775,100,100942,100,101849,100,100891,100,101861,100,100797,100,101935,100,100705,100,101952,100,99984,100,101969,100,99960,100
2019-06-28 10:01:10.000000000,101347,170,101136,370,101592,170,101132,170,101652,170,101070,170,101659,170,101036,170,101775,170,100942,170,101849,100,100891,100,101861,100,100797,100,101935,100,100705,100,101952,100,99984,100,101969,100,99960,100
2019-06-28 10:01:20.000000000,101347,275,101136,475,101592,275,101132,275,101652,100,101070,100,101659,100,101036,100,101775,100,100942,100,101849,100,100891,100,101861,100,100797,100,101935,100,100705,100,101952,100,99984,100,101969,100,99960,100
2019-06-28 10:01:30.000000000,101347,219,101136,419,101592,216,101132,216,101652,216,101070,216,101659,100,101036,100,101775,100,100942,100,101849,100,100891,100,101861,100,100797,100,101935,100,100705,100,101952,100,99984,100,101969,100,99960,100
2019-06-28 10:01:40.000000000,101347,170,101136,370,101592,170,101132,170,101652,170,101070,170,101659,170,101036,170,101775,170,100942,170,101849,100,100891,100,101861,100,100797,100,101935,100,100705,100,101952,100,99984,100,101969,100,99960,100
2019-06-28 10:01:44.321212274,101347,70,101136,370,101592,170,101132,170,101652,170,101070,170,101659,170,101036,170,101775,170,100942,170,101849,100,100891,100,101861,100,100797,100,101935,100,100705,100,101952,100,99984,100,101969,100,99960,100
2019-06-28 10:01:50.000000000,101592,170,101136,370,101652,170,101132,170,101659,170,101070,170,101775,170,101036,170,101849,170,100942,170,101861,100,100891,100,101935,100,100797,100,101952,100,100705,100,101969,100,99984,100,,,99960,100
2019-06-28 10:01:56.385636260,101592,170,101529,100,101652,170,101136,370,101659,170,101132,170,101775,70,101070,170,101849,170,101036,170,101861,100,100942,170,101935,100,100891,100,101952,100,100797,100,101969,100,100705,100,,,99984,100
2019-06-28 10:02:00.000000000,101592,170,101529,170,101652,170,101136,370,101659,170,101132,170,101849,170,101070,170,101861,170,101036,170,101935,100,100942,100,101952,100,100891,100,101969,100,100797,100,,,100705,100,,,99984,100
2019-06-28 10:02:06.248977742,101592,70,101529,170,101652,170,101136,370,101659,170,101132,170,101687,100,101070,170,101849,170,101036,170,101861,170,100942,100,101935,100,100891,100,101952,100,100797,100,101969,100,100705,100,,,99984,100
2019-06-28 10:02:10.000000000,101652,275,101529,275,101659,275,101136,475,101687,100,101132,100,101849,100,101070,100,101861,100,101036,100,101935,100,100942,100,101952,100,100891,100,101969,100,100797,100,,,100705,100,,,99984,100
2019-06-28 10:02:13.813974401,101652,175,101529,275,101659,275,101136,475,101687,100,101132,100,101849,100,101070,100,101861,100,101036,100,101935,100,100942,100,101952,100,100891,100,101969,100,100797,100,,,100705,100,,,99984,100
2019-06-28 10:02:20.000000000,101659,170,101529,170,101687,170,101136,370,101849,170,101132,170,101861,170,101070,170,101935,170,101036,170,101952,100,100942,100,101969,100,100891,100,,,100797,100,,,100705,100,,,99984,100
2019-06-28 10:02:25.505588225,101659,170,101529,170,101687,170,101136,370,101714,100,101132,170,101849,170,101070,170,101861,170,101036,170,101935,170,100942,100,101952,100,100891,100,101969,100,100797,100,,,100705,100,,,99984,100
2019-06-28 10:02:27.959064385,101659,170,101529,170,101687,170,101507,100,101714,100,101136,370,101849,170,101132,170,101861,170,101070,170,101935,170,101036,170,101952,100,100942,100,101969,100,100891,100,,,100797,100,,,100705,100
2019-06-28 10:02:30.000000000,101659,275,101529,275,101687,275,101507,275,101714,100,101136,300,101849,100,101132,100,101861,100,101070,100,101935,100,101036,100,101952,100,100942,100,101969,100,100891,100,,,100797,100,,,100705,100
2019-06-28 10:02:40.000000000,101659,450,101529,450,101687,100,101507,100,101714,100,101136,300,101849,100,101132,100,101861,100,101070,100,101935,100,101036,100,101952,100,100942,100,101969,100,100891,100,,,100797,100,,,100705,100
2019-06-28 10:02:50.000000000,101659,275,101529,275,101687,275,101507,275,101714,100,101136,300,101849,100,101132,100,101861,100,101070,100,101935,100,101036,100,101952,100,100942,100,101969,100,100891,100,,,100797,100,,,100705,100
2019-06-28 10:02:54.015425514,101659,275,101529,275,101687,275,101507,275,101714,100,101136,400,101849,100,101132,100,101861,100,101070,100,101935,100,101036,100,101952,100,100942,100,101969,100,100891,100,,,100797,100,,,100705,100
2019-06-28 10:03:00.000000000,101659,450,101529,450,101687,100,101507,100,101714,100,101136,400,101849,100,101132,100,101861,100,101070,100,101935,100,101036,100,101952,100,100942,100,101969,100,100891,100,,,100797,100,,,100705,100
2019-06-28 10:03:10.000000000,101659,219,101529,219,101687,216,101507,216,101714,216,101136,516,101849,100,101132,100,101861,100,101070,100,101935,100,101036,100,101952,100,100942,100,101969,100,100891,100,,,100797,100,,,100705,100
2019-06-28 10:03:20.000000000,101659,275,101529,275,101687,275,101507,275,101714,100,101136,400,101849,100,101132,100,101861,100,101070,100,101935,100,101036,100,101952,100,100942,100,101969,100,100891,100,,,100797,100,,,100705,100
2019-06-28 10:03:30.000000000,101659,188,101529,188,101687,188,101507,188,101714,188,101136,488,101849,188,101132,188,101861,100,101070,100,101935,100,101036,100,101952,100,100942,100,101969,100,100891,100,,,100797,100,,,100705,100
2019-06-28 10:03:40.000000000,101659,219,101529,219,101687,216,101507,216,101714,216,101136,516,101849,100,101132,100,101861,100,101070,100,101935,100,101036,100,101952,100,100942,100,101969,100,100891,100,,,100797,100,,,100705,100
2019-06-28 10:03:44.536705854,101659,219,101529,219,101687,216,101507,216,101714,216,101136,416,101849,100,101132,100,101861,100,101070,100,101935,100,101036,100,101952,100,100942,100,101969,100,100891,100,,,100797,100,,,100705,100
2019-06-28 10:03:50.000000000,101659,170,101529,170,101687,170,101507,170,101714,170,101136,370,101849,170,101132,170,101861,170,101070,170,101935,100,101036,100,101952,100,100942,100,101969,100,100891,100,,,100797,100,,,100705,100
2019-06-28 10:03:50.643368766,101659,170,101529,170,101687,70,101507,170,101714,170,101136,370,101849,170,101132,170,101861,170,101070,170,101935,100,101036,100,101952,100,100942,100,101969,100,100895,100,,,100891,100,,,100797,100
2019-06-28 10:04:00.000000000,101659,219,101529,219,101714,216,101507,216,101849,216,101136,416,101861,100,101132,100,101935,100,101070,100,101952,100,101036,100,101969,100,100942,100,,,100895,100,,,100891,100,,,100797,100
2019-06-28 10:04:03.870877597,101659,219,101529,219,101714,216,101507,216,101849,216,101136,416,101861,100,101070,100,101935,100,101036,100,101952,100,100942,100,101969,100,100895,100,,,100891,100,,,100797,100,,,100705,100
2019-06-28 10:04:07.296486668,101659,219,101529,119,101714,216,101507,216,101849,216,101136,416,101861,100,101070,100,101935,100,101036,100,101952,100,100942,100,101969,100,100895,100,,,100891,100,,,100797,100,,,100705,100
2019-06-28 10:04:10.000000000,101659,275,101507,275,101714,275,101136,475,101849,100,101070,100,101861,100,101036,100,101935,100,100942,100,101952,100,100895,100,101969,100,100891,100,,,100797,100,,,100705,100,,,99984,100
2019-06-28 10:04:11.293588143,101591,100,101507,275,101659,275,101136,475,101714,275,101036,100,101849,100,100942,100,101861,100,100895,100,101935,100,100891,100,101952,100,100797,100,101969,100,100705,100,,,99984,100,,,99937,100
2019-06-28 10:04:20.000000000,101591,219,101507,219,101659,216,101136,416,101714,216,101036,216,101849,100,100942,100,101861,100,100895,100,101935,100,100891,100,101952,100,100797,100,101969,100,100705,100,,,99984,100,,,99937,100
2019-06-28 10:04:20.338407360,101591,219,101507,219,101659,216,101136,416,101714,216,101036,216,101849,100,100942,100,101861,100,100895,100,101935,100,100891,100,101952,100,100799,100,101969,100,100797,100,,,100705,100,,,99984,100
2019-06-28 10:04:30.000000000,101591,450,101507,450,101659,100,101136,300,101714,100,101036,100,101849,100,100942,100,101861,100,100895,100,101935,100,100891,100,101952,100,100799,100,101969,100,100797,100,,,100705,100,,,99984,100
2019-06-28 10:04:40.000000000,101591,188,101507,188,101659,188,101136,388,101714,188,101036,188,101849,188,100942,188,101861,100,100895,100,101935,100,100891,100,101952,100,100799,100,101969,100,100797,100,,,100705,100,,,99984,100
2019-06-28 10:04:50.000000000,101591,188,101507,188,101659,188,101136,388,101714,188,101036,188,101849,188,100942,188,101861,100,100895,100,101935,100,100891,100,101952,100,100799,100,101969,100,100797,100,,,100705,100,,,99984,100
2019-06-28 10:04:56.905669746,101591,188,101507,88,101659,188,101136,388,101714,188,101036,188,101849,188,100942,188,101861,100,100895,100,101935,100,100891,100,101952,100,100799,100,101969,100,100797,100,,,100705,100,,,99984,100
2019-06-28 10:05:00.000000000,101591,450,101136,650,101659,100,101036,100,101714,100,100942,100,101849,100,100895,100,101861,100,100891,100,101935,100,100799,100,101952,100,100797,100,101969,100,100705,100,,,99984,100,,,99937,100
2019-06-28 10:05:06.672141587,101591,450,101136,550,101659,100,101036,100,101714,100,100942,100,101849,100,100895,100,101861,100,100891,100,101935,100,100799,100,101952,100,100797,100,101969,100,100705,100,,,99984,100,,,99937,100
2019-06-28 10:05:10.000000000,101591,170,101136,270,101659,170,101036,170,101714,170,100942,170,101849,170,100895,170,101861,170,100891,170,101935,100,100799,100,101952,100,100797,100,101969,100,100705,100,,,99984,100,,,99937,100
2019-06-28 10:05:19.026860765,101591,170,101136,170,101659,170,101036,170,101714,170,100942,170,101849,170,100895,170,101861,170,100891,170,101935,100,100799,100,101952,100,100797,100,101969,100,100705,100,,,99984,100,,,99937,100
2019-06-28 10:05:19.038476626,101591,170,101136,170,101659,170,101036,170,101714,170,101019,100,101849,170,100942,170,101861,170,100895,170,101935,100,100891,170,101952,100,100799,100,101969,100,100797,100,,,100705,100,,,99984,100
2019-06-28 10:05:20.000000000,101591,188,101136,188,101659,188,101036,188,101714,188,101019,188,101849,188,100942,188,101861,100,100895,100,101935,100,100891,100,101952,100,100799,100,101969,100,100797,100,,,100705,100,,,99984,100
2019-06-28 10:05:30.000000000,101591,170,101136,170,101659,170,101036,170,101714,170,101019,170,101849,170,100942,170,101861,170,100895,170,101935,100,100891,100,101952,100,100799,100,101969,100,100797,100,,,100705,100,,,99984,100
2019-06-28 10:05:40.000000000,101591,275,101136,275,101659,275,101036,275,101714,100,101019,100,101849,100,100942,100,101861,100,100895,100,101935,100,100891,100,101952,100,100799,100,101969,100,100797,100,,,100705,100,,,99984,100
2019-06-28 10:05:50.000000000,101591,219,101136,219,101659,216,101036,216,101714,216,101019,216,101849,100,100942,100,101861,100,100895,100,101935,100,100891,100,101952,100,100799,100,101969,100,100797,100,,,100705,100,,,99984,100
2019-06-28 10:05:50.087349932,101591,219,101136,119,101659,216,101036,216,101714,216,101019,216,101849,100,100942,100,101861,100,100895,100,101935,100,100891,100,101952,100,100799,100,101969,100,100797,100,,,100779,100,,,100705,100
2019-06-28 10:05:52.816520754,101591,219,101136,19,101659,216,101036,216,101714,216,101019,216,101849,100,100942,100,101861,100,100895,100,101935,100,100891,100,101952,100,100799,100,101969,100,100797,100,,,100779,100,,,100705,100
2019-06-28 10:06:00.000000000,101591,170,101036,170,101659,170,101019,170,101714,170,100942,170,101849,170,100895,170,101861,170,100891,170,101935,100,100799,100,101952,100,100797,100,101969,100,100779,100,,,100705,100,,,99984,100
2019-06-28 10:06:10.000000000,101591,188,101036,188,101659,188,101019,188,101714,188,100942,188,101849,188,100895,188,101861,100,100891,100,101935,100,100799,100,101952,100,100797,100,101969,100,100779,100,,,100705,100,,,99984,100
2019-06-28 10:06:20.000000000,101591,275,101036,275,101659,275,101019,275,101714,100,100942,100,101849,100,100895,100,101861,100,100891,100,101935,100,100799,100,101952,100,100797,100,101969,100,100779,100,,,100705,100,,,99984,100
2019-06-28 10:06:30.000000000,101591,170,101036,170,101659,170,101019,170,101714,170,100942,170,101849,170,100895,170,101861,170,100891,170,101935,100,100799,100,101952,100,100797,100,101969,100,100779,100,,,100705,100,,,99984,100
2019-06-28 10:06:40.000000000,101591,275,101036,275,101659,275,101019,275,101714,100,100942,100,101849,100,100895,100,101861,100,100891,100,101935,100,100799,100,101952,100,100797,100,101969,100,100779,100,,,100705,100,,,99984,100
2019-06-28 10:06:44.007145289,101591,275,101137,100,101659,275,101036,175,101714,100,101019,275,101849,100,100942,100,101861,100,100895,100,101935,100,100891,100,101952,100,100799,100,101969,100,100797,100,,,100779,100,,,100705,100
2019-06-28 10:06:44.940006087,101176,100,101137,100,101591,275,101036,175,101659,275,101019,275,101714,100,100942,100,101849,100,100895,100,101861,100,100891,100,101935,100,100799,100,101952,100,100797,100,101969,100,100779,100,,,100705,100
2019-06-28 10:06:50.000000000,101176,450,101137,450,101591,100,101019,100,101659,100,100942,100,101714,100,100895,100,101849,100,100891,100,101861,100,100799,100,101935,100,100797,100,101952,100,100779,100,101969,100,100705,100,,,99984,100
2019-06-28 10:06:54.506250632,101176,450,101137,350,101659,100,101019,100,101714,100,100942,100,101849,100,100895,100,101861,100,100891,100,101935,100,100799,100,101952,100,100797,100,101969,100,100779,100,,,100705,100,,,99984,100
2019-06-28 10:07:00.000000000,101176,275,101019,275,101659,275,100942,275,101714,100,100895,100,101849,100,100891,100,101861,100,100799,100,101935,100,100797,100,101952,100,100779,100,101969,100,100705,100,,,99984,100,,,99937,100
