,ask_price_1,ask_size_1,bid_price_1,bid_size_1,ask_price_2,ask_size_2,bid_price_2,bid_size_2,ask_price_3,ask_size_3,bid_price_3,bid_size_3,ask_price_4,ask_size_4,bid_price_4,bid_size_4,ask_price_5,ask_size_5,bid_price_5,bid_size_5,ask_price_6,ask_size_6,bid_price_6,bid_size_6,ask_price_7,ask_size_7,bid_price_7,bid_size_7,ask_price_8,ask_size_8,bid_price_8,bid_size_8,ask_price_9,ask_size_9,bid_price_9,bid_size_9,ask_price_10,ask_size_10,bid_price_10,bid_size_10
2019-06-28 09:30:00.000000001,,,99948,100,,,99849,100,,,,,,,,,,,,,,,,,,,,,,,,,,,,,,,,
2019-06-28 09:30:00.000000003,,,100012,100,,,99948,100,,,99849,100,,,,,,,,,,,,,,,,,,,,,,,,,,,,
2019-06-28 09:30:00.000000005,,,100012,100,,,99970,100,,,99948,100,,,99908,100,,,99849,100,,,,,,,,,,,,,,,,,,,,
2019-06-28 09:30:00.000000006,,,100012,100,,,99970,100,,,99950,100,,,99948,100,,,99908,100,,,99849,100,,,,,,,,,,,,,,,,
2019-06-28 09:30:00.000000007,,,100026,100,,,100012,100,,,99970,100,,,99950,100,,,99948,100,,,99909,100,,,99908,100,,,99849,100,,,,,,,,
2019-06-28 09:30:00.000000008,,,100012,100,,,99970,100,,,99950,100,,,99948,100,,,99909,100,,,99908,100,,,99849,100,,,,,,,,,,,,
2019-06-28 09:30:00.000000009,100026,100,99970,100,,,99950,100,,,99948,100,,,99909,100,,,99908,100,,,99849,100,,,,,,,,,,,,,,,,
2019-06-28 09:30:00.000000010,100026,100,99970,100,,,99953,100,,,99950,100,,,99948,100,,,99909,100,,,99908,100,,,99849,100,,,,,,,,,,,,
2019-06-28 09:30:00.000000013,100026,100,99970,100,100111,100,99953,100,,,99950,100,,,99948,100,,,99909,100,,,99908,100,,,99849,100,,,,,,,,,,,,
2019-06-28 09:30:00.000000014,100026,100,99970,100,100111,100,99953,100,,,99950,100,,,99948,100,,,99927,100,,,99909,100,,,99908,100,,,99849,100,,,,,,,,
2019-06-28 09:30:00.000000015,100026,100,99970,100,100111,100,99953,100,,,99950,100,,,99948,100,,,99942,100,,,99927,100,,,99909,100,,,99908,100,,,99849,100,,,,
2019-06-28 09:30:00.000000016,100026,100,99970,100,100078,100,99953,100,100111,100,99950,100,,,99948,100,,,99942,100,,,99927,100,,,99909,100,,,99908,100,,,99849,100,,,,
2019-06-28 09:30:00.000000019,100026,100,99970,100,100078,100,99953,100,100111,100,99950,100,,,99948,100,,,99942,100,,,99927,100,,,99923,100,,,99909,100,,,99908,100,,,99849,100
2019-06-28 09:30:00.000000023,100026,100,99982,100,100078,100,99970,100,100111,100,99953,100,,,99950,100,,,99948,100,,,99942,100,,,99927,100,,,99923,100,,,99909,100,,,99908,100
2019-06-28 09:30:00.000000026,100026,100,99982,100,100078,100,99970,100,100111,100,99953,100,,,99950,100,,,99948,100,,,99942,200,,,99927,100,,,99923,100,,,99909,100,,,99908,100
2019-06-28 09:30:00.000000032,100026,100,99982,100,100078,100,99970,100,100111,100,99969,100,,,99953,100,,,99950,100,,,99948,100,,,99942,200,,,99927,100,,,99923,100,,,99909,100
2019-06-28 09:30:00.000000037,100026,100,100012,100,100078,100,99982,100,100111,100,99970,100,,,99969,100,,,99953,100,,,99950,100,,,99948,100,,,99942,200,,,99927,100,,,99923,100
2019-06-28 09:30:00.000000038,100078,100,100012,100,100111,100,99982,100,100148,100,99970,100,,,99969,100,,,99953,100,,,99950,100,,,99948,100,,,99942,200,,,99927,100,,,99923,100
2019-06-28 09:30:00.000000039,100078,100,100012,100,100111,100,99982,100,100148,100,99970,100,,,99969,100,,,99953,100,,,99950,100,,,99948,100,,,99942,200,,,99927,100,,,99923,100
2019-06-28 09:30:00.000000042,100025,100,100012,100,100078,100,99982,100,100111,100,99970,100,100148,100,99969,100,,,99953,100,,,99950,100,,,99948,100,,,99942,200,,,99927,100,,,99923,100
2019-06-28 09:30:00.000000043,100025,100,100012,100,100078,100,100006,100,100111,100,99982,100,100148,100,99970,100,,,99969,100,,,99953,100,,,99950,100,,,99948,100,,,99942,200,,,99927,100
2019-06-28 09:30:00.000000044,100078,100,100012,100,100111,100,100006,100,100148,100,99982,100,,,99970,100,,,99969,100,,,99953,100,,,99950,100,,,99948,100,,,99942,200,,,99927,100
2019-06-28 09:30:00.000000045,100078,100,100025,100,100111,100,100012,100,100148,100,100006,100,,,99982,100,,,99970,100,,,99969,100,,,99953,100,,,99950,100,,,99948,100,,,99942,200
2019-06-28 09:30:00.000000050,100078,100,100025,100,100111,100,100012,100,100139,100,100006,100,100148,100,99982,100,,,99970,100,,,99969,100,,,99953,100,,,99950,100,,,99948,100,,,99942,200
2019-06-28 09:30:00.000000051,100078,100,100025,100,100094,100,100012,100,100111,100,100006,100,100139,100,99982,100,100148,100,99970,100,,,99969,100,,,99953,100,,,99950,100,,,99948,100,,,99942,200
2019-06-28 09:30:00.000000052,100078,100,100025,100,100094,100,100012,100,100111,100,100006,100,100139,100,99982,200,100148,100,99970,100,,,99969,100,,,99953,100,,,99950,100,,,99948,100,,,99942,200
2019-06-28 09:30:00.000000053,100026,100,100025,100,100078,100,100012,100,100094,100,100006,100,100111,100,99982,200,100139,100,99970,100,100148,100,99969,100,,,99953,100,,,99950,100,,,99948,100,,,99942,200
2019-06-28 09:30:00.000000054,100026,200,100025,100,100078,100,100012,100,100083,100,100006,100,100094,100,99982,200,100111,100,99970,100,100139,100,99969,100,100148,100,99953,100,,,99950,100,,,99948,100,,,99942,200
2019-06-28 09:30:00.000000056,100026,200,100025,100,100052,100,100012,100,100078,100,100006,100,100083,100,99982,200,100094,100,99970,100,100111,100,99969,100,100139,100,99953,100,100148,100,99950,100,,,99948,100,,,99942,200
2019-06-28 09:30:00.000000057,100026,300,100025,100,100052,100,100012,100,100078,100,100006,100,100083,100,99982,200,100094,100,99970,100,100111,100,99969,100,100139,100,99953,100,100148,100,99950,100,,,99948,100,,,99942,200
2019-06-28 09:30:00.000000059,100026,300,100025,100,100052,100,100012,100,100078,100,100006,100,100083,100,99982,200,100094,100,99970,100,100111,100,99969,100,100139,100,99953,100,100148,100,99950,100,,,99948,100,,,99942,200
2019-06-28 09:30:00.000000064,100026,300,100025,100,100052,100,100012,100,100078,100,100011,100,100083,100,100006,100,100087,100,99982,200,100094,100,99970,100,100111,100,99969,100,100135,100,99953,100,100139,100,99950,100,100148,100,99948,100
2019-06-28 09:30:00.000000065,100026,300,100025,100,100052,100,100012,100,100078,100,100011,100,100083,100,100006,100,100087,100,99982,200,100094,100,99970,100,100106,100,99969,100,100111,100,99953,100,100135,100,99950,100,100139,100,99948,100
2019-06-28 09:30:00.000000066,100026,300,100025,100,100052,100,100012,100,100078,100,100011,100,100083,100,100006,100,100087,100,99982,200,100094,100,99970,100,100106,100,99969,100,100111,100,99953,100,100135,100,99950,100,100139,100,99948,100
2019-06-28 09:30:00.000000069,100026,300,100025,100,100052,100,100012,100,100078,100,100011,100,100083,100,100006,100,100087,100,99982,200,100094,100,99970,100,100106,100,99969,100,100111,100,99953,100,100117,100,99950,100,100135,100,99948,100
2019-06-28 09:30:00.000000071,100026,300,100025,100,100052,100,100012,100,100078,100,100011,100,100083,100,100006,100,100087,100,99982,200,100094,100,99970,100,100106,100,99969,100,100111,100,99953,100,100117,100,99950,100,100135,100,99948,100
2019-06-28 09:30:00.000000072,100026,300,100025,100,100052,100,100012,100,100078,100,100011,100,100083,100,100006,100,100087,100,99982,200,100094,100,99970,100,100106,100,99969,100,100111,100,99953,100,100117,100,99950,100,100135,100,99948,100
2019-06-28 09:30:00.000000073,100026,300,100012,100,100052,100,100011,100,100078,100,100006,100,100083,100,99982,200,100087,100,99970,100,100094,100,99969,100,100096,100,99953,100,100106,100,99950,100,100111,100,99948,100,100117,100,99942,200
2019-06-28 09:30:00.000000079,100026,300,100012,100,100052,100,100011,100,100078,100,100006,100,100083,100,99982,200,100087,100,99970,100,100094,100,99969,100,100096,100,99953,100,100106,100,99950,100,100111,100,99948,100,100117,100,99942,200
2019-06-28 09:30:00.000000081,100026,300,100012,100,100052,100,100011,100,100078,100,100006,100,100083,100,99982,200,100087,100,99970,100,100094,100,99969,100,100095,100,99953,100,100096,100,99950,100,100106,100,99948,100,100111,100,99942,200
2019-06-28 09:30:00.000000082,100026,300,100012,100,100052,100,100011,100,100075,100,100006,100,100078,100,99982,200,100083,100,99970,100,100087,100,99969,100,100094,100,99953,100,100095,100,99950,100,100096,100,99948,100,100106,100,99942,200
2019-06-28 09:30:00.000000083,100026,300,100012,100,100052,100,100011,100,100075,100,100006,100,100078,100,99982,200,100083,100,99970,100,100087,100,99969,100,100093,100,99953,100,100094,100,99950,100,100095,100,99948,100,100096,100,99942,200
2019-06-28 09:30:00.000000084,100025,100,100012,100,100026,300,100011,100,100052,100,100006,100,100075,100,99982,200,100078,100,99970,100,100083,100,99969,100,100087,100,99953,100,100093,100,99950,100,100094,100,99948,100,100095,100,99942,200
2019-06-28 09:30:00.000000088,100025,100,100012,100,100026,300,100011,100,100052,100,100006,100,100075,100,99982,200,100078,100,99970,100,100083,100,99969,100,100087,100,99953,100,100093,100,99950,100,100094,100,99948,100,100095,100,99942,200
2019-06-28 09:30:00.000000089,100025,100,100012,100,100026,300,100011,100,100052,100,100006,100,100075,100,99982,200,100078,100,99970,100,100083,100,99969,100,100086,100,99953,100,100087,100,99950,100,100093,100,99948,100,100094,100,99942,200
2019-06-28 09:30:00.000000092,100026,300,100012,100,100043,100,100011,100,100052,100,100006,100,100075,100,99982,200,100078,100,99970,100,100083,100,99969,100,100086,100,99953,100,100087,100,99950,100,100093,100,99948,100,100094,100,99942,200
2019-06-28 09:30:00.000000095,100026,200,100012,100,100043,100,100011,100,100052,100,100006,100,100075,100,99982,200,100078,100,99970,100,100083,100,99969,100,100086,100,99953,100,100087,100,99950,100,100093,100,99948,100,100094,100,99942,200
2019-06-28 09:30:00.000000097,100026,300,100012,100,100043,100,100011,100,100052,100,100006,100,100075,100,99982,200,100078,100,99970,100,100083,100,99969,100,100086,100,99953,100,100087,100,99950,100,100093,100,99948,100,100094,100,99942,200
2019-06-28 09:30:09.587476546,100026,300,100012,100,100043,100,100011,100,100052,100,100006,100,100075,100,99982,200,100078,100,99970,100,100083,100,99969,100,100086,100,99953,100,100087,100,99948,100,100093,100,99942,200,100094,100,99930,100
2019-06-28 09:30:10.000000000,100026,490,100012,290,100043,290,100011,290,100052,100,100006,100,100075,100,99982,200,100078,100,99970,100,100083,100,99969,100,100086,100,99953,100,100087,100,99948,100,100093,100,99942,200,100094,100,99930,100
2019-06-28 09:30:16.168744634,100026,490,100012,190,100043,290,100011,290,100052,100,100006,100,100075,100,99982,200,100078,100,99970,100,100083,100,99969,100,100086,100,99953,100,100087,100,99942,200,100093,100,99930,100,100094,100,99927,100
2019-06-28 09:30:20.000000000,100026,376,100011,176,100043,176,100006,176,100052,176,99982,276,100075,176,99970,176,100078,176,99969,176,100083,100,99953,100,100086,100,99942,200,100087,100,99930,100,100093,100,99927,100,100094,100,99923,200
2019-06-28 09:30:30.000000000,100026,395,100011,195,100043,195,100006,195,100052,195,99982,295,100075,195,99970,195,100078,100,99969,100,100083,100,99953,100,100086,100,99942,200,100087,100,99930,100,100093,100,99927,100,100094,100,99923,200
2019-06-28 09:30:40.000000000,100026,490,100011,290,100043,290,100006,290,100052,100,99982,200,100075,100,99970,100,100078,100,99969,100,100083,100,99953,100,100086,100,99942,200,100087,100,99930,100,100093,100,99927,100,100094,100,99923,200
2019-06-28 09:30:48.515837484,100026,490,100011,290,100043,290,100006,290,100052,100,99982,200,100075,100,99970,100,100078,100,99969,100,100083,100,99968,100,100086,100,99953,100,100087,100,99942,200,100094,100,99930,100,100095,100,99927,100
2019-06-28 09:30:50.000000000,100026,680,100011,480,100043,100,100006,100,100052,100,99982,200,100075,100,99970,100,100078,100,99969,100,100083,100,99968,100,100086,100,99953,100,100087,100,99942,200,100094,100,99930,100,100095,100,99927,100
2019-06-28 09:30:53.361374975,100026,680,100011,480,100043,100,100006,100,100075,100,99982,200,100078,100,99970,100,100083,100,99969,100,100086,100,99968,100,100087,100,99953,100,100094,100,99942,200,100095,100,99930,100,100096,100,99927,100
2019-06-28 09:31:00.000000000,100026,490,100011,290,100043,290,100006,290,100075,100,99982,200,100078,100,99970,100,100083,100,99969,100,100086,100,99968,100,100087,100,99953,100,100094,100,99942,200,100095,100,99930,100,100096,100,99927,100
2019-06-28 09:31:10.000000000,100026,490,100011,290,100043,290,100006,290,100075,100,99982,200,100078,100,99970,100,100083,100,99969,100,100086,100,99968,100,100087,100,99953,100,100094,100,99942,200,100095,100,99930,100,100096,100,99927,100
2019-06-28 09:31:20.000000000,100026,680,100011,480,100043,100,100006,100,100075,100,99982,200,100078,100,99970,100,100083,100,99969,100,100086,100,99968,100,100087,100,99953,100,100094,100,99942,200,100095,100,99930,100,100096,100,99927,100
2019-06-28 09:31:30.000000000,100026,490,100011,290,100043,290,100006,290,100075,100,99982,200,100078,100,99970,100,100083,100,99969,100,100086,100,99968,100,100087,100,99953,100,100094,100,99942,200,100095,100,99930,100,100096,100,99927,100
2019-06-28 09:31:32.351193256,100026,490,100011,290,100043,290,100006,290,100075,100,99982,200,100078,100,99970,100,100083,100,99969,100,100086,100,99968,100,100087,100,99953,100,100094,100,99942,100,100095,100,99930,100,100096,100,99927,100
2019-06-28 09:31:40.000000000,100026,395,100011,195,100043,195,100006,195,100075,195,99982,295,100078,195,99970,195,100083,100,99969,100,100086,100,99968,100,100087,100,99953,100,100094,100,99942,100,100095,100,99930,100,100096,100,99927,100
2019-06-28 09:31:47.171037697,100026,295,100011,195,100043,195,100006,195,100075,95,99982,295,100078,195,99970,195,100083,100,99969,100,100086,100,99968,100,100087,100,99953,100,100094,100,99942,100,100095,100,99930,100,100096,100,99927,100
2019-06-28 09:31:50.000000000,100026,390,100011,290,100043,290,100006,290,100078,100,99982,200,100083,100,99970,100,100086,100,99969,100,100087,100,99968,100,100094,100,99953,100,100095,100,99942,100,100096,100,99930,100,100106,100,99927,100
2019-06-28 09:31:52.177608762,100026,290,100011,290,100043,290,100006,290,100078,100,99982,200,100083,100,99970,100,100086,100,99969,100,100087,100,99968,100,100094,100,99942,100,100095,100,99930,100,100096,100,99927,100,100106,100,99923,200
2019-06-28 09:32:00.000000000,100026,480,100011,480,100043,100,100006,100,100078,100,99982,200,100083,100,99970,100,100086,100,99969,100,100087,100,99968,100,100094,100,99942,100,100095,100,99930,100,100096,100,99927,100,100106,100,99923,200
2019-06-28 09:32:04.124571683,100026,380,100011,480,100043,100,100006,100,100083,100,99982,200,100086,100,99970,100,100087,100,99969,100,100094,100,99968,100,100095,100,99942,100,100096,100,99930,100,100106,100,99927,100,100111,100,99923,200
2019-06-28 09:32:10.000000000,100043,195,100011,195,100083,195,100006,195,100086,195,99982,295,100087,195,99970,195,100094,100,99969,100,100095,100,99968,100,100096,100,99942,100,100106,100,99930,100,100111,100,99927,100,100117,100,99923,200
2019-06-28 09:32:12.788591258,100043,195,100011,195,100083,195,100006,195,100086,195,99982,295,100087,195,99970,195,100094,100,99969,100,100095,100,99968,100,100096,100,99942,100,100106,100,99930,100,100111,100,99927,100,100117,100,99923,200
2019-06-28 09:32:20.000000000,100043,480,100011,480,100083,100,100006,100,100086,100,99982,200,100087,100,99970,100,100094,100,99969,100,100095,100,99968,100,100096,100,99942,100,100106,100,99930,100,100111,100,99927,100,100117,100,99923,200
2019-06-28 09:32:21.459319639,100043,480,100026,100,100083,100,100011,480,100086,100,100006,100,100087,100,99982,200,100094,100,99970,100,100095,100,99969,100,100096,100,99968,100,100106,100,99942,100,100111,100,99930,100,100117,100,99927,100
2019-06-28 09:32:27.204099402,100043,380,100026,100,100083,100,100011,480,100086,100,100006,100,100087,100,99982,200,100094,100,99970,100,100095,100,99969,100,100096,100,99968,100,100106,100,99942,100,100111,100,99930,100,100117,100,99927,100
2019-06-28 09:32:30.000000000,100083,290,100026,290,100086,290,100011,290,100087,100,100006,100,100094,100,99982,200,100095,100,99970,100,100096,100,99969,100,100106,100,99968,100,100111,100,99942,100,100117,100,99930,100,100135,100,99927,100
2019-06-28 09:32:39.692735305,100083,290,100026,290,100086,290,100011,290,100087,100,100006,100,100094,100,99982,200,100095,100,99970,100,100096,100,99969,100,100106,100,99968,100,100111,100,99942,100,100117,100,99930,100,100135,100,99927,100
2019-06-28 09:32:40.000000000,100083,480,100026,480,100086,100,100011,100,100087,100,100006,100,100094,100,99982,200,100095,100,99970,100,100096,100,99969,100,100106,100,99968,100,100111,100,99942,100,100117,100,99930,100,100135,100,99927,100
2019-06-28 09:32:50.000000000,100083,229,100026,229,100086,225,100011,225,100087,225,100006,225,100094,100,99982,200,100095,100,99970,100,100096,100,99969,100,100106,100,99968,100,100111,100,99942,100,100117,100,99930,100,100135,100,99927,100
2019-06-28 09:33:00.000000000,100083,195,100026,195,100086,195,100011,195,100087,195,100006,195,100094,195,99982,295,100095,100,99970,100,100096,100,99969,100,100106,100,99968,100,100111,100,99942,100,100117,100,99930,100,100135,100,99927,100
2019-06-28 09:33:00.310786173,100083,195,100026,195,100086,195,100011,95,100087,195,100006,195,100094,195,99982,295,100095,100,99970,100,100096,100,99969,100,100106,100,99968,100,100111,100,99942,100,100117,100,99930,100,100135,100,99927,100
2019-06-28 09:33:10.000000000,100083,176,100026,176,100086,176,100006,176,100087,176,99982,276,100094,176,99970,176,100095,176,99969,176,100096,100,99968,100,100106,100,99942,100,100111,100,99930,100,100117,100,99927,100,100135,100,99923,200
2019-06-28 09:33:14.856050491,100083,176,100027,100,100086,176,100026,176,100087,176,100006,176,100094,176,99982,276,100095,176,99970,176,100096,100,99969,176,100106,100,99968,100,100111,100,99942,100,100117,100,99930,100,100135,100,99927,100
2019-06-28 09:33:20.000000000,100083,176,100027,176,100086,176,100026,176,100087,176,100006,176,100094,176,99982,276,100095,176,99970,176,100096,100,99969,100,100106,100,99968,100,100111,100,99942,100,100117,100,99930,100,100135,100,99927,100
2019-06-28 09:33:30.000000000,100083,290,100027,290,100086,290,100026,290,100087,100,100006,100,100094,100,99982,200,100095,100,99970,100,100096,100,99969,100,100106,100,99968,100,100111,100,99942,100,100117,100,99930,100,100135,100,99927,100
2019-06-28 09:33:40.000000000,100083,176,100027,176,100086,176,100026,176,100087,176,100006,176,100094,176,99982,276,100095,176,99970,176,100096,100,99969,100,100106,100,99968,100,100111,100,99942,100,100117,100,99930,100,100135,100,99927,100
2019-06-28 09:33:44.542675517,100083,76,100027,176,100086,176,100026,176,100087,176,100006,176,100094,176,99982,276,100095,176,99970,176,100096,100,99969,100,100106,100,99968,100,100111,100,99942,100,100117,100,99930,100,100135,100,99927,100
2019-06-28 09:33:47.557277062,100086,176,100083,24,100087,176,100027,176,100094,176,100026,176,100095,176,100006,176,100096,100,99982,276,100106,100,99970,176,100111,100,99969,100,100117,100,99968,100,100135,100,99942,100,100136,100,99930,100
2019-06-28 09:33:50.000000000,100086,290,100083,214,100087,290,100027,290,100094,100,100026,100,100095,100,100006,100,100096,100,99982,200,100106,100,99970,100,100111,100,99969,100,100117,100,99968,100,100135,100,99942,100,100136,100,99930,100
2019-06-28 09:33:54.964632579,100086,290,100083,314,100087,290,100027,290,100094,100,100026,100,100095,100,100006,100,100096,100,99982,200,100106,100,99969,100,100111,100,99968,100,100117,100,99942,100,100135,100,99930,100,100136,100,99927,100
2019-06-28 09:34:00.000000000,100086,195,100083,219,100087,195,100027,195,100094,195,100026,195,100095,195,100006,195,100096,100,99982,200,100106,100,99969,100,100111,100,99968,100,100117,100,99942,100,100135,100,99930,100,100136,100,99927,100
2019-06-28 09:34:00.898616060,100086,195,100083,319,100087,195,100027,195,100094,195,100026,195,100095,195,100006,195,100096,100,99982,200,100106,100,99969,100,100111,100,99968,100,100117,100,99942,100,100135,100,99930,100,100136,100,99927,100
2019-06-28 09:34:10.000000000,100086,229,100083,353,100087,225,100027,225,100094,225,100026,225,100095,100,100006,100,100096,100,99982,200,100106,100,99969,100,100111,100,99968,100,100117,100,99942,100,100135,100,99930,100,100136,100,99927,100
2019-06-28 09:34:20.000000000,100086,229,100083,353,100087,225,100027,225,100094,225,100026,225,100095,100,100006,100,100096,100,99982,200,100106,100,99969,100,100111,100,99968,100,100117,100,99942,100,100135,100,99930,100,100136,100,99927,100
2019-06-28 09:34:30.000000000,100086,195,100083,319,100087,195,100027,195,100094,195,100026,195,100095,195,100006,195,100096,100,99982,200,100106,100,99969,100,100111,100,99968,100,100117,100,99942,100,100135,100,99930,100,100136,100,99927,100
2019-06-28 09:34:36.056228005,100086,195,100083,319,100087,195,100027,195,100094,195,100026,195,100095,195,100006,195,100096,100,99982,100,100106,100,99969,100,100111,100,99968,100,100117,100,99942,100,100135,100,99930,100,100136,100,99927,100
2019-06-28 09:34:40.000000000,100086,290,100083,414,100087,290,100027,290,100094,100,100026,100,100095,100,100006,100,100096,100,99982,100,100106,100,99969,100,100111,100,99968,100,100117,100,99942,100,100135,100,99930,100,100136,100,99927,100
2019-06-28 09:34:50.000000000,100086,229,100083,353,100087,225,100027,225,100094,225,100026,225,100095,100,100006,100,100096,100,99982,100,100106,100,99969,100,100111,100,99968,100,100117,100,99942,100,100135,100,99930,100,100136,100,99927,100
2019-06-28 09:34:50.558091063,100086,229,100083,453,100087,225,100027,225,100094,225,100026,225,100095,100,100006,100,100096,100,99982,100,100106,100,99969,100,100111,100,99968,100,100117,100,99942,100,100135,100,99930,100,100136,100,99927,100
2019-06-28 09:34:55.595120982,100086,129,100083,453,100087,225,100027,225,100094,225,100026,225,100095,100,100006,100,100096,100,99982,100,100106,100,99969,100,100111,100,99968,100,100117,100,99942,100,100135,100,99930,100,100136,100,99927,100
2019-06-28 09:35:00.000000000,100087,290,100083,514,100094,290,100027,290,100095,100,100026,100,100096,100,100006,100,100106,100,99982,100,100111,100,99969,100,100117,100,99968,100,100135,100,99942,100,100136,100,99930,100,100139,100,99927,100
2019-06-28 09:35:10.000000000,100087,195,100083,419,100094,195,100027,195,100095,195,100026,195,100096,195,100006,195,100106,100,99982,100,100111,100,99969,100,100117,100,99968,100,100135,100,99942,100,100136,100,99930,100,100139,100,99927,100
2019-06-28 09:35:20.000000000,100087,176,100083,400,100094,176,100027,176,100095,176,100026,176,100096,176,100006,176,100106,176,99982,176,100111,100,99969,100,100117,100,99968,100,100135,100,99942,100,100136,100,99930,100,100139,100,99927,100
2019-06-28 09:35:30.000000000,100087,480,100083,704,100094,100,100027,100,100095,100,100026,100,100096,100,100006,100,100106,100,99982,100,100111,100,99969,100,100117,100,99968,100,100135,100,99942,100,100136,100,99930,100,100139,100,99927,100
2019-06-28 09:35:40.000000000,100087,195,100083,419,100094,195,100027,195,100095,195,100026,195,100096,195,100006,195,100106,100,99982,100,100111,100,99969,100,100117,100,99968,100,100135,100,99942,100,100136,100,99930,100,100139,100,99927,100
2019-06-28 09:35:42.287620847,100087,95,100083,419,100094,195,100027,195,100095,195,100026,195,100096,195,100006,195,100106,100,99982,100,100111,100,99969,100,100117,100,99942,100,100135,100,99930,100,100136,100,99927,100,100139,100,99923,200
2019-06-28 09:35:50.000000000,100094,290,100083,514,100095,290,100027,290,100096,100,100026,100,100106,100,100006,100,100111,100,99982,100,100117,100,99969,100,100135,100,99942,100,100136,100,99930,100,100139,100,99927,100,100148,100,99923,200
2019-06-28 09:36:00.000000000,100094,176,100083,400,100095,176,100027,176,100096,176,100026,176,100106,176,100006,176,100111,176,99982,176,100117,100,99969,100,100135,100,99942,100,100136,100,99930,100,100139,100,99927,100,100148,100,99923,200
2019-06-28 09:36:09.110814678,100094,176,100083,400,100095,176,100027,176,100096,176,100026,176,100106,176,100006,176,100111,176,99982,176,100117,100,99969,100,100135,100,99942,100,100136,100,99930,100,100139,100,99927,100,100148,100,99923,200
2019-06-28 09:36:10.000000000,100094,176,100083,400,100095,176,100027,176,100096,176,100026,176,100106,176,100006,176,100111,176,99982,176,100117,100,99969,100,100135,100,99942,100,100136,100,99930,100,100139,100,99927,100,100148,100,99923,200
2019-06-28 09:36:20.000000000,100094,480,100083,704,100095,100,100027,100,100096,100,100026,100,100106,100,100006,100,100111,100,99982,100,100117,100,99969,100,100135,100,99942,100,100136,100,99930,100,100139,100,99927,100,100148,100,99923,200
2019-06-28 09:36:23.933329416,100094,480,100083,704,100095,100,100027,100,100096,100,100026,100,100106,100,100006,100,100111,100,99982,100,100117,100,99969,100,100135,100,99942,100,100136,100,99930,100,100139,100,99927,100,100148,100,99923,200
2019-06-28 09:36:26.959732751,100094,480,100083,704,100095,100,100027,100,100096,100,100026,100,100106,100,100006,100,100111,100,99982,100,100117,100,99969,100,100135,100,99942,100,100136,100,99930,100,100139,100,99927,100,100148,100,99923,200
2019-06-28 09:36:30.000000000,100094,290,100083,514,100095,290,100027,290,100096,100,100026,100,100106,100,100006,100,100111,100,99982,100,100117,100,99969,100,100135,100,99942,100,100136,100,99930,100,100139,100,99927,100,100148,100,99923,200
2019-06-28 09:36:32.880563186,100094,190,100083,514,100095,290,100027,290,100096,100,100026,100,100106,100,100006,100,100111,100,99982,100,100117,100,99969,100,100135,100,99942,100,100136,100,99930,100,100139,100,99927,100,100148,100,99923,200
2019-06-28 09:36:40.000000000,100095,229,100083,453,100096,225,100027,225,100106,225,100026,225,100111,100,100006,100,100117,100,99982,100,100135,100,99969,100,100136,100,99942,100,100139,100,99930,100,100148,100,99927,100,100207,100,99923,200
2019-06-28 09:36:50.000000000,100095,176,100083,400,100096,176,100027,176,100106,176,100026,176,100111,176,100006,176,100117,176,99982,176,100135,100,99969,100,100136,100,99942,100,100139,100,99930,100,100148,100,99927,100,100207,100,99923,200
2019-06-28 09:36:55.270232732,100095,176,100083,400,100096,176,100027,176,100106,176,100026,76,100111,176,100006,176,100117,176,99982,176,100135,100,99969,100,100136,100,99942,100,100139,100,99930,100,100148,100,99927,100,100207,100,99923,200
2019-06-28 09:36:57.490596090,100095,176,100083,400,100096,176,100027,176,100106,176,100026,76,100111,176,100006,176,100117,176,99983,100,100135,100,99982,176,100136,100,99969,100,100139,100,99942,100,100148,100,99930,100,100207,100,99927,100
2019-06-28 09:37:00.000000000,100095,480,100083,704,100096,100,100027,100,100106,100,100006,100,100111,100,99983,100,100117,100,99982,100,100135,100,99969,100,100136,100,99942,100,100139,100,99930,100,100148,100,99927,100,100207,100,99923,200
2019-06-28 09:37:10.000000000,100095,195,100083,419,100096,195,100027,195,100106,195,100006,195,100111,195,99983,195,100117,100,99982,100,100135,100,99969,100,100136,100,99942,100,100139,100,99930,100,100148,100,99927,100,100207,100,99923,200
2019-06-28 09:37:20.000000000,100095,176,100083,400,100096,176,100027,176,100106,176,100006,176,100111,176,99983,176,100117,176,99982,176,100135,100,99969,100,100136,100,99942,100,100139,100,99930,100,100148,100,99927,100,100207,100,99923,200
2019-06-28 09:37:30.000000000,100095,229,100083,453,100096,225,100027,225,100106,225,100006,225,100111,100,99983,100,100117,100,99982,100,100135,100,99969,100,100136,100,99942,100,100139,100,99930,100,100148,100,99927,100,100207,100,99923,200
2019-06-28 09:37:36.945269307,100086,100,100083,353,100095,229,100027,225,100096,225,100006,225,100106,225,99983,100,100111,100,99982,100,100117,100,99969,100,100135,100,99942,100,100136,100,99930,100,100139,100,99927,100,100148,100,99923,200
2019-06-28 09:37:38.649084755,100086,100,100083,353,100095,229,100027,225,100096,225,100006,225,100106,225,99983,100,100111,100,99982,100,100117,100,99969,100,100135,100,99942,100,100136,100,99927,100,100139,100,99923,200,100148,100,99912,100
2019-06-28 09:37:40.000000000,100086,229,100083,353,100095,225,100027,225,100096,225,100006,225,100106,100,99983,100,100111,100,99982,100,100117,100,99969,100,100135,100,99942,100,100136,100,99927,100,100139,100,99923,200,100148,100,99912,100
2019-06-28 09:37:50.000000000,100086,176,100083,300,100095,176,100027,176,100096,176,100006,176,100106,176,99983,176,100111,176,99982,176,100117,100,99969,100,100135,100,99942,100,100136,100,99927,100,100139,100,99923,200,100148,100,99912,100
2019-06-28 09:37:54.335822658,100086,176,100083,200,100095,176,100027,176,100096,176,100006,176,100106,176,99983,176,100111,176,99982,176,100117,100,99969,100,100135,100,99942,100,100136,100,99927,100,100139,100,99923,200,100148,100,99912,100
2019-06-28 09:37:56.310096752,100086,176,100083,200,100095,176,100027,176,100096,176,100006,176,100106,176,99983,176,100111,176,99982,176,100117,100,99969,100,100135,100,99942,100,100136,100,99927,100,100139,100,99923,200,100148,100,99912,100
2019-06-28 09:38:00.000000000,100086,290,100083,314,100095,290,100027,290,100096,100,100006,100,100106,100,99983,100,100111,100,99982,100,100117,100,99969,100,100135,100,99942,100,100136,100,99927,100,100139,100,99923,200,100148,100,99912,100
2019-06-28 09:38:04.704690912,100085,100,100083,214,100086,290,100027,290,100095,290,100006,100,100096,100,99983,100,100106,100,99982,100,100111,100,99969,100,100117,100,99942,100,100135,100,99927,100,100136,100,99923,200,100139,100,99912,100
2019-06-28 09:38:10.000000000,100085,480,100083,404,100086,100,100027,100,100095,100,100006,100,100096,100,99983,100,100106,100,99982,100,100111,100,99969,100,100117,100,99942,100,100135,100,99927,100,100136,100,99923,200,100139,100,99912,100
2019-06-28 09:38:11.888119800,100085,480,100083,404,100086,100,100027,100,100095,100,100006,100,100096,100,99983,100,100106,100,99982,100,100111,100,99969,100,100117,100,99942,100,100135,100,99927,100,100136,100,99923,200,100139,100,99912,100
2019-06-28 09:38:20.000000000,100085,195,100083,119,100086,195,100027,195,100095,195,100006,195,100096,195,99983,195,100106,100,99982,100,100111,100,99969,100,100117,100,99942,100,100135,100,99927,100,100136,100,99923,200,100139,100,99912,100
2019-06-28 09:38:24.581850470,100085,195,100083,119,100086,195,100027,195,100095,195,100006,195,100096,195,99983,95,100106,100,99982,100,100111,100,99969,100,100117,100,99942,100,100135,100,99927,100,100136,100,99923,200,100139,100,99912,100
2019-06-28 09:38:30.000000000,100085,480,100083,404,100086,100,100027,100,100095,100,100006,100,100096,100,99982,100,100106,100,99969,100,100111,100,99942,100,100117,100,99927,100,100135,100,99923,200,100136,100,99912,100,100139,100,99909,100
2019-06-28 09:38:37.692721940,100085,480,100083,404,100086,100,100027,100,100095,100,100006,100,100096,100,99982,100,100106,100,99969,100,100111,100,99942,100,100117,100,99927,100,100135,100,99923,200,100136,100,99912,100,100139,100,99909,100
2019-06-28 09:38:40.000000000,100085,480,100083,404,100086,100,100027,100,100095,100,100006,100,100096,100,99982,100,100106,100,99969,100,100111,100,99942,100,100117,100,99927,100,100135,100,99923,200,100136,100,99912,100,100139,100,99909,100
2019-06-28 09:38:50.000000000,100085,176,100083,100,100086,176,100027,176,100095,176,100006,176,100096,176,99982,176,100106,176,99969,176,100111,100,99942,100,100117,100,99927,100,100135,100,99923,200,100136,100,99912,100,100139,100,99909,100
2019-06-28 09:38:52.292359903,100085,176,100083,100,100086,176,100027,176,100095,176,100006,176,100096,176,99982,176,100106,176,99969,176,100111,100,99942,100,100117,100,99927,100,100135,100,99923,100,100136,100,99912,100,100139,100,99909,100
2019-06-28 09:38:56.259411249,100085,176,100027,176,100086,176,100006,176,100095,176,99982,176,100096,176,99969,176,100106,176,99942,100,100111,100,99923,100,100117,100,99912,100,100135,100,99909,100,100136,100,99908,100,100139,100,99904,100
2019-06-28 09:39:00.000000000,100085,176,100027,176,100086,176,100006,176,100095,176,99982,176,100096,176,99969,176,100106,176,99942,176,100111,100,99923,100,100117,100,99912,100,100135,100,99909,100,100136,100,99908,100,100139,100,99904,100
2019-06-28 09:39:10.000000000,100085,480,100027,480,100086,100,100006,100,100095,100,99982,100,100096,100,99969,100,100106,100,99942,100,100111,100,99923,100,100117,100,99912,100,100135,100,99909,100,100136,100,99908,100,100139,100,99904,100
2019-06-28 09:39:20.000000000,100085,290,100027,290,100086,290,100006,290,100095,100,99982,100,100096,100,99969,100,100106,100,99942,100,100111,100,99923,100,100117,100,99912,100,100135,100,99909,100,100136,100,99908,100,100139,100,99904,100
2019-06-28 09:39:22.270120084,100085,290,100027,190,100086,290,100006,290,100095,100,99982,100,100096,100,99969,100,100106,100,99942,100,100111,100,99923,100,100117,100,99912,100,100135,100,99909,100,100136,100,99908,100,100139,100,99904,100
2019-06-28 09:39:30.000000000,100085,480,100006,480,100086,100,99982,100,100095,100,99969,100,100096,100,99942,100,100106,100,99923,100,100111,100,99912,100,100117,100,99909,100,100135,100,99908,100,100136,100,99904,100,100139,100,99869,100
2019-06-28 09:39:40.000000000,100085,176,100006,176,100086,176,99982,176,100095,176,99969,176,100096,176,99942,176,100106,176,99923,176,100111,100,99912,100,100117,100,99909,100,100135,100,99908,100,100136,100,99904,100,100139,100,99869,100
2019-06-28 09:39:45.941400252,100085,176,100006,176,100086,176,99982,176,100095,176,99969,176,100096,176,99942,176,100106,176,99923,176,100111,100,99912,100,100117,100,99909,100,100136,100,99908,100,100139,100,99904,100,100148,100,99869,100
2019-06-28 09:39:50.000000000,100085,480,100006,480,100086,100,99982,100,100095,100,99969,100,100096,100,99942,100,100106,100,99923,100,100111,100,99912,100,100117,100,99909,100,100136,100,99908,100,100139,100,99904,100,100148,100,99869,100
2019-06-28 09:40:00.000000000,100085,176,100006,176,100086,176,99982,176,100095,176,99969,176,100096,176,99942,176,100106,176,99923,176,100111,100,99912,100,100117,100,99909,100,100136,100,99908,100,100139,100,99904,100,100148,100,99869,100
2019-06-28 09:40:05.215918012,100085,176,100006,176,100086,176,99982,176,100095,176,99969,176,100096,176,99942,176,100106,176,99923,176,100117,100,99912,100,100136,100,99909,100,100139,100,99908,100,100148,100,99904,100,100207,100,99869,100
2019-06-28 09:40:05.722020347,100085,176,100006,176,100086,176,99982,176,100095,176,99969,176,100096,176,99942,76,100106,176,99923,176,100117,100,99912,100,100136,100,99909,100,100139,100,99908,100,100148,100,99904,100,100207,100,99869,100
2019-06-28 09:40:09.060319291,100085,176,100006,176,100086,176,99982,176,100095,176,99969,76,100096,176,99942,76,100106,176,99923,176,100117,100,99912,100,100136,100,99909,100,100139,100,99908,100,100148,100,99904,100,100207,100,99869,100
2019-06-28 09:40:09.860509311,100083,100,100006,176,100085,176,99982,176,100086,76,99969,76,100095,176,99942,76,100096,176,99923,176,100106,176,99912,100,100117,100,99909,100,100136,100,99908,100,100139,100,99904,100,100148,100,99869,100
2019-06-28 09:40:10.000000000,100083,195,100006,195,100085,195,99982,195,100095,195,99923,195,100096,195,99912,195,100106,100,99909,100,100117,100,99908,100,100136,100,99904,100,100139,100,99869,100,100148,100,99860,100,100207,100,99832,100
2019-06-28 09:40:20.000000000,100083,290,100006,290,100085,290,99982,290,100095,100,99923,100,100096,100,99912,100,100106,100,99909,100,100117,100,99908,100,100136,100,99904,100,100139,100,99869,100,100148,100,99860,100,100207,100,99832,100
2019-06-28 09:40:29.132705431,100083,290,100006,290,100085,290,99982,290,100095,100,99923,100,100096,100,99912,100,100106,100,99909,100,100117,100,99908,100,100136,100,99904,100,100139,100,99869,100,100148,100,99860,100,100207,100,99832,100
2019-06-28 09:40:30.000000000,100083,195,100006,195,100085,195,99982,195,100095,195,99923,195,100096,195,99912,195,100106,100,99909,100,100117,100,99908,100,100136,100,99904,100,100139,100,99869,100,100148,100,99860,100,100207,100,99832,100
2019-06-28 09:40:31.280106967,100083,195,100006,95,100085,195,99982,195,100095,195,99923,195,100096,195,99912,195,100106,100,99909,100,100117,100,99908,100,100136,100,99904,100,100139,100,99869,100,100148,100,99860,100,100207,100,99832,100
2019-06-28 09:40:40.000000000,100083,290,99982,290,100085,290,99923,290,100095,100,99912,100,100096,100,99909,100,100106,100,99908,100,100117,100,99904,100,100136,100,99869,100,100139,100,99860,100,100148,100,99832,100,100207,100,99794,100
2019-06-28 09:40:50.000000000,100083,195,99982,195,100085,195,99923,195,100095,195,99912,195,100096,195,99909,195,100106,100,99908,100,100117,100,99904,100,100136,100,99869,100,100139,100,99860,100,100148,100,99832,100,100207,100,99794,100
2019-06-28 09:40:51.497463775,100083,195,99982,95,100085,195,99923,195,100095,195,99912,195,100096,195,99909,195,100106,100,99908,100,100117,100,99904,100,100136,100,99869,100,100139,100,99860,100,100148,100,99832,100,100207,100,99794,100
2019-06-28 09:41:00.000000000,100083,176,99923,176,100085,176,99912,176,100095,176,99909,176,100096,176,99908,176,100106,176,99904,176,100117,100,99869,100,100136,100,99860,100,100139,100,99832,100,100148,100,99794,100,100207,100,99783,100
2019-06-28 09:41:10.000000000,100083,195,99923,195,100085,195,99912,195,100095,195,99909,195,100096,195,99908,195,100106,100,99904,100,100117,100,99869,100,100136,100,99860,100,100139,100,99832,100,100148,100,99794,100,100207,100,99783,100
2019-06-28 09:41:20.000000000,100083,290,99923,290,100085,290,99912,290,100095,100,99909,100,100096,100,99908,100,100106,100,99904,100,100117,100,99869,100,100136,100,99860,100,100139,100,99832,100,100148,100,99794,100,100207,100,99783,100
2019-06-28 09:41:29.403528512,100083,290,99923,290,100085,290,99912,290,100095,100,99909,100,100096,100,99908,100,100106,100,99904,100,100117,100,99869,100,100136,100,99860,100,100139,100,99832,100,100148,100,99794,100,100207,100,99783,100
2019-06-28 09:41:29.815443113,100083,290,99923,290,100085,290,99912,290,100095,100,99909,100,100096,100,99908,100,100106,100,99904,100,100117,100,99869,100,100136,100,99860,100,100139,100,99832,100,100148,100,99794,100,100207,100,99783,100
2019-06-28 09:41:30.000000000,100083,195,99923,195,100085,195,99912,195,100095,195,99909,195,100096,195,99908,195,100106,100,99904,100,100117,100,99869,100,100136,100,99860,100,100139,100,99832,100,100148,100,99794,100,100207,100,99783,100
2019-06-28 09:41:40.000000000,100083,229,99923,229,100085,225,99912,225,100095,225,99909,225,100096,100,99908,100,100106,100,99904,100,100117,100,99869,100,100136,100,99860,100,100139,100,99832,100,100148,100,99794,100,100207,100,99783,100
2019-06-28 09:41:50.000000000,100083,229,99923,229,100085,225,99912,225,100095,225,99909,225,100096,100,99908,100,100106,100,99904,100,100117,100,99869,100,100136,100,99860,100,100139,100,99832,100,100148,100,99794,100,100207,100,99783,100
2019-06-28 09:41:59.685860724,100083,229,99923,229,100085,225,99912,225,100095,225,99909,225,100096,100,99908,100,100106,100,99904,100,100117,100,99869,100,100136,100,99860,100,100139,100,99832,100,100207,100,99794,100,100501,100,99783,100
2019-06-28 09:42:00.000000000,100083,290,99923,290,100085,290,99912,290,100095,100,99909,100,100096,100,99908,100,100106,100,99904,100,100117,100,99869,100,100136,100,99860,100,100139,100,99832,100,100207,100,99794,100,100501,100,99783,100
2019-06-28 09:42:10.000000000,100083,290,99923,290,100085,290,99912,290,100095,100,99909,100,100096,100,99908,100,100106,100,99904,100,100117,100,99869,100,100136,100,99860,100,100139,100,99832,100,100207,100,99794,100,100501,100,99783,100
2019-06-28 09:42:20.000000000,100083,176,99923,176,100085,176,99912,176,100095,176,99909,176,100096,176,99908,176,100106,176,99904,176,100117,100,99869,100,100136,100,99860,100,100139,100,99832,100,100207,100,99794,100,100501,100,99783,100
2019-06-28 09:42:30.000000000,100083,229,99923,229,100085,225,99912,225,100095,225,99909,225,100096,100,99908,100,100106,100,99904,100,100117,100,99869,100,100136,100,99860,100,100139,100,99832,100,100207,100,99794,100,100501,100,99783,100
2019-06-28 09:42:31.243300012,100083,229,99923,129,100085,225,99912,225,100095,225,99909,225,100096,100,99908,100,100106,100,99904,100,100117,100,99869,100,100136,100,99860,100,100139,100,99832,100,100207,100,99794,100,100501,100,99783,100
2019-06-28 09:42:37.052625326,100083,229,99923,29,100085,225,99912,225,100095,225,99909,225,100096,100,99908,100,100106,100,99869,100,100117,100,99860,100,100136,100,99832,100,100139,100,99794,100,100207,100,99783,100,100501,100,99689,100
2019-06-28 09:42:40.000000000,100083,195,99912,195,100085,195,99909,195,100095,195,99908,195,100096,195,99869,195,100106,100,99860,100,100117,100,99832,100,100136,100,99794,100,100139,100,99783,100,100207,100,99689,100,100501,100,99622,100
2019-06-28 09:42:45.226360895,100083,195,99912,195,100085,195,99909,195,100095,195,99908,195,100096,195,99869,195,100106,100,99860,100,100117,100,99832,100,100139,100,99794,100,100207,100,99783,100,100501,100,99689,100,100602,100,99622,100
2019-06-28 09:42:49.389582099,99923,100,99912,195,100083,195,99909,195,100085,195,99908,195,100095,195,99869,195,100096,195,99860,100,100106,100,99832,100,100117,100,99794,100,100139,100,99783,100,100207,100,99689,100,100501,100,99622,100
2019-06-28 09:42:50.000000000,99923,290,99912,290,100083,290,99909,290,100085,100,99908,100,100095,100,99869,100,100096,100,99860,100,100106,100,99832,100,100117,100,99794,100,100139,100,99783,100,100207,100,99689,100,100501,100,99622,100
2019-06-28 09:43:00.000000000,99923,229,99912,229,100083,225,99909,225,100085,225,99908,225,100095,100,99869,100,100096,100,99860,100,100106,100,99832,100,100117,100,99794,100,100139,100,99783,100,100207,100,99689,100,100501,100,99622,100
2019-06-28 09:43:00.007070124,99923,229,99912,229,100083,225,99909,225,100085,225,99908,225,100095,100,99869,100,100096,100,99860,100,100106,100,99832,100,100117,100,99794,100,100139,100,99783,100,100207,100,99689,100,100501,100,99602,100
2019-06-28 09:43:01.241173630,99923,229,99912,129,100083,225,99909,225,100085,225,99908,225,100095,100,99869,100,100096,100,99860,100,100106,100,99832,100,100139,100,99794,100,100207,100,99783,100,100501,100,99689,100,100602,100,99602,100
2019-06-28 09:43:10.000000000,99923,480,99909,480,100083,100,99908,100,100085,100,99869,100,100095,100,99860,100,100096,100,99832,100,100106,100,99794,100,100139,100,99783,100,100207,100,99689,100,100501,100,99602,100,100602,100,99601,100
2019-06-28 09:43:16.618029755,99923,480,99909,480,100083,100,99908,100,100085,100,99869,100,100095,100,99860,100,100096,100,99832,100,100106,100,99794,100,100139,100,99783,100,100207,100,99689,100,100501,100,99602,100,100602,100,99601,100
2019-06-28 09:43:20.000000000,99923,480,99909,480,100083,100,99908,100,100085,100,99869,100,100095,100,99860,100,100096,100,99832,100,100106,100,99794,100,100139,100,99783,100,100207,100,99689,100,100501,100,99602,100,100602,100,99601,100
2019-06-28 09:43:23.216128156,99922,100,99909,480,99923,480,99908,100,100085,100,99869,100,100095,100,99860,100,100096,100,99832,100,100106,100,99794,100,100139,100,99783,100,100207,100,99689,100,100501,100,99602,100,100602,100,99601,100
2019-06-28 09:43:30.000000000,99922,480,99909,480,99923,100,99908,100,100085,100,99869,100,100095,100,99860,100,100096,100,99832,100,100106,100,99794,100,100139,100,99783,100,100207,100,99689,100,100501,100,99602,100,100602,100,99601,100
2019-06-28 09:43:40.000000000,99922,195,99909,195,99923,195,99908,195,100085,195,99869,195,100095,195,99860,195,100096,100,99832,100,100106,100,99794,100,100139,100,99783,100,100207,100,99689,100,100501,100,99602,100,100602,100,99601,100
2019-06-28 09:43:40.185493467,99922,195,99909,95,99923,195,99908,195,100085,195,99869,195,100095,195,99860,195,100096,100,99832,100,100106,100,99794,100,100139,100,99783,100,100207,100,99689,100,100501,100,99602,100,100602,100,99594,100
2019-06-28 09:43:40.928560990,99909,5,99908,195,99922,195,99869,195,99923,195,99860,195,100085,195,99832,100,100095,195,99794,100,100096,100,99783,100,100139,100,99689,100,100207,100,99602,100,100501,100,99594,100,100602,100,99564,100
2019-06-28 09:43:43.815411853,99909,105,99908,195,99922,195,99869,195,99923,195,99860,195,100085,195,99832,100,100095,195,99794,100,100096,100,99783,100,100139,100,99689,100,100207,100,99602,100,100501,100,99594,100,100602,100,99564,100
2019-06-28 09:43:47.331873406,99909,205,99908,195,99922,195,99869,195,99923,195,99860,195,100085,195,99832,100,100095,195,99794,100,100096,100,99783,100,100139,100,99689,100,100207,100,99602,100,100501,100,99594,100,100602,100,99564,100
2019-06-28 09:43:50.000000000,99909,585,99908,480,99922,100,99869,100,99923,100,99860,100,100085,100,99832,100,100095,100,99794,100,100096,100,99783,100,100139,100,99689,100,100207,100,99602,100,100501,100,99594,100,100602,100,99564,100
2019-06-28 09:44:00.000000000,99909,334,99908,229,99922,225,99869,225,99923,225,99860,225,100085,100,99832,100,100095,100,99794,100,100096,100,99783,100,100139,100,99689,100,100207,100,99602,100,100501,100,99594,100,100602,100,99564,100
2019-06-28 09:44:08.510409533,99909,334,99908,229,99922,225,99869,225,99923,225,99860,225,100085,100,99832,100,100095,100,99794,100,100096,100,99783,100,100139,100,99689,100,100207,100,99602,100,100501,100,99595,100,100602,100,99594,100
2019-06-28 09:44:10.000000000,99909,281,99908,176,99922,176,99869,176,99923,176,99860,176,100085,176,99832,176,100095,176,99794,176,100096,100,99783,100,100139,100,99689,100,100207,100,99602,100,100501,100,99595,100,100602,100,99594,100
2019-06-28 09:44:20.000000000,99909,334,99908,229,99922,225,99869,225,99923,225,99860,225,100085,100,99832,100,100095,100,99794,100,100096,100,99783,100,100139,100,99689,100,100207,100,99602,100,100501,100,99595,100,100602,100,99594,100
2019-06-28 09:44:22.543802413,99909,334,99908,229,99922,225,99869,225,99923,225,99860,225,100085,100,99832,100,100095,100,99794,100,100096,100,99783,100,100139,100,99689,100,100207,100,99602,100,100501,100,99595,100,100644,100,99594,100
2019-06-28 09:44:27.775099816,99909,334,99908,229,99922,225,99869,225,99923,225,99860,225,100085,100,99832,100,100095,100,99794,100,100096,100,99783,100,100139,100,99689,100,100207,100,99602,100,100501,100,99595,100,100644,100,99594,100
2019-06-28 09:44:27.790545854,99909,334,99908,29,99922,225,99869,225,99923,225,99860,225,100085,100,99832,100,100095,100,99794,100,100096,100,99783,100,100139,100,99689,100,100207,100,99602,100,100501,100,99595,100,100644,100,99594,100
2019-06-28 09:44:30.000000000,99909,300,99869,195,99922,195,99860,195,99923,195,99832,195,100085,195,99794,195,100095,100,99783,100,100096,100,99689,100,100139,100,99602,100,100207,100,99595,100,100501,100,99594,100,100644,100,99564,100
2019-06-28 09:44:40.000000000,99909,334,99869,229,99922,225,99860,225,99923,225,99832,225,100085,100,99794,100,100095,100,99783,100,100096,100,99689,100,100139,100,99602,100,100207,100,99595,100,100501,100,99594,100,100644,100,99564,100
2019-06-28 09:44:50.000000000,99909,334,99869,229,99922,225,99860,225,99923,225,99832,225,100085,100,99794,100,100095,100,99783,100,100096,100,99689,100,100139,100,99602,100,100207,100,99595,100,100501,100,99594,100,100644,100,99564,100
2019-06-28 09:45:00.000000000,99909,585,99869,480,99922,100,99860,100,99923,100,99832,100,100085,100,99794,100,100095,100,99783,100,100096,100,99689,100,100139,100,99602,100,100207,100,99595,100,100501,100,99594,100,100644,100,99564,100
2019-06-28 09:45:10.000000000,99909,334,99869,229,99922,225,99860,225,99923,225,99832,225,100085,100,99794,100,100095,100,99783,100,100096,100,99689,100,100139,100,99602,100,100207,100,99595,100,100501,100,99594,100,100644,100,99564,100
2019-06-28 09:45:11.643054573,99873,100,99869,229,99909,334,99860,225,99922,225,99832,225,99923,225,99794,100,100085,100,99783,100,100095,100,99689,100,100096,100,99602,100,100139,100,99595,100,100207,100,99594,100,100501,100,99564,100
2019-06-28 09:45:20.000000000,99873,229,99869,229,99909,330,99860,225,99922,225,99832,225,99923,100,99794,100,100085,100,99783,100,100095,100,99689,100,100096,100,99602,100,100139,100,99595,100,100207,100,99594,100,100501,100,99564,100
2019-06-28 09:45:30.000000000,99873,176,99869,176,99909,281,99860,176,99922,176,99832,176,99923,176,99794,176,100085,176,99783,176,100095,100,99689,100,100096,100,99602,100,100139,100,99595,100,100207,100,99594,100,100501,100,99564,100
2019-06-28 09:45:33.539793713,99873,176,99869,176,99909,281,99860,176,99922,176,99832,176,99923,176,99794,176,100085,176,99783,176,100095,100,99703,100,100096,100,99689,100,100139,100,99602,100,100207,100,99595,100,100501,100,99594,100
2019-06-28 09:45:40.000000000,99873,176,99869,176,99909,281,99860,176,99922,176,99832,176,99923,176,99794,176,100085,176,99783,176,100095,100,99703,100,100096,100,99689,100,100139,100,99602,100,100207,100,99595,100,100501,100,99594,100
2019-06-28 09:45:49.654912576,99873,176,99869,176,99909,281,99860,176,99922,176,99832,176,99923,176,99794,176,100085,176,99783,176,100095,100,99703,100,100096,100,99689,100,100139,100,99602,100,100501,100,99595,100,100644,100,99594,100
2019-06-28 09:45:50.000000000,99873,176,99869,176,99909,281,99860,176,99922,176,99832,176,99923,176,99794,176,100085,176,99783,176,100095,100,99703,100,100096,100,99689,100,100139,100,99602,100,100501,100,99595,100,100644,100,99594,100
2019-06-28 09:46:00.000000000,99873,480,99869,480,99909,205,99860,100,99922,100,99832,100,99923,100,99794,100,100085,100,99783,100,100095,100,99703,100,100096,100,99689,100,100139,100,99602,100,100501,100,99595,100,100644,100,99594,100
2019-06-28 09:46:10.000000000,99873,176,99869,176,99909,281,99860,176,99922,176,99832,176,99923,176,99794,176,100085,176,99783,176,100095,100,99703,100,100096,100,99689,100,100139,100,99602,100,100501,100,99595,100,100644,100,99594,100
2019-06-28 09:46:10.764420146,99873,76,99869,176,99909,281,99860,176,99922,176,99832,176,99923,176,99794,176,100085,176,99783,176,100095,100,99703,100,100096,100,99689,100,100139,100,99602,100,100501,100,99595,100,100644,100,99594,100
2019-06-28 09:46:13.034347611,99873,76,99869,76,99909,281,99860,176,99922,176,99832,176,99923,176,99794,176,100085,176,99783,176,100095,100,99703,100,100096,100,99689,100,100139,100,99602,100,100501,100,99594,100,100644,100,99564,100
2019-06-28 09:46:20.000000000,99909,281,99860,176,99922,176,99832,176,99923,176,99794,176,100085,176,99783,176,100095,176,99703,176,100096,100,99689,100,100139,100,99602,100,100501,100,99594,100,100644,100,99564,100,100646,100,99535,100
2019-06-28 09:46:30.000000000,99909,585,99860,480,99922,100,99832,100,99923,100,99794,100,100085,100,99783,100,100095,100,99703,100,100096,100,99689,100,100139,100,99602,100,100501,100,99594,100,100644,100,99564,100,100646,100,99535,100
2019-06-28 09:46:38.455379844,99909,585,99860,480,99922,100,99832,100,99923,100,99794,100,100085,100,99783,100,100095,100,99703,100,100096,100,99689,100,100139,100,99602,100,100501,100,99594,100,100644,100,99564,100,100870,100,99535,100
2019-06-28 09:46:40.000000000,99909,281,99860,176,99922,176,99832,176,99923,176,99794,176,100085,176,99783,176,100095,176,99703,176,100096,100,99689,100,100139,100,99602,100,100501,100,99594,100,100644,100,99564,100,100870,100,99535,100
2019-06-28 09:46:45.625026433,99872,100,99860,176,99909,281,99832,176,99922,176,99794,176,99923,176,99783,176,100085,176,99703,176,100095,176,99689,100,100096,100,99602,100,100139,100,99594,100,100501,100,99564,100,100644,100,99535,100
2019-06-28 09:46:50.000000000,99872,176,99860,176,99909,281,99832,176,99922,176,99794,176,99923,176,99783,176,100085,176,99703,176,100095,100,99689,100,100096,100,99602,100,100139,100,99594,100,100501,100,99564,100,100644,100,99535,100
2019-06-28 09:46:50.639566868,99872,176,99860,76,99909,281,99832,176,99922,176,99794,176,99923,176,99783,176,100085,176,99703,176,100095,100,99689,100,100096,100,99602,100,100139,100,99594,100,100501,100,99564,100,100644,100,99535,100
2019-06-28 09:47:00.000000000,99872,290,99832,290,99909,395,99794,290,99922,100,99783,100,99923,100,99703,100,100085,100,99689,100,100095,100,99602,100,100096,100,99594,100,100139,100,99564,100,100501,100,99535,100,100644,100,99526,100
2019-06-28 09:47:10.000000000,99872,480,99832,480,99909,205,99794,100,99922,100,99783,100,99923,100,99703,100,100085,100,99689,100,100095,100,99602,100,100096,100,99594,100,100139,100,99564,100,100501,100,99535,100,100644,100,99526,100
2019-06-28 09:47:14.603536295,99869,100,99832,480,99872,480,99794,100,99909,205,99783,100,99922,100,99703,100,99923,100,99689,100,100085,100,99602,100,100095,100,99594,100,100096,100,99564,100,100139,100,99535,100,100501,100,99526,100
2019-06-28 09:47:20.000000000,99869,229,99832,229,99872,225,99794,225,99909,330,99783,225,99922,100,99703,100,99923,100,99689,100,100085,100,99602,100,100095,100,99594,100,100096,100,99564,100,100139,100,99535,100,100501,100,99526,100
2019-06-28 09:47:30.000000000,99869,290,99832,290,99872,290,99794,290,99909,205,99783,100,99922,100,99703,100,99923,100,99689,100,100085,100,99602,100,100095,100,99594,100,100096,100,99564,100,100139,100,99535,100,100501,100,99526,100
2019-06-28 09:47:40.000000000,99869,290,99832,290,99872,290,99794,290,99909,205,99783,100,99922,100,99703,100,99923,100,99689,100,100085,100,99602,100,100095,100,99594,100,100096,100,99564,100,100139,100,99535,100,100501,100,99526,100
2019-06-28 09:47:50.000000000,99869,195,99832,195,99872,195,99794,195,99909,300,99783,195,99922,195,99703,195,99923,100,99689,100,100085,100,99602,100,100095,100,99594,100,100096,100,99564,100,100139,100,99535,100,100501,100,99526,100
2019-06-28 09:48:00.000000000,99869,290,99832,290,99872,290,99794,290,99909,205,99783,100,99922,100,99703,100,99923,100,99689,100,100085,100,99602,100,100095,100,99594,100,100096,100,99564,100,100139,100,99535,100,100501,100,99526,100
2019-06-28 09:48:03.640130786,99869,290,99832,290,99872,290,99794,290,99909,105,99783,100,99922,100,99703,100,99923,100,99689,100,100085,100,99602,100,100095,100,99594,100,100096,100,99564,100,100139,100,99535,100,100501,100,99526,100
2019-06-28 09:48:10.000000000,99869,229,99832,229,99872,225,99794,225,99909,230,99783,225,99922,100,99703,100,99923,100,99689,100,100085,100,99602,100,100095,100,99594,100,100096,100,99564,100,100139,100,99535,100,100501,100,99526,100
2019-06-28 09:48:20.000000000,99869,195,99832,195,99872,195,99794,195,99909,200,99783,195,99922,195,99703,195,99923,100,99689,100,100085,100,99602,100,100095,100,99594,100,100096,100,99564,100,100139,100,99535,100,100501,100,99526,100
2019-06-28 09:48:30.000000000,99869,176,99832,176,99872,176,99794,176,99909,181,99783,176,99922,176,99703,176,99923,176,99689,176,100085,100,99602,100,100095,100,99594,100,100096,100,99564,100,100139,100,99535,100,100501,100,99526,100
2019-06-28 09:48:40.000000000,99869,480,99832,480,99872,100,99794,100,99909,105,99783,100,99922,100,99703,100,99923,100,99689,100,100085,100,99602,100,100095,100,99594,100,100096,100,99564,100,100139,100,99535,100,100501,100,99526,100
2019-06-28 09:48:50.000000000,99869,229,99832,229,99872,225,99794,225,99909,230,99783,225,99922,100,99703,100,99923,100,99689,100,100085,100,99602,100,100095,100,99594,100,100096,100,99564,100,100139,100,99535,100,100501,100,99526,100
2019-06-28 09:49:00.000000000,99869,195,99832,195,99872,195,99794,195,99909,200,99783,195,99922,195,99703,195,99923,100,99689,100,100085,100,99602,100,100095,100,99594,100,100096,100,99564,100,100139,100,99535,100,100501,100,99526,100
2019-06-28 09:49:10.000000000,99869,480,99832,480,99872,100,99794,100,99909,105,99783,100,99922,100,99703,100,99923,100,99689,100,100085,100,99602,100,100095,100,99594,100,100096,100,99564,100,100139,100,99535,100,100501,100,99526,100
2019-06-28 09:49:20.000000000,99869,176,99832,176,99872,176,99794,176,99909,181,99783,176,99922,176,99703,176,99923,176,99689,176,100085,100,99602,100,100095,100,99594,100,100096,100,99564,100,100139,100,99535,100,100501,100,99526,100
2019-06-28 09:49:30.000000000,99869,480,99832,480,99872,100,99794,100,99909,105,99783,100,99922,100,99703,100,99923,100,99689,100,100085,100,99602,100,100095,100,99594,100,100096,100,99564,100,100139,100,99535,100,100501,100,99526,100
2019-06-28 09:49:39.205148203,99869,380,99832,480,99872,100,99794,100,99909,105,99783,100,99922,100,99703,100,99923,100,99689,100,100085,100,99602,100,100095,100,99594,100,100096,100,99564,100,100139,100,99535,100,100501,100,99526,100
2019-06-28 09:49:40.000000000,99872,195,99832,195,99909,200,99794,195,99922,195,99783,195,99923,195,99703,195,100085,100,99689,100,100095,100,99602,100,100096,100,99594,100,100139,100,99564,100,100501,100,99535,100,100644,100,99526,100
2019-06-28 09:49:50.000000000,99872,195,99832,195,99909,200,99794,195,99922,195,99783,195,99923,195,99703,195,100085,100,99689,100,100095,100,99602,100,100096,100,99594,100,100139,100,99564,100,100501,100,99535,100,100644,100,99526,100
2019-06-28 09:49:52.275800697,99872,195,99861,100,99909,200,99832,195,99922,195,99794,195,99923,195,99783,195,100085,100,99703,195,100095,100,99689,100,100096,100,99602,100,100139,100,99594,100,100501,100,99564,100,100644,100,99535,100
2019-06-28 09:50:00.000000000,99872,480,99861,480,99909,105,99832,100,99922,100,99794,100,99923,100,99783,100,100085,100,99703,100,100095,100,99689,100,100096,100,99602,100,100139,100,99594,100,100501,100,99564,100,100644,100,99535,100
2019-06-28 09:50:10.000000000,99872,480,99861,480,99909,105,99832,100,99922,100,99794,100,99923,100,99783,100,100085,100,99703,100,100095,100,99689,100,100096,100,99602,100,100139,100,99594,100,100501,100,99564,100,100644,100,99535,100
2019-06-28 09:50:14.738632783,99872,480,99861,480,99909,105,99832,100,99922,100,99794,100,99923,100,99783,100,100032,100,99703,100,100085,100,99689,100,100095,100,99602,100,100096,100,99594,100,100139,100,99564,100,100501,100,99535,100
2019-06-28 09:50:16.514170580,99872,480,99861,380,99909,105,99832,100,99922,100,99794,100,99923,100,99783,100,100032,100,99703,100,100085,100,99689,100,100095,100,99602,100,100096,100,99594,100,100139,100,99564,100,100501,100,99535,100
2019-06-28 09:50:20.000000000,99872,229,99832,229,99909,230,99794,225,99922,225,99783,225,99923,100,99703,100,100032,100,99689,100,100085,100,99602,100,100095,100,99594,100,100096,100,99564,100,100139,100,99535,100,100501,100,99526,100
2019-06-28 09:50:30.000000000,99872,480,99832,480,99909,105,99794,100,99922,100,99783,100,99923,100,99703,100,100032,100,99689,100,100085,100,99602,100,100095,100,99594,100,100096,100,99564,100,100139,100,99535,100,100501,100,99526,100
2019-06-28 09:50:30.743748093,99872,480,99832,480,99909,105,99794,100,99922,100,99783,100,99923,100,99703,100,100032,100,99689,100,100085,100,99602,100,100095,100,99594,100,100096,100,99564,100,100139,100,99549,100,100501,100,99535,100
2019-06-28 09:50:40.000000000,99872,290,99832,290,99909,295,99794,290,99922,100,99783,100,99923,100,99703,100,100032,100,99689,100,100085,100,99602,100,100095,100,99594,100,100096,100,99564,100,100139,100,99549,100,100501,100,99535,100
2019-06-28 09:50:40.905068769,99872,290,99832,290,99905,100,99794,290,99909,295,99783,100,99922,100,99703,100,99923,100,99689,100,100032,100,99602,100,100085,100,99594,100,100095,100,99564,100,100096,100,99549,100,100501,100,99535,100
2019-06-28 09:50:42.732822782,99872,190,99832,290,99905,100,99794,290,99909,295,99783,100,99922,100,99689,100,99923,100,99602,100,100032,100,99594,100,100085,100,99564,100,100095,100,99549,100,100096,100,99535,100,100501,100,99526,100
2019-06-28 09:50:50.000000000,99905,229,99832,229,99909,230,99794,225,99922,225,99783,225,99923,100,99689,100,100032,100,99602,100,100085,100,99594,100,100095,100,99564,100,100096,100,99549,100,100501,100,99535,100,100644,100,99526,100
2019-06-28 09:51:00.000000000,99905,480,99832,480,99909,105,99794,100,99922,100,99783,100,99923,100,99689,100,100032,100,99602,100,100085,100,99594,100,100095,100,99564,100,100096,100,99549,100,100501,100,99535,100,100644,100,99526,100
2019-06-28 09:51:10.000000000,99905,480,99832,480,99909,105,99794,100,99922,100,99783,100,99923,100,99689,100,100032,100,99602,100,100085,100,99594,100,100095,100,99564,100,100096,100,99549,100,100501,100,99535,100,100644,100,99526,100
2019-06-28 09:51:18.605728718,99871,100,99832,480,99905,480,99794,100,99909,105,99783,100,99922,100,99689,100,99923,100,99602,100,100032,100,99594,100,100085,100,99564,100,100095,100,99549,100,100096,100,99535,100,100501,100,99526,100
2019-06-28 09:51:20.000000000,99871,480,99832,480,99905,100,99794,100,99909,105,99783,100,99922,100,99689,100,99923,100,99602,100,100032,100,99594,100,100085,100,99564,100,100095,100,99549,100,100096,100,99535,100,100501,100,99526,100
2019-06-28 09:51:22.208007405,99871,480,99832,480,99905,100,99794,100,99909,105,99783,100,99922,100,99689,100,99923,100,99602,100,100032,100,99594,100,100085,100,99564,100,100095,100,99549,100,100096,100,99535,100,100501,100,99526,100
2019-06-28 09:51:27.377336752,99871,480,99832,380,99905,100,99794,100,99909,105,99783,100,99922,100,99689,100,99923,100,99602,100,100032,100,99594,100,100085,100,99564,100,100095,100,99549,100,100096,100,99535,100,100501,100,99526,100
2019-06-28 09:51:30.000000000,99871,480,99794,480,99905,100,99783,100,99909,105,99689,100,99922,100,99602,100,99923,100,99594,100,100032,100,99564,100,100085,100,99549,100,100095,100,99535,100,100096,100,99526,100,100501,100,99493,100
2019-06-28 09:51:40.000000000,99871,176,99794,176,99905,176,99783,176,99909,181,99689,176,99922,176,99602,176,99923,176,99594,176,100032,100,99564,100,100085,100,99549,100,100095,100,99535,100,100096,100,99526,100,100501,100,99493,100
2019-06-28 09:51:43.277498580,99871,176,99794,76,99905,176,99783,176,99909,181,99689,176,99922,176,99602,176,99923,176,99594,176,100032,100,99564,100,100085,100,99549,100,100095,100,99535,100,100096,100,99526,100,100501,100,99493,100
2019-06-28 09:51:50.000000000,99871,229,99783,229,99905,225,99689,225,99909,230,99602,225,99922,100,99594,100,99923,100,99564,100,100032,100,99549,100,100085,100,99535,100,100095,100,99526,100,100096,100,99493,100,100501,100,99469,100
2019-06-28 09:52:00.000000000,99871,176,99783,176,99905,176,99689,176,99909,181,99602,176,99922,176,99594,176,99923,176,99564,176,100032,100,99549,100,100085,100,99535,100,100095,100,99526,100,100096,100,99493,100,100501,100,99469,100
2019-06-28 09:52:04.376247625,99832,100,99783,176,99871,176,99689,176,99905,176,99602,176,99909,181,99594,176,99922,176,99564,176,99923,176,99549,100,100032,100,99535,100,100085,100,99526,100,100095,100,99493,100,100096,100,99469,100
2019-06-28 09:52:10.000000000,99832,195,99783,195,99871,195,99689,195,99905,195,99602,195,99909,200,99594,195,99922,100,99564,100,99923,100,99549,100,100032,100,99535,100,100085,100,99526,100,100095,100,99493,100,100096,100,99469,100
2019-06-28 09:52:20.000000000,99832,229,99783,229,99871,225,99689,225,99905,225,99602,225,99909,105,99594,100,99922,100,99564,100,99923,100,99549,100,100032,100,99535,100,100085,100,99526,100,100095,100,99493,100,100096,100,99469,100
2019-06-28 09:52:30.000000000,99832,290,99783,290,99871,290,99689,290,99905,100,99602,100,99909,105,99594,100,99922,100,99564,100,99923,100,99549,100,100032,100,99535,100,100085,100,99526,100,100095,100,99493,100,100096,100,99469,100
2019-06-28 09:52:30.160410225,99832,290,99783,290,99871,290,99689,290,99905,100,99602,100,99909,105,99594,100,99922,100,99591,100,99923,100,99564,100,100032,100,99549,100,100085,100,99535,100,100096,100,99526,100,100501,100,99493,100
2019-06-28 09:52:40.000000000,99832,480,99783,480,99871,100,99689,100,99905,100,99602,100,99909,105,99594,100,99922,100,99591,100,99923,100,99564,100,100032,100,99549,100,100085,100,99535,100,100096,100,99526,100,100501,100,99493,100
2019-06-28 09:52:40.271121618,99832,480,99783,480,99871,100,99689,100,99905,100,99602,100,99909,105,99594,100,99922,100,99591,100,99923,100,99564,100,100032,100,99549,100,100085,100,99543,100,100096,100,99535,100,100501,100,99526,100
2019-06-28 09:52:49.944135637,99832,480,99783,380,99871,100,99689,100,99905,100,99602,100,99909,105,99594,100,99922,100,99591,100,99923,100,99564,100,100032,100,99549,100,100085,100,99535,100,100096,100,99526,100,100501,100,99493,100
2019-06-28 09:52:50.000000000,99832,229,99689,229,99871,225,99602,225,99905,225,99594,225,99909,105,99591,100,99922,100,99564,100,99923,100,99549,100,100032,100,99535,100,100085,100,99526,100,100096,100,99493,100,100501,100,99469,100
2019-06-28 09:52:53.349573486,99832,229,99689,129,99871,225,99602,225,99905,225,99594,225,99909,105,99591,100,99922,100,99564,100,99923,100,99549,100,100032,100,99535,100,100085,100,99526,100,100096,100,99493,100,100501,100,99469,100
2019-06-28 09:53:00.000000000,99832,480,99602,480,99871,100,99594,100,99905,100,99591,100,99909,105,99564,100,99922,100,99549,100,99923,100,99535,100,100032,100,99526,100,100085,100,99493,100,100096,100,99469,100,100501,100,99313,100
2019-06-28 09:53:06.141724925,99832,480,99690,100,99871,100,99602,480,99905,100,99594,100,99909,105,99591,100,99922,100,99564,100,99923,100,99549,100,100032,100,99535,100,100085,100,99526,100,100096,100,99493,100,100501,100,99469,100
2019-06-28 09:53:10.000000000,99832,195,99690,195,99871,195,99602,195,99905,195,99594,195,99909,200,99591,195,99922,100,99564,100,99923,100,99549,100,100032,100,99535,100,100085,100,99526,100,100096,100,99493,100,100501,100,99469,100
2019-06-28 09:53:20.000000000,99832,480,99690,480,99871,100,99602,100,99905,100,99594,100,99909,105,99591,100,99922,100,99564,100,99923,100,99549,100,100032,100,99535,100,100085,100,99526,100,100096,100,99493,100,100501,100,99469,100
2019-06-28 09:53:22.595358293,99783,100,99690,480,99832,480,99602,100,99871,100,99594,100,99905,100,99591,100,99909,105,99564,100,99922,100,99549,100,99923,100,99535,100,100032,100,99526,100,100085,100,99493,100,100096,100,99469,100
2019-06-28 09:53:30.000000000,99783,480,99690,480,99832,100,99602,100,99871,100,99594,100,99905,100,99591,100,99909,105,99564,100,99922,100,99549,100,99923,100,99535,100,100032,100,99526,100,100085,100,99493,100,100096,100,99469,100
2019-06-28 09:53:40.000000000,99783,229,99690,229,99832,225,99602,225,99871,225,99594,225,99905,100,99591,100,99909,105,99564,100,99922,100,99549,100,99923,100,99535,100,100032,100,99526,100,100085,100,99493,100,100096,100,99469,100
2019-06-28 09:53:43.536672766,99701,100,99690,229,99783,229,99602,225,99832,225,99594,225,99871,225,99591,100,99905,100,99564,100,99909,105,99549,100,99922,100,99535,100,99923,100,99526,100,100032,100,99493,100,100085,100,99469,100
2019-06-28 09:53:47.747372628,99701,100,99690,129,99783,229,99602,225,99832,225,99594,225,99871,225,99591,100,99905,100,99549,100,99909,105,99535,100,99922,100,99526,100,99923,100,99493,100,100032,100,99469,100,100085,100,99313,100
2019-06-28 09:53:49.145136364,99701,100,99690,29,99783,229,99602,225,99832,225,99594,225,99871,225,99591,100,99905,100,99549,100,99909,105,99535,100,99922,100,99526,100,99923,100,99493,100,100032,100,99469,100,100085,100,99313,100
2019-06-28 09:53:50.000000000,99701,480,99602,480,99783,100,99594,100,99832,100,99591,100,99871,100,99549,100,99905,100,99535,100,99909,105,99526,100,99922,100,99493,100,99923,100,99469,100,100032,100,99313,100,100085,100,99254,100
2019-06-28 09:53:53.446020056,99701,480,99602,480,99783,100,99594,100,99832,100,99591,100,99871,100,99549,100,99905,100,99535,100,99909,105,99526,100,99922,100,99493,100,99923,100,99469,100,100032,100,99337,100,100085,100,99313,100
2019-06-28 09:54:00.000000000,99701,195,99602,195,99783,195,99594,195,99832,195,99591,195,99871,195,99549,195,99905,100,99535,100,99909,105,99526,100,99922,100,99493,100,99923,100,99469,100,100032,100,99337,100,100085,100,99313,100
2019-06-28 09:54:10.000000000,99701,229,99602,229,99783,225,99594,225,99832,225,99591,225,99871,100,99549,100,99905,100,99535,100,99909,105,99526,100,99922,100,99493,100,99923,100,99469,100,100032,100,99337,100,100085,100,99313,100
2019-06-28 09:54:10.479102439,99610,100,99602,229,99701,229,99594,225,99783,225,99591,225,99832,225,99549,100,99871,100,99535,100,99905,100,99526,100,99909,105,99493,100,99922,100,99469,100,99923,100,99337,100,100032,100,99313,100
2019-06-28 09:54:12.643560622,99701,229,99602,229,99783,225,99594,225,99832,225,99591,225,99871,100,99549,100,99905,100,99535,100,99909,105,99526,100,99922,100,99493,100,99923,100,99469,100,100032,100,99337,100,100085,100,99313,100
2019-06-28 09:54:16.188323182,99690,100,99602,229,99701,229,99594,225,99783,225,99591,225,99832,225,99549,100,99871,100,99535,100,99905,100,99526,100,99909,105,99493,100,99922,100,99469,100,99923,100,99337,100,100032,100,99313,100
2019-06-28 09:54:20.000000000,99690,176,99602,176,99701,176,99594,176,99783,176,99591,176,99832,176,99549,176,99871,176,99535,176,99905,100,99526,100,99909,105,99493,100,99922,100,99469,100,99923,100,99337,100,100032,100,99313,100
2019-06-28 09:54:30.000000000,99690,195,99602,195,99701,195,99594,195,99783,195,99591,195,99832,195,99549,195,99871,100,99535,100,99905,100,99526,100,99909,105,99493,100,99922,100,99469,100,99923,100,99337,100,100032,100,99313,100
2019-06-28 09:54:33.435556711,99690,195,99602,95,99701,195,99594,195,99783,195,99591,195,99832,195,99549,195,99871,100,99535,100,99905,100,99526,100,99909,105,99493,100,99922,100,99469,100,99923,100,99337,100,100032,100,99313,100
2019-06-28 09:54:40.000000000,99690,176,99594,176,99701,176,99591,176,99783,176,99549,176,99832,176,99535,176,99871,176,99526,176,99905,100,99493,100,99909,105,99469,100,99922,100,99337,100,99923,100,99313,100,100032,100,99181,100
2019-06-28 09:54:50.000000000,99690,195,99594,195,99701,195,99591,195,99783,195,99549,195,99832,195,99535,195,99871,100,99526,100,99905,100,99493,100,99909,105,99469,100,99922,100,99337,100,99923,100,99313,100,100032,100,99181,100
2019-06-28 09:54:56.262069025,99690,195,99594,95,99701,195,99591,195,99783,195,99549,195,99832,195,99535,195,99871,100,99526,100,99905,100,99493,100,99909,105,99469,100,99922,100,99337,100,99923,100,99313,100,100032,100,99181,100
2019-06-28 09:55:00.000000000,99690,229,99591,229,99701,225,99549,225,99783,225,99535,225,99832,100,99526,100,99871,100,99493,100,99905,100,99469,100,99909,105,99337,100,99922,100,99313,100,99923,100,99181,100,100032,100,99086,100
2019-06-28 09:55:10.000000000,99690,176,99591,176,99701,176,99549,176,99783,176,99535,176,99832,176,99526,176,99871,176,99493,176,99905,100,99469,100,99909,105,99337,100,99922,100,99313,100,99923,100,99181,100,100032,100,99086,100
2019-06-28 09:55:20.000000000,99690,176,99591,176,99701,176,99549,176,99783,176,99535,176,99832,176,99526,176,99871,176,99493,176,99905,100,99469,100,99909,105,99337,100,99922,100,99313,100,99923,100,99181,100,100032,100,99086,100
2019-06-28 09:55:30.000000000,99690,480,99591,480,99701,100,99549,100,99783,100,99535,100,99832,100,99526,100,99871,100,99493,100,99905,100,99469,100,99909,105,99337,100,99922,100,99313,100,99923,100,99181,100,100032,100,99086,100
2019-06-28 09:55:40.000000000,99690,290,99591,290,99701,290,99549,290,99783,100,99535,100,99832,100,99526,100,99871,100,99493,100,99905,100,99469,100,99909,105,99337,100,99922,100,99313,100,99923,100,99181,100,100032,100,99086,100
2019-06-28 09:55:45.034546587,99690,290,99591,290,99701,290,99549,290,99783,100,99535,100,99832,100,99526,100,99871,100,99493,100,99905,100,99469,100,99909,105,99337,100,99922,100,99313,100,99923,100,99181,100,100032,100,99086,100
2019-06-28 09:55:50.000000000,99690,176,99591,176,99701,176,99549,176,99783,176,99535,176,99832,176,99526,176,99871,176,99493,176,99905,100,99469,100,99909,105,99337,100,99922,100,99313,100,99923,100,99181,100,100032,100,99086,100
2019-06-28 09:56:00.000000000,99690,290,99591,290,99701,290,99549,290,99783,100,99535,100,99832,100,99526,100,99871,100,99493,100,99905,100,99469,100,99909,105,99337,100,99922,100,99313,100,99923,100,99181,100,100032,100,99086,100
2019-06-28 09:56:03.405064092,99602,100,99591,290,99690,290,99549,290,99701,290,99535,100,99783,100,99526,100,99832,100,99493,100,99871,100,99469,100,99905,100,99337,100,99909,105,99313,100,99922,100,99181,100,99923,100,99086,100
2019-06-28 09:56:05.717443679,99602,100,99591,290,99690,290,99549,290,99701,290,99535,100,99783,100,99526,100,99832,100,99493,100,99871,100,99469,100,99905,100,99337,100,99909,105,99313,100,99922,100,99181,100,99923,100,99086,100
2019-06-28 09:56:10.000000000,99602,195,99591,195,99690,195,99549,195,99701,195,99535,195,99783,195,99526,195,99832,100,99493,100,99871,100,99469,100,99905,100,99337,100,99909,105,99313,100,99922,100,99181,100,99923,100,99086,100
2019-06-28 09:56:12.838352385,99602,295,99591,195,99690,195,99549,195,99701,195,99535,195,99783,195,99526,195,99832,100,99493,100,99871,100,99469,100,99905,100,99337,100,99909,105,99313,100,99922,100,99181,100,99923,100,99086,100
2019-06-28 09:56:20.000000000,99602,295,99591,195,99690,195,99549,195,99701,195,99535,195,99783,195,99526,195,99832,100,99493,100,99871,100,99469,100,99905,100,99337,100,99909,105,99313,100,99922,100,99181,100,99923,100,99086,100
2019-06-28 09:56:24.385541564,99602,295,99591,195,99690,195,99549,195,99701,195,99535,195,99783,195,99526,195,99832,100,99493,100,99871,100,99469,100,99905,100,99337,100,99909,105,99313,100,99922,100,99181,100,99923,100,99086,100
2019-06-28 09:56:30.000000000,99602,295,99591,195,99690,195,99549,195,99701,195,99535,195,99783,195,99526,195,99832,100,99493,100,99871,100,99469,100,99905,100,99337,100,99909,105,99313,100,99922,100,99181,100,99923,100,99086,100
2019-06-28 09:56:40.000000000,99602,390,99591,290,99690,290,99549,290,99701,100,99535,100,99783,100,99526,100,99832,100,99493,100,99871,100,99469,100,99905,100,99337,100,99909,105,99313,100,99922,100,99181,100,99923,100,99086,100
2019-06-28 09:56:50.000000000,99602,295,99591,195,99690,195,99549,195,99701,195,99535,195,99783,195,99526,195,99832,100,99493,100,99871,100,99469,100,99905,100,99337,100,99909,105,99313,100,99922,100,99181,100,99923,100,99086,100
2019-06-28 09:57:00.000000000,99602,295,99591,195,99690,195,99549,195,99701,195,99535,195,99783,195,99526,195,99832,100,99493,100,99871,100,99469,100,99905,100,99337,100,99909,105,99313,100,99922,100,99181,100,99923,100,99086,100
2019-06-28 09:57:10.000000000,99602,276,99591,176,99690,176,99549,176,99701,176,99535,176,99783,176,99526,176,99832,176,99493,176,99871,100,99469,100,99905,100,99337,100,99909,105,99313,100,99922,100,99181,100,99923,100,99086,100
2019-06-28 09:57:20.000000000,99602,276,99591,176,99690,176,99549,176,99701,176,99535,176,99783,176,99526,176,99832,176,99493,176,99871,100,99469,100,99905,100,99337,100,99909,105,99313,100,99922,100,99181,100,99923,100,99086,100
2019-06-28 09:57:26.804234349,99602,276,99591,176,99690,176,99549,176,99701,176,99535,176,99783,176,99526,176,99832,176,99493,176,99871,100,99469,100,99905,100,99337,100,99909,105,99313,100,99922,100,99181,100,99923,100,99086,100
2019-06-28 09:57:30.000000000,99602,295,99591,195,99690,195,99549,195,99701,195,99535,195,99783,195,99526,195,99832,100,99493,100,99871,100,99469,100,99905,100,99337,100,99909,105,99313,100,99922,100,99181,100,99923,100,99086,100
2019-06-28 09:57:40.000000000,99602,295,99591,195,99690,195,99549,195,99701,195,99535,195,99783,195,99526,195,99832,100,99493,100,99871,100,99469,100,99905,100,99337,100,99909,105,99313,100,99922,100,99181,100,99923,100,99086,100
2019-06-28 09:57:40.895789585,99602,395,99591,195,99690,195,99549,195,99701,195,99535,195,99783,195,99526,195,99832,100,99493,100,99871,100,99469,100,99905,100,99337,100,99909,105,99313,100,99922,100,99181,100,99923,100,99086,100
2019-06-28 09:57:50.000000000,99602,376,99591,176,99690,176,99549,176,99701,176,99535,176,99783,176,99526,176,99832,176,99493,176,99871,100,99469,100,99905,100,99337,100,99909,105,99313,100,99922,100,99181,100,99923,100,99086,100
2019-06-28 09:58:00.000000000,99602,680,99591,480,99690,100,99549,100,99701,100,99535,100,99783,100,99526,100,99832,100,99493,100,99871,100,99469,100,99905,100,99337,100,99909,105,99313,100,99922,100,99181,100,99923,100,99086,100
2019-06-28 09:58:10.000000000,99602,429,99591,229,99690,225,99549,225,99701,225,99535,225,99783,100,99526,100,99832,100,99493,100,99871,100,99469,100,99905,100,99337,100,99909,105,99313,100,99922,100,99181,100,99923,100,99086,100
2019-06-28 09:58:12.963022374,99602,529,99591,229,99690,225,99549,225,99701,225,99535,225,99783,100,99526,100,99832,100,99493,100,99871,100,99469,100,99905,100,99337,100,99909,105,99313,100,99922,100,99181,100,99923,100,99086,100
2019-06-28 09:58:18.478942008,99602,529,99591,229,99690,225,99549,225,99701,225,99535,225,99783,100,99526,100,99832,100,99493,100,99871,100,99469,100,99905,100,99337,100,99909,105,99313,100,99922,100,99181,100,99923,100,99118,100
2019-06-28 09:58:20.000000000,99602,529,99591,229,99690,225,99549,225,99701,225,99535,225,99783,100,99526,100,99832,100,99493,100,99871,100,99469,100,99905,100,99337,100,99909,105,99313,100,99922,100,99181,100,99923,100,99118,100
2019-06-28 09:58:30.000000000,99602,590,99591,290,99690,290,99549,290,99701,100,99535,100,99783,100,99526,100,99832,100,99493,100,99871,100,99469,100,99905,100,99337,100,99909,105,99313,100,99922,100,99181,100,99923,100,99118,100
2019-06-28 09:58:35.054323749,99602,590,99591,290,99690,290,99549,290,99701,100,99535,100,99783,100,99526,100,99832,100,99493,100,99871,100,99469,100,99905,100,99337,100,99909,105,99313,100,99922,100,99181,100,99923,100,99118,100
2019-06-28 09:58:37.461295655,99602,590,99591,290,99690,290,99549,290,99701,100,99535,100,99783,100,99526,100,99832,100,99493,100,99871,100,99469,100,99905,100,99337,100,99909,105,99313,100,99922,100,99181,100,99923,100,99118,100
2019-06-28 09:58:40.000000000,99602,780,99591,480,99690,100,99549,100,99701,100,99535,100,99783,100,99526,100,99832,100,99493,100,99871,100,99469,100,99905,100,99337,100,99909,105,99313,100,99922,100,99181,100,99923,100,99118,100
2019-06-28 09:58:50.000000000,99602,780,99591,480,99690,100,99549,100,99701,100,99535,100,99783,100,99526,100,99832,100,99493,100,99871,100,99469,100,99905,100,99337,100,99909,105,99313,100,99922,100,99181,100,99923,100,99118,100
2019-06-28 09:58:59.278336004,99602,880,99591,480,99690,100,99549,100,99701,100,99535,100,99783,100,99526,100,99832,100,99493,100,99871,100,99469,100,99905,100,99337,100,99909,105,99313,100,99923,100,99181,100,100032,100,99118,100
2019-06-28 09:59:00.000000000,99602,576,99591,176,99690,176,99549,176,99701,176,99535,176,99783,176,99526,176,99832,176,99493,176,99871,100,99469,100,99905,100,99337,100,99909,105,99313,100,99923,100,99181,100,100032,100,99118,100
2019-06-28 09:59:10.000000000,99602,880,99591,480,99690,100,99549,100,99701,100,99535,100,99783,100,99526,100,99832,100,99493,100,99871,100,99469,100,99905,100,99337,100,99909,105,99313,100,99923,100,99181,100,100032,100,99118,100
2019-06-28 09:59:20.000000000,99602,576,99591,176,99690,176,99549,176,99701,176,99535,176,99783,176,99526,176,99832,176,99493,176,99871,100,99469,100,99905,100,99337,100,99909,105,99313,100,99923,100,99181,100,100032,100,99118,100
2019-06-28 09:59:30.000000000,99602,595,99591,195,99690,195,99549,195,99701,195,99535,195,99783,195,99526,195,99832,100,99493,100,99871,100,99469,100,99905,100,99337,100,99909,105,99313,100,99923,100,99181,100,100032,100,99118,100
2019-06-28 09:59:40.000000000,99602,576,99591,176,99690,176,99549,176,99701,176,99535,176,99783,176,99526,176,99832,176,99493,176,99871,100,99469,100,99905,100,99337,100,99909,105,99313,100,99923,100,99181,100,100032,100,99118,100
2019-06-28 09:59:49.962373463,99602,576,99591,76,99690,176,99549,176,99701,176,99535,176,99783,176,99526,176,99832,176,99493,176,99871,100,99469,100,99905,100,99337,100,99909,105,99313,100,99923,100,99181,100,100096,100,99118,100
2019-06-28 09:59:50.000000000,99602,880,99549,480,99690,100,99535,100,99701,100,99526,100,99783,100,99493,100,99832,100,99469,100,99871,100,99337,100,99905,100,99313,100,99909,105,99181,100,99923,100,99118,100,100096,100,99086,100
2019-06-28 09:59:51.006159020,99602,880,99549,380,99690,100,99535,100,99701,100,99526,100,99783,100,99493,100,99832,100,99469,100,99871,100,99337,100,99905,100,99313,100,99909,105,99181,100,99923,100,99118,100,100096,100,99086,100
2019-06-28 10:00:00.000000000,99602,595,99535,195,99690,195,99526,195,99701,195,99493,195,99783,195,99469,195,99832,100,99337,100,99871,100,99313,100,99905,100,99181,100,99909,105,99118,100,99923,100,99086,100,100096,100,98782,100
2019-06-28 10:00:10.000000000,99602,629,99535,229,99690,225,99526,225,99701,225,99493,225,99783,100,99469,100,99832,100,99337,100,99871,100,99313,100,99905,100,99181,100,99909,105,99118,100,99923,100,99086,100,100096,100,98782,100
2019-06-28 10:00:12.014484024,99602,629,99535,229,99690,225,99526,225,99701,225,99493,225,99783,100,99469,100,99832,100,99337,100,99871,100,99313,100,99905,100,99181,100,99909,105,99118,100,99923,100,99086,100,100096,100,98914,100
2019-06-28 10:00:20.000000000,99602,595,99535,195,99690,195,99526,195,99701,195,99493,195,99783,195,99469,195,99832,100,99337,100,99871,100,99313,100,99905,100,99181,100,99909,105,99118,100,99923,100,99086,100,100096,100,98914,100
2019-06-28 10:00:22.786006435,99602,595,99535,95,99690,195,99526,195,99701,195,99493,195,99783,195,99469,195,99832,100,99337,100,99871,100,99313,100,99905,100,99181,100,99909,105,99118,100,99923,100,99086,100,100096,100,98914,100
2019-06-28 10:00:28.897109295,99535,5,99526,195,99602,595,99493,195,99690,195,99469,195,99701,195,99337,100,99783,195,99313,100,99832,100,99181,100,99871,100,99118,100,99905,100,99086,100,99909,105,98914,100,99923,100,98782,100
2019-06-28 10:00:30.000000000,99535,100,99526,195,99602,595,99493,195,99690,195,99469,195,99701,195,99337,195,99783,100,99313,100,99832,100,99181,100,99871,100,99118,100,99905,100,99086,100,99909,105,98914,100,99923,100,98782,100
2019-06-28 10:00:37.732663620,99535,100,99526,195,99602,595,99493,195,99690,195,99469,195,99701,195,99337,195,99783,100,99313,100,99832,100,99181,100,99871,100,99118,100,99905,100,99086,100,99909,105,98944,100,99923,100,98914,100
2019-06-28 10:00:40.000000000,99535,195,99526,290,99602,690,99493,290,99690,100,99469,100,99701,100,99337,100,99783,100,99313,100,99832,100,99181,100,99871,100,99118,100,99905,100,99086,100,99909,105,98944,100,99923,100,98914,100
2019-06-28 10:00:50.000000000,99535,81,99526,176,99602,576,99493,176,99690,176,99469,176,99701,176,99337,176,99783,176,99313,176,99832,100,99181,100,99871,100,99118,100,99905,100,99086,100,99909,105,98944,100,99923,100,98914,100
2019-06-28 10:01:00.000000000,99535,81,99526,176,99602,576,99493,176,99690,176,99469,176,99701,176,99337,176,99783,176,99313,176,99832,100,99181,100,99871,100,99118,100,99905,100,99086,100,99909,105,98944,100,99923,100,98914,100
2019-06-28 10:01:03.292375576,99535,81,99526,176,99602,576,99493,176,99690,176,99469,176,99701,176,99435,100,99783,176,99337,176,99832,100,99313,176,99871,100,99181,100,99905,100,99118,100,99909,105,99086,100,99923,100,98944,100
2019-06-28 10:01:10.000000000,99535,385,99526,480,99602,500,99493,100,99690,100,99469,100,99701,100,99435,100,99783,100,99337,100,99832,100,99313,100,99871,100,99181,100,99905,100,99118,100,99909,105,99086,100,99923,100,98944,100
2019-06-28 10:01:20.000000000,99535,81,99526,176,99602,576,99493,176,99690,176,99469,176,99701,176,99435,176,99783,176,99337,176,99832,100,99313,100,99871,100,99181,100,99905,100,99118,100,99909,105,99086,100,99923,100,98944,100
2019-06-28 10:01:30.000000000,99535,385,99526,480,99602,500,99493,100,99690,100,99469,100,99701,100,99435,100,99783,100,99337,100,99832,100,99313,100,99871,100,99181,100,99905,100,99118,100,99909,105,99086,100,99923,100,98944,100
2019-06-28 10:01:40.000000000,99535,195,99526,290,99602,690,99493,290,99690,100,99469,100,99701,100,99435,100,99783,100,99337,100,99832,100,99313,100,99871,100,99181,100,99905,100,99118,100,99909,105,99086,100,99923,100,98944,100
2019-06-28 10:01:50.000000000,99535,81,99526,176,99602,576,99493,176,99690,176,99469,176,99701,176,99435,176,99783,176,99337,176,99832,100,99313,100,99871,100,99181,100,99905,100,99118,100,99909,105,99086,100,99923,100,98944,100
2019-06-28 10:01:51.742533528,99602,576,99536,19,99690,176,99526,176,99701,176,99493,176,99783,176,99469,176,99832,100,99435,176,99871,100,99337,176,99905,100,99313,100,99909,105,99181,100,99923,100,99118,100,100096,100,99086,100
2019-06-28 10:01:56.651605637,99602,576,99536,19,99690,176,99535,100,99701,176,99526,176,99783,176,99493,176,99832,100,99469,176,99871,100,99435,176,99905,100,99337,176,99909,105,99313,100,99923,100,99181,100,100096,100,99118,100
2019-06-28 10:02:00.000000000,99602,880,99536,399,99690,100,99535,100,99701,100,99526,100,99783,100,99493,100,99832,100,99469,100,99871,100,99435,100,99905,100,99337,100,99909,105,99313,100,99923,100,99181,100,100096,100,99118,100
2019-06-28 10:02:09.857230831,99602,880,99536,399,99690,100,99535,100,99701,100,99526,100,99783,100,99493,100,99787,100,99469,100,99832,100,99435,100,99871,100,99337,100,99905,100,99313,100,99909,105,99181,100,99923,100,99118,100
2019-06-28 10:02:10.000000000,99602,595,99536,114,99690,195,99535,195,99701,195,99526,195,99783,195,99493,195,99787,100,99469,100,99832,100,99435,100,99871,100,99337,100,99905,100,99313,100,99909,105,99181,100,99923,100,99118,100
2019-06-28 10:02:12.318293396,99602,595,99536,114,99617,100,99535,195,99690,195,99526,195,99701,195,99493,195,99783,195,99469,100,99787,100,99435,100,99832,100,99337,100,99871,100,99313,100,99905,100,99181,100,99909,105,99118,100
2019-06-28 10:02:13.350508613,99602,595,99536,114,99617,100,99535,195,99690,195,99527,100,99701,195,99526,195,99783,195,99493,195,99787,100,99469,100,99832,100,99435,100,99871,100,99337,100,99905,100,99313,100,99909,105,99181,100
2019-06-28 10:02:20.000000000,99602,880,99536,399,99617,100,99535,100,99690,100,99527,100,99701,100,99526,100,99783,100,99493,100,99787,100,99469,100,99832,100,99435,100,99871,100,99337,100,99905,100,99313,100,99909,105,99181,100
2019-06-28 10:02:28.115647874,99602,780,99536,399,99617,100,99535,100,99690,100,99527,100,99701,100,99526,100,99783,100,99493,100,99787,100,99469,100,99832,100,99435,100,99871,100,99337,100,99905,100,99313,100,99909,105,99181,100
2019-06-28 10:02:30.000000000,99602,590,99536,209,99617,290,99535,290,99690,100,99527,100,99701,100,99526,100,99783,100,99493,100,99787,100,99469,100,99832,100,99435,100,99871,100,99337,100,99905,100,99313,100,99909,105,99181,100
2019-06-28 10:02:33.956184486,99602,590,99536,209,99617,290,99535,290,99690,100,99527,100,99701,100,99526,100,99783,100,99493,100,99787,100,99469,100,99832,100,99435,100,99871,100,99337,100,99905,100,99313,100,99909,105,99181,100
2019-06-28 10:02:40.000000000,99602,590,99536,209,99617,290,99535,290,99690,100,99527,100,99701,100,99526,100,99783,100,99493,100,99787,100,99469,100,99832,100,99435,100,99871,100,99337,100,99905,100,99313,100,99909,105,99181,100
2019-06-28 10:02:50.000000000,99602,476,99536,95,99617,176,99535,176,99690,176,99527,176,99701,176,99526,176,99783,176,99493,176,99787,100,99469,100,99832,100,99435,100,99871,100,99337,100,99905,100,99313,100,99909,105,99181,100
2019-06-28 10:02:59.663237300,99602,476,99536,95,99617,176,99535,176,99690,176,99527,176,99701,176,99526,176,99783,176,99493,176,99787,100,99469,100,99832,100,99435,100,99871,100,99337,100,99905,100,99313,100,99909,105,99181,100
2019-06-28 10:03:00.000000000,99602,780,99536,399,99617,100,99535,100,99690,100,99527,100,99701,100,99526,100,99783,100,99493,100,99787,100,99469,100,99832,100,99435,100,99871,100,99337,100,99905,100,99313,100,99909,105,99181,100
2019-06-28 10:03:10.000000000,99602,476,99536,95,99617,176,99535,176,99690,176,99527,176,99701,176,99526,176,99783,176,99493,176,99787,100,99469,100,99832,100,99435,100,99871,100,99337,100,99905,100,99313,100,99909,105,99181,100
2019-06-28 10:03:12.005891183,99602,476,99536,95,99617,176,99535,176,99690,176,99527,176,99701,176,99526,176,99783,176,99493,176,99787,100,99469,100,99832,100,99435,100,99871,100,99337,100,99905,100,99313,100,99909,105,99181,100
2019-06-28 10:03:20.000000000,99602,780,99536,399,99617,100,99535,100,99690,100,99527,100,99701,100,99526,100,99783,100,99493,100,99787,100,99469,100,99832,100,99435,100,99871,100,99337,100,99905,100,99313,100,99909,105,99181,100
2019-06-28 10:03:24.604240998,99602,780,99536,299,99617,100,99535,100,99690,100,99527,100,99701,100,99526,100,99783,100,99493,100,99787,100,99469,100,99832,100,99435,100,99871,100,99337,100,99905,100,99313,100,99909,105,99181,100
2019-06-28 10:03:30.000000000,99602,529,99535,229,99617,225,99527,225,99690,225,99526,225,99701,100,99493,100,99783,100,99469,100,99787,100,99435,100,99832,100,99337,100,99871,100,99313,100,99905,100,99181,100,99909,105,99118,100
2019-06-28 10:03:37.302939671,99602,529,99535,229,99617,225,99527,225,99690,225,99526,225,99701,100,99493,100,99783,100,99469,100,99787,100,99435,100,99795,100,99337,100,99832,100,99313,100,99871,100,99181,100,99905,100,99118,100
2019-06-28 10:03:40.000000000,99602,476,99535,176,99617,176,99527,176,99690,176,99526,176,99701,176,99493,176,99783,176,99469,176,99787,100,99435,100,99795,100,99337,100,99832,100,99313,100,99871,100,99181,100,99905,100,99118,100
2019-06-28 10:03:48.365585498,99602,476,99537,100,99617,176,99535,176,99690,176,99527,176,99701,176,99526,176,99783,176,99493,176,99787,100,99469,176,99795,100,99435,100,99832,100,99337,100,99871,100,99313,100,99905,100,99181,100
2019-06-28 10:03:50.000000000,99602,495,99537,195,99617,195,99535,195,99690,195,99527,195,99701,195,99526,195,99783,100,99493,100,99787,100,99469,100,99795,100,99435,100,99832,100,99337,100,99871,100,99313,100,99905,100,99181,100
2019-06-28 10:03:55.925046309,99602,495,99537,195,99617,195,99535,195,99690,195,99527,195,99701,195,99526,195,99783,100,99493,100,99787,100,99469,100,99795,100,99435,100,99832,100,99337,100,99871,100,99313,100,99905,100,99181,100
2019-06-28 10:04:00.000000000,99602,495,99537,195,99617,195,99535,195,99690,195,99527,195,99701,195,99526,195,99783,100,99493,100,99787,100,99469,100,99795,100,99435,100,99832,100,99337,100,99871,100,99313,100,99905,100,99181,100
2019-06-28 10:04:10.000000000,99602,590,99537,290,99617,290,99535,290,99690,100,99527,100,99701,100,99526,100,99783,100,99493,100,99787,100,99469,100,99795,100,99435,100,99832,100,99337,100,99871,100,99313,100,99905,100,99181,100
2019-06-28 10:04:20.000000000,99602,495,99537,195,99617,195,99535,195,99690,195,99527,195,99701,195,99526,195,99783,100,99493,100,99787,100,99469,100,99795,100,99435,100,99832,100,99337,100,99871,100,99313,100,99905,100,99181,100
2019-06-28 10:04:27.827466111,99602,395,99537,295,99617,195,99535,195,99690,195,99527,195,99701,195,99526,195,99783,100,99493,100,99787,100,99469,100,99795,100,99435,100,99832,100,99337,100,99871,100,99313,100,99905,100,99181,100
2019-06-28 10:04:27.917976130,99602,295,99537,295,99617,195,99535,195,99690,195,99527,195,99701,195,99526,195,99783,100,99493,100,99787,100,99469,100,99795,100,99435,100,99832,100,99337,100,99871,100,99313,100,99905,100,99181,100
2019-06-28 10:04:30.000000000,99602,329,99537,329,99617,225,99535,225,99690,225,99527,225,99701,100,99526,100,99783,100,99493,100,99787,100,99469,100,99795,100,99435,100,99832,100,99337,100,99871,100,99313,100,99905,100,99181,100
2019-06-28 10:04:31.361468644,99602,329,99538,100,99617,225,99537,229,99690,225,99535,225,99701,100,99527,225,99783,100,99526,100,99787,100,99493,100,99795,100,99469,100,99832,100,99435,100,99871,100,99337,100,99905,100,99313,100
2019-06-28 10:04:34.022516038,99602,329,99538,100,99617,225,99537,229,99690,225,99535,225,99701,100,99527,225,99783,100,99526,100,99787,100,99493,100,99795,100,99469,100,99832,100,99435,100,99871,100,99337,100,99905,100,99313,100
2019-06-28 10:04:40.000000000,99602,295,99538,195,99617,195,99537,195,99690,195,99535,195,99701,195,99527,195,99783,100,99526,100,99787,100,99493,100,99795,100,99469,100,99832,100,99435,100,99871,100,99337,100,99905,100,99313,100
2019-06-28 10:04:44.592164237,99602,195,99538,195,99617,195,99537,195,99690,195,99535,195,99701,195,99527,195,99783,100,99526,100,99787,100,99493,100,99795,100,99469,100,99832,100,99435,100,99871,100,99337,100,99905,100,99313,100
2019-06-28 10:04:50.000000000,99602,229,99538,229,99617,225,99537,225,99690,225,99535,225,99701,100,99527,100,99783,100,99526,100,99787,100,99493,100,99795,100,99469,100,99832,100,99435,100,99871,100,99337,100,99905,100,99313,100
2019-06-28 10:05:00.000000000,99602,480,99538,480,99617,100,99537,100,99690,100,99535,100,99701,100,99527,100,99783,100,99526,100,99787,100,99493,100,99795,100,99469,100,99832,100,99435,100,99871,100,99337,100,99905,100,99313,100
2019-06-28 10:05:10.000000000,99602,195,99538,195,99617,195,99537,195,99690,195,99535,195,99701,195,99527,195,99783,100,99526,100,99787,100,99493,100,99795,100,99469,100,99832,100,99435,100,99871,100,99337,100,99905,100,99313,100
2019-06-28 10:05:10.892898243,99602,195,99538,195,99617,195,99537,195,99690,195,99535,195,99701,195,99527,195,99783,100,99526,100,99787,100,99493,100,99832,100,99469,100,99871,100,99435,100,99905,100,99337,100,99909,100,99313,100
2019-06-28 10:05:20.000000000,99602,195,99538,195,99617,195,99537,195,99690,195,99535,195,99701,195,99527,195,99783,100,99526,100,99787,100,99493,100,99832,100,99469,100,99871,100,99435,100,99905,100,99337,100,99909,100,99313,100
2019-06-28 10:05:24.275629206,99602,195,99538,195,99617,195,99537,195,99690,195,99535,195,99701,195,99527,195,99783,100,99526,100,99787,100,99493,100,99832,100,99469,100,99871,100,99435,100,99905,100,99337,100,99909,100,99313,100
2019-06-28 10:05:30.000000000,99602,195,99538,195,99617,195,99537,195,99690,195,99535,195,99701,195,99527,195,99783,100,99526,100,99787,100,99493,100,99832,100,99469,100,99871,100,99435,100,99905,100,99337,100,99909,100,99313,100
2019-06-28 10:05:30.632744461,99602,195,99538,195,99617,195,99537,195,99690,195,99535,195,99701,195,99527,195,99783,100,99526,100,99787,100,99493,100,99832,100,99469,100,99871,100,99435,100,99905,100,99337,100,99909,100,99313,100
2019-06-28 10:05:36.245302343,99602,95,99538,195,99617,195,99537,195,99690,195,99535,195,99701,195,99527,195,99783,100,99526,100,99787,100,99493,100,99832,100,99469,100,99871,100,99435,100,99905,100,99337,100,99909,100,99313,100
2019-06-28 10:05:40.000000000,99617,229,99538,229,99690,225,99537,225,99701,225,99535,225,99783,100,99527,100,99787,100,99526,100,99832,100,99493,100,99871,100,99469,100,99905,100,99435,100,99909,100,99337,100,99987,100,99313,100
2019-06-28 10:05:45.354675520,99617,229,99538,229,99690,225,99537,225,99701,225,99535,225,99783,100,99527,100,99787,100,99526,100,99832,100,99493,100,99871,100,99469,100,99905,100,99435,100,99909,100,99337,100,99987,100,99313,100
2019-06-28 10:05:50.000000000,99617,480,99538,480,99690,100,99537,100,99701,100,99535,100,99783,100,99527,100,99787,100,99526,100,99832,100,99493,100,99871,100,99469,100,99905,100,99435,100,99909,100,99337,100,99987,100,99313,100
2019-06-28 10:05:58.642082417,99617,480,99602,100,99690,100,99538,480,99701,100,99537,100,99783,100,99527,100,99787,100,99526,100,99832,100,99493,100,99871,100,99469,100,99905,100,99435,100,99909,100,99337,100,99987,100,99313,100
2019-06-28 10:06:00.000000000,99617,195,99602,195,99690,195,99538,195,99701,195,99537,195,99783,195,99527,195,99787,100,99526,100,99832,100,99493,100,99871,100,99469,100,99905,100,99435,100,99909,100,99337,100,99987,100,99313,100
2019-06-28 10:06:02.998729595,99617,195,99602,195,99690,195,99538,195,99701,195,99537,195,99783,195,99527,195,99787,100,99526,100,99832,100,99493,100,99871,100,99469,100,99905,100,99435,100,99909,100,99337,100,99987,100,99313,100
2019-06-28 10:06:10.000000000,99617,176,99602,176,99690,176,99538,176,99701,176,99537,176,99783,176,99527,176,99787,176,99526,176,99832,100,99493,100,99871,100,99469,100,99905,100,99435,100,99909,100,99337,100,99987,100,99313,100
2019-06-28 10:06:18.098711852,99617,176,99602,176,99690,176,99538,176,99701,176,99537,176,99783,176,99527,176,99787,176,99526,176,99832,100,99493,100,99871,100,99469,100,99905,100,99435,100,99909,100,99337,100,99957,100,99313,100
2019-06-28 10:06:20.000000000,99617,290,99602,290,99690,290,99538,290,99701,100,99537,100,99783,100,99527,100,99787,100,99526,100,99832,100,99493,100,99871,100,99469,100,99905,100,99435,100,99909,100,99337,100,99957,100,99313,100
2019-06-28 10:06:25.437304598,99617,290,99602,290,99690,290,99538,190,99701,100,99537,100,99783,100,99527,100,99787,100,99526,100,99832,100,99493,100,99871,100,99469,100,99905,100,99435,100,99909,100,99337,100,99957,100,99313,100
2019-06-28 10:06:28.111455196,99617,190,99602,290,99690,290,99538,190,99701,100,99537,100,99783,100,99527,100,99787,100,99526,100,99832,100,99493,100,99871,100,99469,100,99905,100,99435,100,99909,100,99337,100,99957,100,99313,100
2019-06-28 10:06:30.000000000,99690,229,99602,229,99701,225,99537,225,99783,225,99527,225,99787,100,99526,100,99832,100,99493,100,99871,100,99469,100,99905,100,99435,100,99909,100,99337,100,99957,100,99313,100,99987,100,99118,100
2019-06-28 10:06:34.945363802,99690,129,99602,229,99701,225,99537,225,99783,225,99527,225,99787,100,99526,100,99832,100,99493,100,99871,100,99469,100,99905,100,99435,100,99909,100,99337,100,99957,100,99313,100,99987,100,99118,100
2019-06-28 10:06:40.000000000,99701,229,99602,229,99783,225,99537,225,99787,225,99527,225,99832,100,99526,100,99871,100,99493,100,99905,100,99469,100,99909,100,99435,100,99957,100,99337,100,99987,100,99313,100,100054,100,99118,100
2019-06-28 10:06:50.000000000,99701,480,99602,480,99783,100,99537,100,99787,100,99527,100,99832,100,99526,100,99871,100,99493,100,99905,100,99469,100,99909,100,99435,100,99957,100,99337,100,99987,100,99313,100,100054,100,99118,100
2019-06-28 10:07:00.000000000,99701,195,99602,195,99783,195,99537,195,99787,195,99527,195,99832,195,99526,195,99871,100,99493,100,99905,100,99469,100,99909,100,99435,100,99957,100,99337,100,99987,100,99313,100,100054,100,99118,100
2019-06-28 10:07:00.499831628,99701,195,99602,195,99783,195,99537,195,99787,195,99527,195,99832,195,99526,195,99850,100,99493,100,99871,100,99435,100,99905,100,99337,100,99909,100,99313,100,99957,100,99118,100,99987,100,99104,100
2019-06-28 10:07:06.978351260,99701,195,99617,100,99783,195,99602,195,99787,195,99537,195,99832,195,99527,195,99850,100,99526,195,99871,100,99493,100,99905,100,99435,100,99909,100,99337,100,99957,100,99313,100,99987,100,99118,100
2019-06-28 10:07:10.000000000,99701,229,99617,229,99783,225,99602,225,99787,225,99537,225,99832,100,99527,100,99850,100,99526,100,99871,100,99493,100,99905,100,99435,100,99909,100,99337,100,99957,100,99313,100,99987,100,99118,100
2019-06-28 10:07:20.000000000,99701,176,99617,176,99783,176,99602,176,99787,176,99537,176,99832,176,99527,176,99850,176,99526,176,99871,100,99493,100,99905,100,99435,100,99909,100,99337,100,99957,100,99313,100,99987,100,99118,100
2019-06-28 10:07:30.000000000,99701,229,99617,229,99783,225,99602,225,99787,225,99537,225,99832,100,99527,100,99850,100,99526,100,99871,100,99493,100,99905,100,99435,100,99909,100,99337,100,99957,100,99313,100,99987,100,99118,100
2019-06-28 10:07:40.000000000,99701,290,99617,290,99783,290,99602,290,99787,100,99537,100,99832,100,99527,100,99850,100,99526,100,99871,100,99493,100,99905,100,99435,100,99909,100,99337,100,99957,100,99313,100,99987,100,99118,100
2019-06-28 10:07:50.000000000,99701,195,99617,195,99783,195,99602,195,99787,195,99537,195,99832,195,99527,195,99850,100,99526,100,99871,100,99493,100,99905,100,99435,100,99909,100,99337,100,99957,100,99313,100,99987,100,99118,100
2019-06-28 10:07:54.485270340,99701,95,99617,195,99783,195,99602,195,99787,195,99537,195,99832,195,99527,195,99850,100,99526,100,99871,100,99493,100,99905,100,99435,100,99909,100,99337,100,99957,100,99313,100,99987,100,99118,100
2019-06-28 10:08:00.000000000,99783,229,99617,229,99787,225,99602,225,99832,225,99537,225,99850,100,99527,100,99871,100,99526,100,99905,100,99493,100,99909,100,99435,100,99957,100,99337,100,99987,100,99313,100,100054,100,99118,100
