,ask_price_1,ask_size_1,bid_price_1,bid_size_1,ask_price_2,ask_size_2,bid_price_2,bid_size_2,ask_price_3,ask_size_3,bid_price_3,bid_size_3,ask_price_4,ask_size_4,bid_price_4,bid_size_4,ask_price_5,ask_size_5,bid_price_5,bid_size_5,ask_price_6,ask_size_6,bid_price_6,bid_size_6,ask_price_7,ask_size_7,bid_price_7,bid_size_7,ask_price_8,ask_size_8,bid_price_8,bid_size_8,ask_price_9,ask_size_9,bid_price_9,bid_size_9,ask_price_10,ask_size_10,bid_price_10,bid_size_10
2019-06-28 09:30:00.000000001,,,99945,100,,,,,,,,,,,,,,,,,,,,,,,,,,,,,,,,,,,,
2019-06-28 09:30:00.000000004,,,99945,100,,,99937,100,,,,,,,,,,,,,,,,,,,,,,,,,,,,,,,,
2019-06-28 09:30:00.000000005,,,99945,100,,,99937,100,,,99899,100,,,,,,,,,,,,,,,,,,,,,,,,,,,,
2019-06-28 09:30:00.000000006,99985,100,99945,100,100103,100,99937,100,,,99899,100,,,,,,,,,,,,,,,,,,,,,,,,,,,,
2019-06-28 09:30:00.000000007,99985,100,99945,100,100103,100,99937,100,100221,100,99899,100,,,,,,,,,,,,,,,,,,,,,,,,,,,,
2019-06-28 09:30:00.000000008,100053,100,99945,100,100103,100,99937,100,100104,100,99899,100,100221,100,,,,,,,,,,,,,,,,,,,,,,,,,,
2019-06-28 09:30:00.000000011,100053,100,99979,100,100103,100,99945,100,100104,100,99937,100,100105,100,99899,100,100113,100,,,100221,100,,,,,,,,,,,,,,,,,,
2019-06-28 09:30:00.000000012,100053,100,100046,100,100103,100,99979,100,100104,100,99945,100,100105,100,99937,100,100113,100,99931,100,100221,100,99899,100,,,,,,,,,,,,,,,,
2019-06-28 09:30:00.000000015,100053,100,100046,100,100103,100,99979,100,100104,100,99945,100,100105,100,99937,100,100113,100,99931,100,100127,100,99899,100,100221,100,,,,,,,,,,,,,,
2019-06-28 09:30:00.000000021,100053,100,99979,100,100103,100,99945,100,100104,100,99937,100,100105,100,99931,100,100113,100,99899,100,100127,100,,,100221,100,,,,,,,,,,,,,,
2019-06-28 09:30:00.000000023,100053,100,99979,100,100060,100,99945,100,100103,100,99937,100,100104,100,99931,100,100105,100,99899,100,100113,100,,,100127,100,,,100221,100,,,,,,,,,,
2019-06-28 09:30:00.000000024,100053,100,99979,100,100060,100,99969,100,100103,100,99945,100,100104,100,99937,100,100105,100,99931,100,100113,100,99899,100,100127,100,,,100221,100,,,,,,,,,,
2019-06-28 09:30:00.000000025,100053,100,99979,100,100060,100,99969,100,100103,100,99945,100,100104,100,99937,100,100105,100,99931,100,100113,100,99899,100,100127,100,,,100180,100,,,100221,100,,,,,,
2019-06-28 09:30:00.000000026,100053,100,99979,100,100060,100,99969,100,100103,100,99945,100,100104,100,99937,100,100105,100,99933,100,100113,100,99931,100,100127,100,99899,100,100180,100,,,100221,100,,,,,,
2019-06-28 09:30:00.000000031,100046,100,99979,100,100053,100,99969,100,100060,100,99945,100,100103,100,99937,100,100104,100,99933,100,100105,100,99931,100,100113,100,99899,100,100127,100,,,100177,100,,,100180,100,,
2019-06-28 09:30:00.000000032,100027,100,99979,100,100046,100,99969,100,100053,100,99948,100,100060,100,99945,100,100103,100,99937,100,100104,100,99933,100,100105,100,99931,100,100113,100,99899,100,100127,100,,,100177,100,,
2019-06-28 09:30:00.000000033,100027,100,99979,100,100046,200,99976,100,100053,100,99969,100,100060,100,99948,100,100103,100,99945,100,100104,100,99937,100,100105,100,99933,100,100113,100,99931,100,100127,100,99899,100,100177,100,,
2019-06-28 09:30:00.000000034,100027,100,99979,100,100046,300,99976,100,100053,100,99969,100,100060,100,99948,100,100103,100,99945,100,100104,100,99937,100,100105,100,99933,100,100113,100,99931,100,100127,100,99899,100,100177,100,,
2019-06-28 09:30:00.000000037,100027,100,99979,100,100046,300,99976,100,100053,100,99969,100,100060,100,99948,100,100103,100,99945,100,100104,100,99937,100,100105,100,99933,100,100113,100,99931,100,100127,100,99899,100,100177,100,99827,100
2019-06-28 09:30:00.000000041,100027,100,99979,100,100046,300,99976,100,100047,100,99969,100,100053,100,99948,100,100060,100,99945,100,100103,100,99937,100,100104,100,99933,100,100105,100,99931,100,100113,100,99899,100,100127,100,99827,100
2019-06-28 09:30:00.000000042,100027,100,99979,100,100046,300,99976,100,100047,100,99969,100,100053,100,99948,100,100060,100,99945,100,100103,100,99937,100,100104,100,99933,100,100105,100,99931,100,100113,100,99899,100,100127,100,99827,100
2019-06-28 09:30:00.000000043,100027,100,99979,100,100046,300,99976,100,100047,100,99969,100,100053,100,99948,100,100060,100,99945,100,100103,100,99937,100,100104,100,99933,100,100105,100,99931,100,100113,100,99899,100,100127,100,99827,100
2019-06-28 09:30:00.000000044,100027,100,99979,100,100046,400,99976,100,100047,100,99969,100,100053,100,99948,100,100060,100,99945,100,100103,100,99937,100,100104,100,99933,100,100105,100,99931,100,100113,100,99899,100,100127,100,99827,100
2019-06-28 09:30:00.000000048,100027,100,99979,100,100046,400,99976,100,100047,100,99969,100,100053,100,99948,100,100060,100,99945,100,100103,100,99937,100,100104,100,99933,100,100105,100,99931,100,100113,100,99899,100,100127,100,99891,100
2019-06-28 09:30:00.000000049,100003,100,99979,100,100027,100,99976,100,100046,400,99969,100,100047,100,99948,100,100053,100,99945,100,100060,100,99937,100,100103,100,99933,100,100104,100,99931,100,100105,100,99899,100,100113,100,99891,100
2019-06-28 09:30:00.000000050,99988,100,99979,100,100003,100,99976,100,100027,100,99969,100,100040,100,99948,100,100046,400,99945,100,100047,100,99937,100,100053,100,99933,100,100060,100,99931,100,100088,100,99899,100,100103,100,99891,100
2019-06-28 09:30:00.000000056,100003,100,99979,100,100027,100,99976,100,100040,100,99969,100,100046,400,99948,100,100047,100,99945,100,100053,100,99937,100,100060,100,99933,100,100088,100,99931,100,100103,100,99899,100,100104,100,99891,100
2019-06-28 09:30:00.000000057,100003,100,99979,100,100027,100,99976,100,100040,100,99969,100,100046,400,99948,100,100047,100,99945,100,100053,200,99937,100,100060,100,99933,100,100088,100,99931,100,100103,100,99899,100,100104,100,99891,100
2019-06-28 09:30:00.000000058,100003,100,99979,100,100027,100,99976,100,100040,100,99969,100,100046,400,99968,100,100047,100,99948,100,100053,200,99945,100,100060,100,99937,100,100088,100,99933,100,100103,100,99931,100,100104,100,99899,100
2019-06-28 09:30:00.000000068,100027,100,99979,100,100040,100,99976,100,100046,400,99969,100,100047,100,99968,100,100053,200,99948,100,100060,100,99945,100,100088,100,99937,100,100103,100,99933,100,100104,100,99931,100,100105,100,99899,100
2019-06-28 09:30:00.000000070,100003,100,99979,100,100027,100,99976,100,100040,100,99969,100,100046,400,99968,100,100047,100,99948,100,100053,200,99945,100,100060,100,99937,100,100088,100,99933,100,100103,100,99931,100,100104,100,99899,100
2019-06-28 09:30:00.000000071,100003,100,99988,100,100027,100,99979,100,100040,100,99976,100,100046,400,99969,100,100047,100,99968,100,100053,200,99948,100,100060,100,99945,100,100088,100,99937,100,100103,100,99933,100,100104,100,99931,100
2019-06-28 09:30:00.000000072,100027,100,99988,100,100040,100,99979,100,100046,400,99976,100,100047,100,99969,100,100053,200,99968,100,100060,100,99948,100,100088,100,99945,100,100103,100,99937,100,100104,100,99933,100,100105,100,99931,100
2019-06-28 09:30:00.000000073,100027,100,100003,100,100040,100,99992,100,100046,400,99988,100,100047,100,99979,100,100053,200,99976,100,100060,100,99969,100,100088,100,99968,100,100103,100,99948,100,100104,100,99945,100,100105,100,99937,100
2019-06-28 09:30:00.000000075,100003,100,99992,100,100027,100,99988,100,100040,100,99979,100,100046,400,99976,100,100047,100,99969,100,100053,200,99968,100,100060,100,99948,100,100088,100,99945,100,100103,100,99937,100,100104,100,99933,100
2019-06-28 09:30:00.000000077,100003,100,99992,100,100027,100,99988,100,100040,100,99979,100,100042,100,99976,100,100046,400,99969,100,100047,100,99968,100,100053,200,99948,100,100060,100,99945,100,100088,100,99937,100,100103,100,99933,100
2019-06-28 09:30:00.000000084,100003,100,99992,100,100027,100,99988,100,100040,100,99979,100,100042,100,99976,100,100046,400,99969,100,100047,100,99968,100,100053,200,99948,100,100060,100,99945,100,100088,100,99937,100,100103,100,99933,100
2019-06-28 09:30:00.000000085,100027,100,99992,100,100040,100,99988,100,100042,100,99979,100,100046,400,99976,100,100047,100,99969,100,100053,200,99968,100,100060,100,99948,100,100088,100,99945,100,100103,100,99937,200,100104,100,99933,100
2019-06-28 09:30:00.000000088,100003,100,99992,100,100027,100,99988,100,100040,100,99979,100,100042,100,99976,100,100046,400,99969,100,100047,100,99968,100,100053,200,99948,100,100060,100,99945,100,100088,100,99937,200,100103,100,99933,100
2019-06-28 09:30:00.000000089,100003,100,99992,100,100027,100,99988,100,100040,100,99979,100,100042,100,99976,100,100046,400,99969,100,100047,100,99968,100,100053,200,99948,100,100060,100,99945,100,100088,100,99937,200,100103,100,99933,100
2019-06-28 09:30:00.000000090,100003,100,99992,100,100027,100,99988,100,100040,100,99979,100,100042,100,99976,100,100046,400,99969,100,100047,100,99968,100,100053,200,99948,100,100060,100,99945,100,100088,100,99937,200,100103,100,99933,100
2019-06-28 09:30:00.000000091,100003,100,99992,100,100027,100,99988,100,100040,100,99979,100,100042,100,99976,100,100046,400,99969,100,100047,100,99968,100,100053,200,99948,100,100060,100,99945,100,100088,100,99937,200,100103,100,99933,100
2019-06-28 09:30:00.000000092,100003,100,99992,100,100027,100,99988,100,100040,100,99979,100,100042,100,99976,100,100044,100,99969,100,100046,400,99968,100,100047,100,99948,200,100053,200,99945,100,100060,100,99937,200,100088,100,99933,100
2019-06-28 09:30:00.000000096,100027,100,99992,100,100040,100,99988,100,100042,100,99979,100,100044,100,99976,100,100046,400,99969,100,100047,100,99968,100,100053,200,99948,200,100060,100,99945,100,100088,100,99937,200,100103,100,99933,100
2019-06-28 09:30:00.000000097,100027,100,99992,100,100040,100,99988,100,100042,100,99979,100,100044,100,99976,100,100046,400,99969,100,100047,100,99968,100,100053,200,99948,200,100060,100,99945,100,100088,100,99937,200,100103,100,99933,100
2019-06-28 09:30:04.671487173,100027,100,99992,100,100040,100,99988,100,100042,100,99979,100,100044,100,99976,100,100046,400,99969,100,100047,100,99968,100,100053,200,99948,200,100060,100,99945,100,100088,100,99937,200,100103,100,99933,100
2019-06-28 09:30:10.000000000,100027,381,99992,381,100040,100,99988,100,100042,100,99979,100,100044,100,99976,100,100046,400,99969,100,100047,100,99968,100,100053,200,99948,200,100060,100,99945,100,100088,100,99937,200,100103,100,99933,100
2019-06-28 09:30:19.098966310,100027,381,99992,381,100040,100,99988,100,100042,100,99979,100,100044,100,99976,100,100046,400,99969,100,100047,100,99968,100,100053,200,99948,200,100060,100,99945,100,100088,100,99937,200,100103,100,99933,100
2019-06-28 09:30:20.000000000,100027,170,99992,170,100040,170,99988,170,100042,170,99979,170,100044,170,99976,170,100046,400,99969,100,100047,100,99968,100,100053,200,99948,200,100060,100,99945,100,100088,100,99937,200,100103,100,99933,100
2019-06-28 09:30:23.817164855,100027,170,99992,170,100040,170,99988,170,100042,170,99979,170,100044,170,99976,70,100046,400,99969,100,100047,100,99968,100,100053,200,99948,200,100060,100,99945,100,100088,100,99937,200,100103,100,99933,100
2019-06-28 09:30:30.000000000,100027,196,99992,196,100040,193,99988,193,100042,193,99979,193,100044,100,99969,100,100046,400,99968,100,100047,100,99948,200,100053,200,99945,100,100060,100,99937,200,100088,100,99933,100,100103,100,99931,100
2019-06-28 09:30:34.718227030,100027,196,99992,196,100040,193,99988,193,100042,193,99979,193,100044,100,99975,100,100046,400,99969,100,100047,100,99968,100,100053,200,99948,200,100060,100,99945,100,100103,100,99937,200,100104,100,99933,100
2019-06-28 09:30:40.000000000,100027,170,99992,170,100040,170,99988,170,100042,170,99979,170,100044,170,99975,170,100046,400,99969,100,100047,100,99968,100,100053,200,99948,200,100060,100,99945,100,100103,100,99937,200,100104,100,99933,100
2019-06-28 09:30:50.000000000,100027,156,99992,156,100040,156,99988,156,100042,156,99979,156,100044,156,99975,156,100046,456,99969,156,100047,100,99968,100,100053,200,99948,200,100060,100,99945,100,100103,100,99937,200,100104,100,99933,100
2019-06-28 09:30:59.833753051,100027,156,99992,156,100040,156,99988,156,100042,156,99980,100,100044,156,99979,156,100046,456,99975,156,100047,100,99969,156,100053,200,99968,100,100060,100,99948,200,100103,100,99945,100,100104,100,99937,200
2019-06-28 09:31:00.000000000,100027,170,99992,170,100040,170,99988,170,100042,170,99980,170,100044,170,99979,170,100046,400,99975,100,100047,100,99969,100,100053,200,99968,100,100060,100,99948,200,100103,100,99945,100,100104,100,99937,200
2019-06-28 09:31:10.000000000,100027,170,99992,170,100040,170,99988,170,100042,170,99980,170,100044,170,99979,170,100046,400,99975,100,100047,100,99969,100,100053,200,99968,100,100060,100,99948,200,100103,100,99945,100,100104,100,99937,200
2019-06-28 09:31:20.000000000,100027,156,99992,156,100040,156,99988,156,100042,156,99980,156,100044,156,99979,156,100046,456,99975,156,100047,100,99969,100,100053,200,99968,100,100060,100,99948,200,100103,100,99945,100,100104,100,99937,200
2019-06-28 09:31:30.000000000,100027,156,99992,156,100040,156,99988,156,100042,156,99980,156,100044,156,99979,156,100046,456,99975,156,100047,100,99969,100,100053,200,99968,100,100060,100,99948,200,100103,100,99945,100,100104,100,99937,200
2019-06-28 09:31:40.000000000,100027,240,99992,240,100040,240,99988,240,100042,100,99980,100,100044,100,99979,100,100046,400,99975,100,100047,100,99969,100,100053,200,99968,100,100060,100,99948,200,100103,100,99945,100,100104,100,99937,200
2019-06-28 09:31:50.000000000,100027,240,99992,240,100040,240,99988,240,100042,100,99980,100,100044,100,99979,100,100046,400,99975,100,100047,100,99969,100,100053,200,99968,100,100060,100,99948,200,100103,100,99945,100,100104,100,99937,200
2019-06-28 09:31:52.883174776,100027,240,99992,140,100040,240,99988,240,100042,100,99980,100,100044,100,99979,100,100046,400,99975,100,100047,100,99969,100,100053,200,99968,100,100060,100,99948,200,100103,100,99945,100,100104,100,99937,200
2019-06-28 09:32:00.000000000,100027,170,99988,170,100040,170,99980,170,100042,170,99979,170,100044,170,99975,170,100046,400,99969,100,100047,100,99968,100,100053,200,99948,200,100060,100,99945,100,100103,100,99937,200,100104,100,99931,100
2019-06-28 09:32:10.000000000,100027,240,99988,240,100040,240,99980,240,100042,100,99979,100,100044,100,99975,100,100046,400,99969,100,100047,100,99968,100,100053,200,99948,200,100060,100,99945,100,100103,100,99937,200,100104,100,99931,100
2019-06-28 09:32:12.176423952,100027,240,99988,140,100040,240,99980,240,100042,100,99979,100,100046,400,99975,100,100047,100,99969,100,100053,200,99968,100,100060,100,99948,200,100103,100,99945,100,100104,100,99937,200,100105,100,99931,100
2019-06-28 09:32:20.000000000,100027,170,99980,170,100040,170,99979,170,100042,170,99975,170,100046,470,99969,170,100047,100,99968,100,100053,200,99948,200,100060,100,99945,100,100103,100,99937,200,100104,100,99931,100,100105,100,99919,100
2019-06-28 09:32:30.000000000,100027,156,99980,156,100040,156,99979,156,100042,156,99975,156,100046,456,99969,156,100047,156,99968,156,100053,200,99948,200,100060,100,99945,100,100103,100,99937,200,100104,100,99931,100,100105,100,99919,100
2019-06-28 09:32:40.000000000,100027,170,99980,170,100040,170,99979,170,100042,170,99975,170,100046,470,99969,170,100047,100,99968,100,100053,200,99948,200,100060,100,99945,100,100103,100,99937,200,100104,100,99931,100,100105,100,99919,100
2019-06-28 09:32:47.279371437,100027,170,99980,170,100040,170,99979,170,100042,170,99975,170,100046,470,99969,170,100047,100,99968,100,100053,200,99948,200,100060,100,99945,100,100103,100,99937,200,100104,100,99931,100,100105,100,99919,100
2019-06-28 09:32:50.000000000,100027,240,99980,240,100040,240,99979,240,100042,100,99975,100,100046,400,99969,100,100047,100,99968,100,100053,200,99948,200,100060,100,99945,100,100103,100,99937,200,100104,100,99931,100,100105,100,99919,100
2019-06-28 09:33:00.000000000,100027,240,99980,240,100040,240,99979,240,100042,100,99975,100,100046,400,99969,100,100047,100,99968,100,100053,200,99948,200,100060,100,99945,100,100103,100,99937,200,100104,100,99931,100,100105,100,99919,100
2019-06-28 09:33:04.484442756,100027,240,99980,140,100040,240,99979,240,100042,100,99975,100,100046,400,99969,100,100047,100,99968,100,100053,200,99948,200,100060,100,99945,100,100103,100,99937,200,100104,100,99931,100,100105,100,99919,100
2019-06-28 09:33:10.000000000,100027,170,99979,170,100040,170,99975,170,100042,170,99969,170,100046,470,99968,170,100047,100,99948,200,100053,200,99945,100,100060,100,99937,200,100103,100,99931,100,100104,100,99919,100,100105,100,99911,200
2019-06-28 09:33:14.815367062,100027,170,99979,170,100040,170,99975,170,100042,170,99969,170,100046,470,99968,170,100047,100,99948,200,100053,200,99945,100,100060,100,99937,200,100103,100,99931,100,100104,100,99919,100,100105,100,99911,200
2019-06-28 09:33:20.000000000,100027,381,99979,381,100040,100,99975,100,100042,100,99969,100,100046,400,99968,100,100047,100,99948,200,100053,200,99945,100,100060,100,99937,200,100103,100,99931,100,100104,100,99919,100,100105,100,99911,200
2019-06-28 09:33:30.000000000,100027,170,99979,170,100040,170,99975,170,100042,170,99969,170,100046,470,99968,170,100047,100,99948,200,100053,200,99945,100,100060,100,99937,200,100103,100,99931,100,100104,100,99919,100,100105,100,99911,200
2019-06-28 09:33:30.383211223,100027,170,99979,70,100040,170,99975,170,100042,170,99969,170,100046,470,99968,170,100047,100,99948,200,100053,200,99945,100,100060,100,99937,200,100103,100,99931,100,100104,100,99911,200,100105,100,99910,100
2019-06-28 09:33:35.236129920,99980,100,99979,70,100027,170,99975,170,100040,170,99969,170,100042,170,99968,170,100046,470,99948,200,100047,100,99945,100,100053,200,99937,200,100060,100,99931,100,100103,100,99911,200,100104,100,99910,100
2019-06-28 09:33:40.000000000,99980,196,99975,196,100027,193,99969,193,100040,193,99968,193,100042,100,99948,200,100046,400,99945,100,100047,100,99937,200,100053,200,99931,100,100060,100,99911,200,100103,100,99910,100,100104,100,99900,100
2019-06-28 09:33:50.000000000,99980,196,99975,196,100027,193,99969,193,100040,193,99968,193,100042,100,99948,200,100046,400,99945,100,100047,100,99937,200,100053,200,99931,100,100060,100,99911,200,100103,100,99910,100,100104,100,99900,100
2019-06-28 09:33:52.071589860,99980,196,99975,196,100027,193,99969,193,100040,193,99968,193,100042,100,99948,200,100046,400,99945,100,100047,100,99937,200,100053,200,99931,100,100060,100,99911,200,100103,100,99910,100,100104,100,99900,100
2019-06-28 09:34:00.000000000,99980,170,99975,170,100027,170,99969,170,100040,170,99968,170,100042,170,99948,270,100046,400,99945,100,100047,100,99937,200,100053,200,99931,100,100060,100,99911,200,100103,100,99910,100,100104,100,99900,100
2019-06-28 09:34:10.000000000,99980,156,99975,156,100027,156,99969,156,100040,156,99968,156,100042,156,99948,256,100046,456,99945,156,100047,100,99937,200,100053,200,99931,100,100060,100,99911,200,100103,100,99910,100,100104,100,99900,100
2019-06-28 09:34:16.857975064,99980,156,99975,56,100027,156,99969,156,100040,156,99968,156,100042,156,99948,256,100046,456,99945,156,100047,100,99937,200,100053,200,99931,100,100060,100,99911,200,100103,100,99910,100,100104,100,99900,100
2019-06-28 09:34:20.000000000,99980,196,99969,196,100027,193,99968,193,100040,193,99948,293,100042,100,99945,100,100046,400,99937,200,100047,100,99931,100,100053,200,99911,200,100060,100,99910,100,100103,100,99900,100,100104,100,99899,100
2019-06-28 09:34:29.118089566,99980,196,99969,196,100027,193,99968,193,100040,193,99948,293,100042,100,99945,100,100046,400,99937,200,100047,100,99931,100,100053,200,99911,200,100060,100,99910,100,100103,100,99900,100,100104,100,99899,100
2019-06-28 09:34:29.591631917,99980,196,99969,96,100027,193,99968,193,100040,193,99948,293,100042,100,99945,100,100046,400,99937,200,100053,200,99931,100,100060,100,99911,200,100103,100,99910,100,100104,100,99900,100,100105,100,99899,100
2019-06-28 09:34:30.000000000,99980,170,99968,170,100027,170,99948,270,100040,170,99945,170,100042,170,99937,270,100046,400,99931,100,100053,200,99911,200,100060,100,99910,100,100103,100,99900,100,100104,100,99899,100,100105,100,99894,200
2019-06-28 09:34:40.000000000,99980,170,99968,170,100027,170,99948,270,100040,170,99945,170,100042,170,99937,270,100046,400,99931,100,100053,200,99911,200,100060,100,99910,100,100103,100,99900,100,100104,100,99899,100,100105,100,99894,200
2019-06-28 09:34:50.000000000,99980,381,99968,381,100027,100,99948,200,100040,100,99945,100,100042,100,99937,200,100046,400,99931,100,100053,200,99911,200,100060,100,99910,100,100103,100,99900,100,100104,100,99899,100,100105,100,99894,200
2019-06-28 09:34:50.502469405,99980,381,99968,181,100027,100,99948,200,100040,100,99945,100,100042,100,99937,200,100046,400,99931,100,100053,200,99911,200,100060,100,99910,100,100103,100,99900,100,100104,100,99899,100,100105,100,99894,200
2019-06-28 09:34:56.812724902,99980,381,99968,81,100027,100,99948,200,100040,100,99945,100,100042,100,99937,200,100046,400,99931,100,100053,100,99911,200,100060,100,99910,100,100103,100,99900,100,100104,100,99899,100,100105,100,99894,200
2019-06-28 09:35:00.000000000,99980,381,99948,481,100027,100,99945,100,100040,100,99937,200,100042,100,99931,100,100046,400,99911,200,100053,100,99910,100,100060,100,99900,100,100103,100,99899,100,100104,100,99894,200,100105,100,99888,100
2019-06-28 09:35:10.000000000,99980,381,99948,481,100027,100,99945,100,100040,100,99937,200,100042,100,99931,100,100046,400,99911,200,100053,100,99910,100,100060,100,99900,100,100103,100,99899,100,100104,100,99894,200,100105,100,99888,100
2019-06-28 09:35:20.000000000,99980,156,99948,256,100027,156,99945,156,100040,156,99937,256,100042,156,99931,156,100046,456,99911,256,100053,100,99910,100,100060,100,99900,100,100103,100,99899,100,100104,100,99894,200,100105,100,99888,100
2019-06-28 09:35:24.139784696,99980,156,99948,256,100027,156,99945,156,100040,156,99937,256,100042,156,99931,156,100046,356,99911,256,100053,100,99910,100,100060,100,99900,100,100103,100,99899,100,100104,100,99894,200,100105,100,99888,100
2019-06-28 09:35:29.973760684,99980,156,99948,156,100027,156,99945,156,100040,156,99937,256,100042,156,99931,156,100046,356,99911,256,100053,100,99910,100,100060,100,99900,100,100103,100,99899,100,100104,100,99894,200,100105,100,99888,100
2019-06-28 09:35:30.000000000,99980,240,99948,240,100027,240,99945,240,100040,100,99937,200,100042,100,99931,100,100046,300,99911,200,100053,100,99910,100,100060,100,99900,100,100103,100,99899,100,100104,100,99894,200,100105,100,99888,100
2019-06-28 09:35:38.509485133,99980,240,99948,140,100027,240,99945,140,100040,100,99937,200,100042,100,99931,100,100046,300,99911,200,100053,100,99910,100,100060,100,99900,100,100103,100,99899,100,100104,100,99894,200,100105,100,99888,100
2019-06-28 09:35:40.000000000,99980,196,99937,296,100027,193,99931,193,100040,193,99911,293,100042,100,99910,100,100046,300,99900,100,100053,100,99899,100,100060,100,99894,200,100103,100,99888,100,100104,100,99845,100,100105,100,99827,100
2019-06-28 09:35:50.000000000,99980,381,99937,481,100027,100,99931,100,100040,100,99911,200,100042,100,99910,100,100046,300,99900,100,100053,100,99899,100,100060,100,99894,200,100103,100,99888,100,100104,100,99845,100,100105,100,99827,100
2019-06-28 09:36:00.000000000,99980,381,99937,481,100027,100,99931,100,100040,100,99911,200,100042,100,99910,100,100046,300,99900,100,100053,100,99899,100,100060,100,99894,200,100103,100,99888,100,100104,100,99845,100,100105,100,99827,100
2019-06-28 09:36:07.239607858,99980,381,99937,481,100027,100,99931,100,100040,100,99911,200,100042,100,99910,100,100046,300,99900,100,100053,100,99899,100,100060,100,99894,200,100103,100,99888,100,100104,100,99845,100,100105,100,99827,100
2019-06-28 09:36:10.000000000,99980,381,99937,481,100027,100,99931,100,100040,100,99911,200,100042,100,99910,100,100046,300,99900,100,100053,100,99899,100,100060,100,99894,200,100103,100,99888,100,100104,100,99845,100,100105,100,99827,100
2019-06-28 09:36:11.313890074,99948,100,99937,381,99980,381,99931,100,100027,100,99911,200,100040,100,99910,100,100042,100,99900,100,100046,300,99899,100,100053,100,99894,200,100060,100,99888,100,100103,100,99845,100,100104,100,99827,100
2019-06-28 09:36:15.404161536,99948,100,99937,381,99980,381,99911,200,100027,100,99910,100,100040,100,99900,100,100042,100,99899,100,100046,300,99894,200,100053,100,99888,100,100060,100,99845,100,100103,100,99827,100,100104,100,99821,100
2019-06-28 09:36:20.000000000,99948,156,99937,156,99980,156,99911,256,100027,156,99910,156,100040,156,99900,156,100042,156,99899,156,100046,300,99894,200,100053,100,99888,100,100060,100,99845,100,100103,100,99827,100,100104,100,99821,100
2019-06-28 09:36:20.777454327,99937,44,99911,256,99948,156,99910,156,99980,156,99900,156,100027,156,99899,156,100040,156,99894,200,100042,156,99888,100,100046,300,99845,100,100053,100,99827,100,100060,100,99821,100,100103,100,99564,100
2019-06-28 09:36:30.000000000,99937,114,99911,270,99948,170,99910,170,99980,170,99900,170,100027,170,99899,170,100040,100,99894,200,100042,100,99888,100,100046,300,99845,100,100053,100,99827,100,100060,100,99821,100,100103,100,99564,100
2019-06-28 09:36:40.000000000,99937,325,99911,481,99948,100,99910,100,99980,100,99900,100,100027,100,99899,100,100040,100,99894,200,100042,100,99888,100,100046,300,99845,100,100053,100,99827,100,100060,100,99821,100,100103,100,99564,100
2019-06-28 09:36:42.775014419,99937,325,99911,481,99948,100,99910,100,100027,100,99900,100,100040,100,99899,100,100042,100,99894,200,100046,300,99888,100,100053,100,99845,100,100060,100,99827,100,100103,100,99821,100,100104,100,99564,100
2019-06-28 09:36:45.055868078,99937,325,99911,481,99948,100,99910,100,100027,100,99900,100,100040,100,99894,200,100042,100,99888,100,100046,300,99845,100,100053,100,99827,100,100060,100,99821,100,100103,100,99752,100,100104,100,99564,100
2019-06-28 09:36:49.377329661,99937,325,99911,481,99948,100,99910,100,100027,100,99900,100,100040,100,99894,200,100042,100,99888,100,100046,300,99845,100,100053,100,99827,100,100060,100,99821,100,100103,100,99752,100,100104,100,99740,100
2019-06-28 09:36:50.000000000,99937,114,99911,270,99948,170,99910,170,100027,170,99900,170,100040,170,99894,270,100042,100,99888,100,100046,300,99845,100,100053,100,99827,100,100060,100,99821,100,100103,100,99752,100,100104,100,99740,100
2019-06-28 09:36:57.225827711,99937,114,99911,270,99948,170,99910,170,100027,170,99900,170,100040,170,99894,270,100042,100,99888,100,100046,300,99845,100,100053,100,99833,100,100060,100,99827,100,100103,100,99821,100,100104,100,99752,100
2019-06-28 09:37:00.000000000,99937,184,99911,340,99948,240,99910,240,100027,100,99900,100,100040,100,99894,200,100042,100,99888,100,100046,300,99845,100,100053,100,99833,100,100060,100,99827,100,100103,100,99821,100,100104,100,99752,100
2019-06-28 09:37:10.000000000,99937,114,99911,270,99948,170,99910,170,100027,170,99900,170,100040,170,99894,270,100042,100,99888,100,100046,300,99845,100,100053,100,99833,100,100060,100,99827,100,100103,100,99821,100,100104,100,99752,100
2019-06-28 09:37:20.000000000,99937,100,99911,256,99948,156,99910,156,100027,156,99900,156,100040,156,99894,256,100042,156,99888,156,100046,300,99845,100,100053,100,99833,100,100060,100,99827,100,100103,100,99821,100,100104,100,99752,100
2019-06-28 09:37:30.000000000,99937,114,99911,270,99948,170,99910,170,100027,170,99900,170,100040,170,99894,270,100042,100,99888,100,100046,300,99845,100,100053,100,99833,100,100060,100,99827,100,100103,100,99821,100,100104,100,99752,100
2019-06-28 09:37:34.800534844,99937,114,99911,170,99948,170,99910,170,100027,170,99900,170,100040,170,99894,270,100042,100,99888,100,100046,300,99845,100,100053,100,99833,100,100060,100,99827,100,100103,100,99821,100,100104,100,99752,100
2019-06-28 09:37:40.000000000,99937,184,99911,240,99948,240,99910,240,100027,100,99900,100,100040,100,99894,200,100042,100,99888,100,100046,300,99845,100,100053,100,99833,100,100060,100,99827,100,100103,100,99821,100,100104,100,99752,100
2019-06-28 09:37:50.000000000,99937,140,99911,196,99948,193,99910,193,100027,193,99900,193,100040,100,99894,200,100042,100,99888,100,100046,300,99845,100,100053,100,99833,100,100060,100,99827,100,100103,100,99821,100,100104,100,99752,100
2019-06-28 09:38:00.000000000,99937,100,99911,156,99948,156,99910,156,100027,156,99900,156,100040,156,99894,256,100042,156,99888,156,100046,300,99845,100,100053,100,99833,100,100060,100,99827,100,100103,100,99821,100,100104,100,99752,100
2019-06-28 09:38:10.000000000,99937,114,99911,170,99948,170,99910,170,100027,170,99900,170,100040,170,99894,270,100042,100,99888,100,100046,300,99845,100,100053,100,99833,100,100060,100,99827,100,100103,100,99821,100,100104,100,99752,100
2019-06-28 09:38:15.169813240,99937,114,99911,70,99948,170,99910,170,100027,170,99900,170,100040,170,99894,270,100042,100,99888,100,100046,300,99845,100,100053,100,99833,100,100060,100,99827,100,100103,100,99821,100,100104,100,99752,100
2019-06-28 09:38:18.129248568,99911,30,99910,170,99937,114,99900,170,99948,170,99894,270,100027,170,99888,100,100040,170,99845,100,100042,100,99833,100,100046,300,99827,100,100053,100,99821,100,100060,100,99752,100,100103,100,99564,100
2019-06-28 09:38:20.000000000,99911,100,99910,170,99937,114,99900,170,99948,170,99894,270,100027,170,99888,170,100040,100,99845,100,100042,100,99833,100,100046,300,99827,100,100053,100,99821,100,100060,100,99752,100,100103,100,99564,100
2019-06-28 09:38:30.000000000,99911,86,99910,156,99937,100,99900,156,99948,156,99894,256,100027,156,99888,156,100040,156,99845,156,100042,100,99833,100,100046,300,99827,100,100053,100,99821,100,100060,100,99752,100,100103,100,99564,100
2019-06-28 09:38:40.000000000,99911,86,99910,156,99937,100,99900,156,99948,156,99894,256,100027,156,99888,156,100040,156,99845,156,100042,100,99833,100,100046,300,99827,100,100053,100,99821,100,100060,100,99752,100,100103,100,99564,100
2019-06-28 09:38:50.000000000,99911,126,99910,196,99937,137,99900,193,99948,193,99894,293,100027,100,99888,100,100040,100,99845,100,100042,100,99833,100,100046,300,99827,100,100053,100,99821,100,100060,100,99752,100,100103,100,99564,100
2019-06-28 09:38:58.013883866,99911,126,99910,196,99937,137,99900,193,99948,193,99894,293,100027,100,99888,100,100040,100,99845,100,100042,100,99833,100,100046,300,99827,100,100053,100,99821,100,100060,100,99752,100,100103,100,99564,100
2019-06-28 09:39:00.000000000,99911,126,99910,196,99937,137,99900,193,99948,193,99894,293,100027,100,99888,100,100040,100,99845,100,100042,100,99833,100,100046,300,99827,100,100053,100,99821,100,100060,100,99752,100,100103,100,99564,100
2019-06-28 09:39:01.609865883,99911,126,99910,196,99937,137,99900,193,99948,193,99894,293,100027,100,99888,100,100040,100,99845,100,100042,100,99833,100,100046,300,99827,100,100053,100,99821,100,100060,100,99752,100,100103,100,99564,100
2019-06-28 09:39:03.005020396,99911,126,99910,196,99937,137,99900,193,99948,193,99894,293,100027,100,99888,100,100040,100,99845,100,100042,100,99833,100,100046,300,99827,100,100053,100,99821,100,100060,100,99752,100,100103,100,99564,100
2019-06-28 09:39:07.902151042,99911,226,99910,196,99937,137,99900,193,99948,193,99894,293,100027,100,99888,100,100040,100,99845,100,100042,100,99833,100,100046,200,99827,100,100053,100,99821,100,100060,100,99752,100,100103,100,99564,100
2019-06-28 09:39:10.000000000,99911,226,99910,196,99937,137,99900,193,99948,193,99894,293,100027,100,99888,100,100040,100,99845,100,100042,100,99833,100,100046,200,99827,100,100053,100,99821,100,100060,100,99752,100,100103,100,99564,100
2019-06-28 09:39:16.236589114,99911,226,99910,96,99937,137,99900,193,99948,193,99894,293,100027,100,99888,100,100040,100,99845,100,100042,100,99833,100,100046,200,99827,100,100053,100,99821,100,100060,100,99752,100,100103,100,99564,100
2019-06-28 09:39:17.336888655,99910,4,99900,193,99911,226,99894,293,99937,137,99888,100,99948,193,99845,100,100027,100,99833,100,100040,100,99827,100,100042,100,99821,100,100046,200,99752,100,100053,100,99564,100,100060,100,99338,100
2019-06-28 09:39:20.000000000,99910,74,99900,170,99911,200,99894,270,99937,114,99888,170,99948,170,99845,170,100027,100,99833,100,100040,100,99827,100,100042,100,99821,100,100046,200,99752,100,100053,100,99564,100,100060,100,99338,100
2019-06-28 09:39:30.000000000,99910,60,99900,156,99911,186,99894,256,99937,100,99888,156,99948,156,99845,156,100027,156,99833,156,100040,100,99827,100,100042,100,99821,100,100046,200,99752,100,100053,100,99564,100,100060,100,99338,100
2019-06-28 09:39:40.000000000,99910,144,99900,240,99911,270,99894,340,99937,44,99888,100,99948,100,99845,100,100027,100,99833,100,100040,100,99827,100,100042,100,99821,100,100046,200,99752,100,100053,100,99564,100,100060,100,99338,100
2019-06-28 09:39:46.250805717,99910,144,99900,140,99911,270,99894,340,99937,44,99888,100,99948,100,99845,100,100027,100,99833,100,100040,100,99827,100,100042,100,99821,100,100046,200,99752,100,100053,100,99564,100,100060,100,99338,100
2019-06-28 09:39:50.000000000,99910,74,99894,270,99911,200,99888,170,99937,114,99845,170,99948,170,99833,170,100027,100,99827,100,100040,100,99821,100,100042,100,99752,100,100046,200,99564,100,100053,100,99338,100,100060,100,99332,100
2019-06-28 09:39:55.623091443,99909,100,99894,270,99910,74,99888,170,99911,200,99845,170,99937,114,99833,170,99948,170,99827,100,100027,100,99821,100,100040,100,99752,100,100042,100,99564,100,100046,200,99338,100,100053,100,99332,100
2019-06-28 09:40:00.000000000,99909,381,99894,481,99910,4,99888,100,99911,130,99845,100,99937,44,99833,100,99948,100,99827,100,100027,100,99821,100,100040,100,99752,100,100042,100,99564,100,100046,200,99338,100,100053,100,99332,100
2019-06-28 09:40:10.000000000,99909,156,99894,256,99910,60,99888,156,99911,186,99845,156,99937,100,99833,156,99948,156,99827,156,100027,100,99821,100,100040,100,99752,100,100042,100,99564,100,100046,200,99338,100,100053,100,99332,100
2019-06-28 09:40:19.459432714,99909,156,99894,256,99910,60,99888,156,99911,186,99845,156,99937,100,99833,156,99948,156,99827,156,100027,100,99821,100,100040,100,99752,100,100042,100,99564,100,100046,200,99338,100,100053,100,99332,100
2019-06-28 09:40:20.000000000,99909,156,99894,256,99910,60,99888,156,99911,186,99845,156,99937,100,99833,156,99948,156,99827,156,100027,100,99821,100,100040,100,99752,100,100042,100,99564,100,100046,200,99338,100,100053,100,99332,100
2019-06-28 09:40:30.000000000,99909,196,99894,296,99910,97,99888,193,99911,223,99845,193,99937,44,99833,100,99948,100,99827,100,100027,100,99821,100,100040,100,99752,100,100042,100,99564,100,100046,200,99338,100,100053,100,99332,100
2019-06-28 09:40:40.000000000,99909,196,99894,296,99910,97,99888,193,99911,223,99845,193,99937,44,99833,100,99948,100,99827,100,100027,100,99821,100,100040,100,99752,100,100042,100,99564,100,100046,200,99338,100,100053,100,99332,100
2019-06-28 09:40:50.000000000,99909,170,99894,270,99910,74,99888,170,99911,200,99845,170,99937,114,99833,170,99948,100,99827,100,100027,100,99821,100,100040,100,99752,100,100042,100,99564,100,100046,200,99338,100,100053,100,99332,100
2019-06-28 09:40:53.410209920,99909,170,99894,270,99910,74,99888,170,99911,200,99845,170,99937,114,99833,170,99948,100,99827,100,100027,100,99821,100,100040,100,99752,100,100042,100,99564,100,100046,200,99338,100,100053,100,99332,100
2019-06-28 09:41:00.000000000,99909,196,99894,296,99910,97,99888,193,99911,223,99845,193,99937,44,99833,100,99948,100,99827,100,100027,100,99821,100,100040,100,99752,100,100042,100,99564,100,100046,200,99338,100,100053,100,99332,100
2019-06-28 09:41:04.580099771,99909,196,99894,296,99910,97,99888,193,99911,223,99845,193,99937,44,99833,100,99948,100,99827,100,100027,100,99821,100,100040,100,99752,100,100042,100,99564,100,100046,200,99338,100,100053,100,99332,100
2019-06-28 09:41:10.000000000,99909,240,99894,340,99910,144,99888,240,99911,130,99845,100,99937,44,99833,100,99948,100,99827,100,100027,100,99821,100,100040,100,99752,100,100042,100,99564,100,100046,200,99338,100,100053,100,99332,100
2019-06-28 09:41:17.168056386,99909,240,99894,340,99910,144,99888,240,99911,130,99845,100,99937,44,99833,100,99948,100,99827,100,100027,100,99821,100,100040,100,99752,100,100042,100,99564,100,100046,200,99338,100,100053,100,99332,100
2019-06-28 09:41:20.000000000,99909,156,99894,256,99910,60,99888,156,99911,186,99845,156,99937,100,99833,156,99948,156,99827,156,100027,100,99821,100,100040,100,99752,100,100042,100,99564,100,100046,200,99338,100,100053,100,99332,100
2019-06-28 09:41:30.000000000,99909,381,99894,481,99910,4,99888,100,99911,130,99845,100,99937,44,99833,100,99948,100,99827,100,100027,100,99821,100,100040,100,99752,100,100042,100,99564,100,100046,200,99338,100,100053,100,99332,100
2019-06-28 09:41:40.000000000,99909,156,99894,256,99910,60,99888,156,99911,186,99845,156,99937,100,99833,156,99948,156,99827,156,100027,100,99821,100,100040,100,99752,100,100042,100,99564,100,100046,200,99338,100,100053,100,99332,100
2019-06-28 09:41:50.000000000,99909,196,99894,296,99910,97,99888,193,99911,223,99845,193,99937,44,99833,100,99948,100,99827,100,100027,100,99821,100,100040,100,99752,100,100042,100,99564,100,100046,200,99338,100,100053,100,99332,100
2019-06-28 09:41:50.174919143,99909,196,99894,196,99910,97,99888,193,99911,223,99845,193,99937,44,99833,100,99948,100,99827,100,100027,100,99821,100,100040,100,99752,100,100042,100,99564,100,100046,200,99338,100,100053,100,99332,100
2019-06-28 09:41:58.421182052,99909,196,99894,96,99910,97,99888,193,99911,223,99845,193,99937,44,99833,100,99948,100,99827,100,100027,100,99821,100,100040,100,99752,100,100042,100,99564,100,100046,200,99338,100,100053,100,99332,100
2019-06-28 09:41:59.278782556,99894,4,99888,193,99909,196,99845,193,99910,97,99833,100,99911,223,99827,100,99937,44,99821,100,99948,100,99752,100,100027,100,99564,100,100040,100,99338,100,100042,100,99332,100,100046,200,99052,100
2019-06-28 09:42:00.000000000,99894,285,99888,381,99909,100,99845,100,99910,4,99833,100,99911,130,99827,100,99937,44,99821,100,99948,100,99752,100,100027,100,99564,100,100040,100,99338,100,100042,100,99332,100,100046,200,99052,100
2019-06-28 09:42:07.146623775,99894,285,99888,381,99909,100,99845,100,99910,4,99833,100,99911,130,99827,100,99937,44,99821,100,99948,100,99752,100,100027,100,99564,100,100040,100,99338,100,100042,100,99332,100,100046,200,99052,100
2019-06-28 09:42:10.000000000,99894,74,99888,170,99909,170,99845,170,99910,74,99833,170,99911,200,99827,170,99937,44,99821,100,99948,100,99752,100,100027,100,99564,100,100040,100,99338,100,100042,100,99332,100,100046,200,99052,100
2019-06-28 09:42:12.226853421,99894,174,99888,170,99909,170,99845,170,99910,74,99833,170,99911,200,99827,170,99937,44,99821,100,99948,100,99752,100,100027,100,99564,100,100040,100,99338,100,100042,100,99332,100,100046,200,99052,100
2019-06-28 09:42:20.000000000,99894,385,99888,381,99909,100,99845,100,99910,4,99833,100,99911,130,99827,100,99937,44,99821,100,99948,100,99752,100,100027,100,99564,100,100040,100,99338,100,100042,100,99332,100,100046,200,99052,100
2019-06-28 09:42:30.000000000,99894,385,99888,381,99909,100,99845,100,99910,4,99833,100,99911,130,99827,100,99937,44,99821,100,99948,100,99752,100,100027,100,99564,100,100040,100,99338,100,100042,100,99332,100,100046,200,99052,100
2019-06-28 09:42:40.000000000,99894,385,99888,381,99909,100,99845,100,99910,4,99833,100,99911,130,99827,100,99937,44,99821,100,99948,100,99752,100,100027,100,99564,100,100040,100,99338,100,100042,100,99332,100,100046,200,99052,100
2019-06-28 09:42:40.271289886,99894,485,99888,381,99909,100,99845,100,99910,4,99833,100,99911,130,99827,100,99937,44,99821,100,100027,100,99752,100,100040,100,99564,100,100042,100,99338,100,100046,200,99332,100,100053,100,99052,100
2019-06-28 09:42:45.033665388,99894,585,99888,381,99909,100,99845,100,99910,4,99833,100,99911,130,99827,100,99937,44,99821,100,100027,100,99752,100,100040,100,99564,100,100042,100,99338,100,100046,200,99332,100,100053,100,99052,100
2019-06-28 09:42:50.000000000,99894,585,99888,381,99909,100,99845,100,99910,4,99833,100,99911,130,99827,100,99937,44,99821,100,100027,100,99752,100,100040,100,99564,100,100042,100,99338,100,100046,200,99332,100,100053,100,99052,100
2019-06-28 09:42:55.481398256,99894,585,99888,381,99909,100,99845,100,99910,4,99833,100,99911,130,99821,100,99937,44,99752,100,100027,100,99564,100,100040,100,99338,100,100042,100,99332,100,100046,200,99052,100,100053,100,98787,100
2019-06-28 09:43:00.000000000,99894,444,99888,240,99909,240,99845,240,99910,4,99833,100,99911,130,99821,100,99937,44,99752,100,100027,100,99564,100,100040,100,99338,100,100042,100,99332,100,100046,200,99052,100,100053,100,98787,100
2019-06-28 09:43:03.551253714,99894,544,99888,240,99909,240,99845,240,99910,4,99833,100,99911,130,99821,100,99937,44,99752,100,100027,100,99564,100,100040,100,99338,100,100042,100,99332,100,100046,200,99052,100,100053,100,98787,100
2019-06-28 09:43:10.000000000,99894,460,99888,156,99909,156,99845,156,99910,60,99833,156,99911,186,99821,156,99937,100,99752,156,100027,100,99564,100,100040,100,99338,100,100042,100,99332,100,100046,200,99052,100,100053,100,98787,100
2019-06-28 09:43:13.759757826,99894,560,99888,156,99909,156,99845,156,99910,60,99833,156,99911,86,99821,156,99937,100,99752,156,100027,100,99564,100,100040,100,99338,100,100042,100,99332,100,100046,200,99052,100,100053,100,98787,100
2019-06-28 09:43:20.000000000,99894,560,99888,156,99909,156,99845,156,99910,60,99833,156,99911,86,99821,156,99937,100,99752,156,100027,100,99564,100,100040,100,99338,100,100042,100,99332,100,100046,200,99052,100,100053,100,98787,100
2019-06-28 09:43:30.000000000,99894,785,99888,381,99909,100,99845,100,99910,4,99833,100,99911,30,99821,100,99937,44,99752,100,100027,100,99564,100,100040,100,99338,100,100042,100,99332,100,100046,200,99052,100,100053,100,98787,100
2019-06-28 09:43:40.000000000,99894,560,99888,156,99909,156,99845,156,99910,60,99833,156,99911,86,99821,156,99937,100,99752,156,100027,100,99564,100,100040,100,99338,100,100042,100,99332,100,100046,200,99052,100,100053,100,98787,100
2019-06-28 09:43:50.000000000,99894,560,99888,156,99909,156,99845,156,99910,60,99833,156,99911,86,99821,156,99937,100,99752,156,100027,100,99564,100,100040,100,99338,100,100042,100,99332,100,100046,200,99052,100,100053,100,98787,100
2019-06-28 09:43:56.058465702,99894,660,99888,156,99909,156,99845,156,99910,60,99833,156,99911,86,99821,156,99937,100,99752,156,100027,100,99564,100,100040,100,99338,100,100042,100,99332,100,100046,200,99052,100,100053,100,98787,100
2019-06-28 09:44:00.000000000,99894,885,99888,381,99909,100,99845,100,99910,4,99833,100,99911,30,99821,100,99937,44,99752,100,100027,100,99564,100,100040,100,99338,100,100042,100,99332,100,100046,200,99052,100,100053,100,98787,100
2019-06-28 09:44:05.493860149,99894,985,99888,381,99909,100,99845,100,99910,4,99833,100,99911,30,99821,100,99937,44,99752,100,100027,100,99564,100,100040,100,99338,100,100042,100,99332,100,100046,100,99052,100,100053,100,98787,100
2019-06-28 09:44:10.000000000,99894,760,99888,156,99909,156,99845,156,99910,60,99833,156,99911,86,99821,156,99937,100,99752,156,100027,100,99564,100,100040,100,99338,100,100042,100,99332,100,100046,100,99052,100,100053,100,98787,100
2019-06-28 09:44:20.000000000,99894,800,99888,196,99909,193,99845,193,99910,97,99833,193,99911,30,99821,100,99937,44,99752,100,100027,100,99564,100,100040,100,99338,100,100042,100,99332,100,100046,100,99052,100,100053,100,98787,100
2019-06-28 09:44:25.097469445,99894,800,99888,96,99909,193,99845,193,99910,97,99833,193,99911,30,99821,100,99937,44,99752,100,100040,100,99564,100,100042,100,99338,100,100046,100,99332,100,100053,100,99052,100,100103,100,98787,100
2019-06-28 09:44:30.000000000,99894,760,99845,156,99909,156,99833,156,99910,60,99821,156,99911,86,99752,156,99937,100,99564,156,100040,100,99338,100,100042,100,99332,100,100046,100,99052,100,100053,100,98787,100,100103,100,98675,100
2019-06-28 09:44:37.877791586,99894,760,99845,56,99909,156,99833,156,99910,60,99821,156,99911,86,99752,156,99937,100,99564,156,100040,100,99338,100,100042,100,99332,100,100046,100,99052,100,100053,100,98787,100,100103,100,98675,100
2019-06-28 09:44:40.000000000,99894,985,99833,381,99909,100,99821,100,99910,4,99752,100,99911,30,99564,100,99937,44,99338,100,100040,100,99332,100,100042,100,99052,100,100046,100,98787,100,100053,100,98675,100,100103,100,98381,100
2019-06-28 09:44:41.959683405,99894,985,99833,281,99909,100,99821,100,99910,4,99752,100,99911,30,99564,100,99937,44,99338,100,100040,100,99332,100,100042,100,99052,100,100046,100,98787,100,100053,100,98675,100,100103,100,98381,100
2019-06-28 09:44:50.000000000,99894,774,99821,170,99909,170,99752,170,99910,74,99564,170,99911,100,99338,170,99937,44,99332,100,100040,100,99052,100,100042,100,98787,100,100046,100,98675,100,100053,100,98381,100,100103,100,98225,100
2019-06-28 09:45:00.000000000,99894,774,99821,170,99909,170,99752,170,99910,74,99564,170,99911,100,99338,170,99937,44,99332,100,100040,100,99052,100,100042,100,98787,100,100046,100,98675,100,100053,100,98381,100,100103,100,98225,100
2019-06-28 09:45:10.000000000,99894,985,99821,381,99909,100,99752,100,99910,4,99564,100,99911,30,99338,100,99937,44,99332,100,100040,100,99052,100,100042,100,98787,100,100046,100,98675,100,100053,100,98381,100,100103,100,98225,100
2019-06-28 09:45:20.000000000,99894,985,99821,381,99909,100,99752,100,99910,4,99564,100,99911,30,99338,100,99937,44,99332,100,100040,100,99052,100,100042,100,98787,100,100046,100,98675,100,100053,100,98381,100,100103,100,98225,100
2019-06-28 09:45:29.896592383,99894,985,99821,381,99909,100,99752,100,99910,4,99564,100,99911,30,99338,100,99929,100,99332,100,99937,44,99052,100,100040,100,98787,100,100042,100,98675,100,100046,100,98381,100,100053,100,98225,100
2019-06-28 09:45:30.000000000,99894,844,99821,240,99909,240,99752,240,99910,4,99564,100,99911,30,99338,100,99929,100,99332,100,99937,44,99052,100,100040,100,98787,100,100042,100,98675,100,100046,100,98381,100,100053,100,98225,100
2019-06-28 09:45:40.000000000,99894,985,99821,381,99909,100,99752,100,99910,4,99564,100,99911,30,99338,100,99929,100,99332,100,99937,44,99052,100,100040,100,98787,100,100042,100,98675,100,100046,100,98381,100,100053,100,98225,100
2019-06-28 09:45:46.401409826,99894,985,99821,381,99909,100,99752,100,99910,4,99564,100,99911,30,99338,100,99929,100,99332,100,99937,44,99052,100,100010,100,98787,100,100040,100,98675,100,100042,100,98381,100,100046,100,98225,100
2019-06-28 09:45:50.000000000,99894,800,99821,196,99909,193,99752,193,99910,97,99564,193,99911,30,99338,100,99929,100,99332,100,99937,44,99052,100,100010,100,98787,100,100040,100,98675,100,100042,100,98381,100,100046,100,98225,100
2019-06-28 09:46:00.000000000,99894,985,99821,381,99909,100,99752,100,99910,4,99564,100,99911,30,99338,100,99929,100,99332,100,99937,44,99052,100,100010,100,98787,100,100040,100,98675,100,100042,100,98381,100,100046,100,98225,100
2019-06-28 09:46:04.284069351,99894,985,99821,381,99909,100,99752,100,99910,4,99564,100,99911,30,99338,100,99929,100,99332,100,99937,44,99052,100,100010,100,98787,100,100027,100,98675,100,100040,100,98381,100,100042,100,98141,100
2019-06-28 09:46:10.000000000,99894,844,99821,240,99909,240,99752,240,99910,4,99564,100,99911,30,99338,100,99929,100,99332,100,99937,44,99052,100,100010,100,98787,100,100027,100,98675,100,100040,100,98381,100,100042,100,98141,100
2019-06-28 09:46:14.530660683,99894,844,99821,240,99909,240,99752,240,99910,4,99564,100,99911,130,99338,100,99929,100,99332,100,99937,44,99052,100,100010,100,98787,100,100027,100,98381,100,100040,100,98141,100,100042,100,97710,100
2019-06-28 09:46:20.000000000,99894,760,99821,156,99909,156,99752,156,99910,60,99564,156,99911,186,99338,156,99929,156,99332,156,99937,44,99052,100,100010,100,98787,100,100027,100,98381,100,100040,100,98141,100,100042,100,97710,100
2019-06-28 09:46:21.875953348,99894,660,99821,156,99909,156,99752,156,99910,60,99564,156,99911,186,99338,156,99929,156,99332,156,99937,44,99052,100,100010,100,98787,100,100027,100,98381,100,100040,100,98141,100,100042,100,97710,100
2019-06-28 09:46:30.000000000,99894,674,99821,170,99909,170,99752,170,99910,74,99564,170,99911,200,99338,170,99929,100,99332,100,99937,44,99052,100,100010,100,98787,100,100027,100,98381,100,100040,100,98141,100,100042,100,97710,100
2019-06-28 09:46:40.000000000,99894,744,99821,240,99909,240,99752,240,99910,4,99564,100,99911,130,99338,100,99929,100,99332,100,99937,44,99052,100,100010,100,98787,100,100027,100,98381,100,100040,100,98141,100,100042,100,97710,100
2019-06-28 09:46:50.000000000,99894,744,99821,240,99909,240,99752,240,99910,4,99564,100,99911,130,99338,100,99929,100,99332,100,99937,44,99052,100,100010,100,98787,100,100027,100,98381,100,100040,100,98141,100,100042,100,97710,100
2019-06-28 09:46:50.167380955,99894,744,99821,240,99909,240,99752,140,99910,4,99564,100,99911,130,99338,100,99929,100,99332,100,99937,44,99153,100,100010,100,99052,100,100027,100,98787,100,100040,100,98381,100,100042,100,98141,100
2019-06-28 09:47:00.000000000,99894,674,99821,170,99909,170,99564,170,99910,74,99338,170,99911,200,99332,170,99929,100,99153,100,99937,44,99052,100,100010,100,98787,100,100027,100,98381,100,100040,100,98141,100,100042,100,97710,100
2019-06-28 09:47:10.000000000,99894,660,99821,156,99909,156,99564,156,99910,60,99338,156,99911,186,99332,156,99929,156,99153,156,99937,44,99052,100,100010,100,98787,100,100027,100,98381,100,100040,100,98141,100,100042,100,97710,100
2019-06-28 09:47:17.945508388,99894,660,99821,56,99909,156,99564,156,99910,60,99338,156,99911,186,99332,156,99929,156,99153,156,99937,44,99052,100,100010,100,98787,100,100027,100,98381,100,100040,100,98141,100,100042,100,97710,100
2019-06-28 09:47:20.000000000,99894,744,99564,240,99909,240,99338,240,99910,4,99332,100,99911,130,99153,100,99929,100,99052,100,99937,44,98787,100,100010,100,98381,100,100027,100,98141,100,100040,100,97710,100,100042,100,,
2019-06-28 09:47:30.000000000,99894,700,99564,196,99909,193,99338,193,99910,97,99332,193,99911,130,99153,100,99929,100,99052,100,99937,44,98787,100,100010,100,98381,100,100027,100,98141,100,100040,100,97710,100,100042,100,,
2019-06-28 09:47:40.000000000,99894,744,99564,240,99909,240,99338,240,99910,4,99332,100,99911,130,99153,100,99929,100,99052,100,99937,44,98787,100,100010,100,98381,100,100027,100,98141,100,100040,100,97710,100,100042,100,,
2019-06-28 09:47:43.185598848,99833,100,99564,240,99894,744,99338,240,99909,240,99332,100,99910,4,99153,100,99911,130,99052,100,99929,100,98787,100,99937,44,98381,100,100010,100,98141,100,100027,100,97710,100,100040,100,,
2019-06-28 09:47:50.000000000,99833,170,99564,170,99894,674,99338,170,99909,170,99332,170,99910,74,99153,170,99911,130,99052,100,99929,100,98787,100,99937,44,98381,100,100010,100,98141,100,100027,100,97710,100,100040,100,,
2019-06-28 09:47:56.957398965,99833,170,99564,170,99894,574,99338,170,99909,170,99332,170,99910,74,99153,170,99911,130,99052,100,99929,100,98787,100,99937,44,98381,100,100010,100,98141,100,100027,100,97710,100,100040,100,,
2019-06-28 09:48:00.000000000,99833,156,99564,156,99894,560,99338,156,99909,156,99332,156,99910,60,99153,156,99911,186,99052,156,99929,100,98787,100,99937,44,98381,100,100010,100,98141,100,100027,100,97710,100,100040,100,,
2019-06-28 09:48:07.577206106,99833,156,99564,156,99894,560,99542,100,99909,156,99338,156,99910,60,99332,156,99911,186,99153,156,99929,100,99052,156,99937,44,98787,100,100010,100,98381,100,100027,100,98141,100,100040,100,97710,100
2019-06-28 09:48:09.751285479,99833,156,99626,100,99894,560,99564,156,99909,156,99542,100,99910,60,99338,156,99911,186,99332,156,99929,100,99153,156,99937,44,99052,156,100010,100,98787,100,100027,100,98381,100,100040,100,98141,100
2019-06-28 09:48:10.000000000,99833,196,99626,196,99894,597,99564,193,99909,193,99542,193,99910,4,99338,100,99911,130,99332,100,99929,100,99153,100,99937,44,99052,100,100010,100,98787,100,100027,100,98381,100,100040,100,98141,100
2019-06-28 09:48:20.000000000,99833,240,99626,240,99894,644,99564,240,99909,100,99542,100,99910,4,99338,100,99911,130,99332,100,99929,100,99153,100,99937,44,99052,100,100010,100,98787,100,100027,100,98381,100,100040,100,98141,100
2019-06-28 09:48:26.587483902,99833,340,99626,240,99894,644,99564,240,99909,100,99542,100,99910,4,99338,100,99911,130,99332,100,99929,100,99153,100,99937,44,99052,100,100010,100,98787,100,100027,100,98381,100,100040,100,98141,100
2019-06-28 09:48:27.182826176,99833,340,99626,240,99894,644,99567,100,99909,100,99564,240,99910,4,99542,100,99911,130,99338,100,99929,100,99332,100,99937,44,99153,100,100010,100,99052,100,100027,100,98787,100,100040,100,98381,100
2019-06-28 09:48:29.144332857,99833,340,99626,240,99894,644,99567,100,99909,100,99564,240,99910,4,99542,100,99911,130,99481,100,99929,100,99338,100,99937,44,99332,100,100010,100,99153,100,100027,100,99052,100,100040,100,98787,100
2019-06-28 09:48:30.000000000,99833,481,99626,381,99894,504,99567,100,99909,100,99564,100,99910,4,99542,100,99911,130,99481,100,99929,100,99338,100,99937,44,99332,100,100010,100,99153,100,100027,100,99052,100,100040,100,98787,100
2019-06-28 09:48:40.000000000,99833,481,99626,381,99894,504,99567,100,99909,100,99564,100,99910,4,99542,100,99911,130,99481,100,99929,100,99338,100,99937,44,99332,100,100010,100,99153,100,100027,100,99052,100,100040,100,98787,100
2019-06-28 09:48:41.959386614,99833,481,99626,381,99894,504,99567,100,99909,100,99542,100,99910,4,99481,100,99911,130,99453,100,99929,100,99338,100,99937,44,99332,100,100010,100,99153,100,100027,100,99052,100,100040,100,98787,100
2019-06-28 09:48:49.893052492,99833,481,99626,281,99894,504,99567,100,99909,100,99542,100,99910,4,99481,100,99911,130,99453,100,99929,100,99338,100,99937,44,99332,100,100010,100,99153,100,100027,100,99052,100,100040,100,98787,100
2019-06-28 09:48:50.000000000,99833,340,99567,240,99894,644,99542,240,99909,100,99481,100,99910,4,99453,100,99911,130,99338,100,99929,100,99332,100,99937,44,99153,100,100010,100,99052,100,100027,100,98787,100,100040,100,98381,100
2019-06-28 09:49:00.000000000,99833,340,99567,240,99894,644,99542,240,99909,100,99481,100,99910,4,99453,100,99911,130,99338,100,99929,100,99332,100,99937,44,99153,100,100010,100,99052,100,100027,100,98787,100,100040,100,98381,100
2019-06-28 09:49:00.952111181,99833,340,99567,240,99894,644,99542,240,99909,100,99481,100,99910,4,99453,100,99911,130,99338,100,99929,100,99332,100,99937,44,99153,100,100010,100,99052,100,100027,100,98787,100,100040,100,98381,100
2019-06-28 09:49:08.812463898,99833,340,99567,240,99894,644,99542,240,99909,100,99481,100,99910,4,99453,100,99911,130,99338,100,99929,100,99332,100,99937,44,99218,100,100010,100,99153,100,100027,100,99052,100,100040,100,98787,100
2019-06-28 09:49:10.000000000,99833,256,99567,156,99894,560,99542,156,99909,156,99481,156,99910,60,99453,156,99911,186,99338,156,99929,100,99332,100,99937,44,99218,100,100010,100,99153,100,100027,100,99052,100,100040,100,98787,100
2019-06-28 09:49:20.000000000,99833,256,99567,156,99894,560,99542,156,99909,156,99481,156,99910,60,99453,156,99911,186,99338,156,99929,100,99332,100,99937,44,99218,100,100010,100,99153,100,100027,100,99052,100,100040,100,98787,100
2019-06-28 09:49:30.000000000,99833,270,99567,170,99894,574,99542,170,99909,170,99481,170,99910,74,99453,170,99911,130,99338,100,99929,100,99332,100,99937,44,99218,100,100010,100,99153,100,100027,100,99052,100,100040,100,98787,100
2019-06-28 09:49:40.000000000,99833,256,99567,156,99894,560,99542,156,99909,156,99481,156,99910,60,99453,156,99911,186,99338,156,99929,100,99332,100,99937,44,99218,100,100010,100,99153,100,100027,100,99052,100,100040,100,98787,100
2019-06-28 09:49:50.000000000,99833,270,99567,170,99894,574,99542,170,99909,170,99481,170,99910,74,99453,170,99911,130,99338,100,99929,100,99332,100,99937,44,99218,100,100010,100,99153,100,100027,100,99052,100,100040,100,98787,100
2019-06-28 09:49:53.073366035,99833,270,99567,70,99894,574,99542,170,99909,170,99481,170,99910,74,99453,170,99911,130,99338,100,99929,100,99332,100,99937,44,99218,100,100010,100,99153,100,100027,100,99052,100,100040,100,98787,100
2019-06-28 09:50:00.000000000,99833,481,99542,381,99894,504,99481,100,99909,100,99453,100,99910,4,99338,100,99911,130,99332,100,99929,100,99218,100,99937,44,99153,100,100010,100,99052,100,100027,100,98787,100,100040,100,98141,100
2019-06-28 09:50:04.249122154,99626,100,99542,381,99833,481,99481,100,99894,504,99453,100,99909,100,99338,100,99911,130,99332,100,99929,100,99218,100,99937,44,99153,100,100010,100,99052,100,100027,100,98787,100,100040,100,98141,100
2019-06-28 09:50:06.385625094,99626,100,99542,281,99833,481,99481,100,99894,504,99453,100,99909,100,99338,100,99911,130,99332,100,99929,100,99218,100,99937,44,99153,100,100010,100,99052,100,100027,100,98787,100,100040,100,98141,100
2019-06-28 09:50:08.223620731,99626,100,99542,281,99833,481,99481,100,99894,504,99453,100,99909,100,99338,100,99911,130,99332,100,99929,100,99218,100,99937,44,99153,100,100010,100,99052,100,100027,100,98897,100,100040,100,98787,100
2019-06-28 09:50:10.000000000,99626,170,99481,170,99833,270,99453,170,99894,574,99338,170,99909,170,99332,170,99911,130,99218,100,99929,100,99153,100,99937,44,99052,100,100010,100,98897,100,100027,100,98787,100,100040,100,98141,100
2019-06-28 09:50:10.763839001,99626,170,99481,70,99833,270,99453,170,99894,574,99338,170,99909,170,99332,170,99911,130,99218,100,99929,100,99153,100,99937,44,99052,100,100010,100,98897,100,100027,100,98787,100,100040,100,98141,100
2019-06-28 09:50:20.000000000,99626,240,99453,240,99833,340,99338,240,99894,504,99332,100,99909,100,99218,100,99911,130,99153,100,99929,100,99052,100,99937,44,98897,100,100010,100,98787,100,100027,100,98141,100,100040,100,97710,100
2019-06-28 09:50:26.833610120,99626,240,99453,140,99833,340,99338,240,99894,500,99332,100,99909,100,99218,100,99911,130,99153,100,99929,100,99052,100,99937,44,98897,100,100010,100,98787,100,100027,100,98141,100,100040,100,97710,100
2019-06-28 09:50:30.000000000,99626,196,99338,196,99833,293,99332,193,99894,593,99218,193,99909,100,99153,100,99911,130,99052,100,99929,100,98897,100,99937,44,98787,100,100010,100,98141,100,100027,100,97710,100,100040,100,,
2019-06-28 09:50:40.000000000,99626,156,99338,156,99833,256,99332,156,99894,556,99218,156,99909,156,99153,156,99911,186,99052,156,99929,100,98897,100,99937,44,98787,100,100010,100,98141,100,100027,100,97710,100,100040,100,,
2019-06-28 09:50:50.000000000,99626,381,99338,381,99833,200,99332,100,99894,500,99218,100,99909,100,99153,100,99911,130,99052,100,99929,100,98897,100,99937,44,98787,100,100010,100,98141,100,100027,100,97710,100,100040,100,,
2019-06-28 09:50:53.634246088,99626,381,99338,281,99833,200,99332,100,99894,500,99218,100,99909,100,99153,100,99911,130,99052,100,99929,100,98897,100,99937,44,98787,100,100010,100,98141,100,100027,100,97710,100,100040,100,,
2019-06-28 09:50:59.495252415,99626,381,99338,281,99833,200,99332,100,99894,500,99218,100,99909,100,99153,100,99911,130,99052,100,99929,100,99021,100,99937,44,98897,100,100010,100,98787,100,100027,100,98141,100,100040,100,97710,100
2019-06-28 09:51:00.000000000,99626,381,99332,381,99833,200,99218,100,99894,500,99153,100,99909,100,99052,100,99911,130,99021,100,99929,100,98897,100,99937,44,98787,100,100010,100,98141,100,100027,100,97710,100,100040,100,,
2019-06-28 09:51:09.412013844,99626,381,99332,281,99833,200,99218,100,99894,500,99153,100,99909,100,99052,100,99911,130,99021,100,99929,100,98897,100,99937,44,98787,100,100010,100,98141,100,100027,100,97710,100,100040,100,,
2019-06-28 09:51:10.000000000,99626,196,99218,196,99833,293,99153,193,99894,593,99052,193,99909,100,99021,100,99911,130,98897,100,99929,100,98787,100,99937,44,98141,100,100010,100,97710,100,100027,100,,,100040,100,,
2019-06-28 09:51:20.000000000,99626,240,99218,240,99833,340,99153,240,99894,500,99052,100,99909,100,99021,100,99911,130,98897,100,99929,100,98787,100,99937,44,98141,100,100010,100,97710,100,100027,100,,,100040,100,,
2019-06-28 09:51:26.359223410,99338,100,99218,240,99626,240,99153,240,99833,340,99052,100,99894,500,99021,100,99909,100,98897,100,99911,130,98787,100,99929,100,98141,100,99937,44,97710,100,100010,100,,,100027,100,,
2019-06-28 09:51:30.000000000,99338,240,99218,240,99626,240,99153,240,99833,200,99052,100,99894,500,99021,100,99909,100,98897,100,99911,130,98787,100,99929,100,98141,100,99937,44,97710,100,100010,100,,,100027,100,,
2019-06-28 09:51:33.860136252,99338,140,99218,240,99626,240,99153,240,99833,200,99052,100,99894,500,99021,100,99909,100,98897,100,99911,130,98787,100,99929,100,98141,100,99937,44,97710,100,100010,100,,,100027,100,,
2019-06-28 09:51:37.960484281,99338,140,99218,240,99458,100,99153,240,99626,240,99052,100,99833,200,99021,100,99894,500,98897,100,99909,100,98787,100,99911,130,98141,100,99929,100,97710,100,99937,44,,,100010,100,,
2019-06-28 09:51:40.000000000,99458,170,99218,170,99626,170,99153,170,99833,270,99052,170,99894,570,99021,170,99909,100,98897,100,99911,130,98787,100,99929,100,98141,100,99937,44,97710,100,100010,100,,,100027,100,,
2019-06-28 09:51:48.346925714,99458,170,99218,170,99626,170,99153,170,99833,170,99052,170,99894,570,99021,170,99909,100,98897,100,99911,130,98787,100,99929,100,98141,100,99937,44,97710,100,100010,100,,,100027,100,,
2019-06-28 09:51:49.584215882,99337,100,99218,170,99458,170,99153,170,99626,170,99052,170,99833,170,99021,170,99894,470,98897,100,99909,100,98787,100,99911,130,98141,100,99929,100,97710,100,99937,44,,,100010,100,,
2019-06-28 09:51:50.000000000,99337,240,99218,240,99458,240,99153,240,99626,100,99052,100,99833,100,99021,100,99894,400,98897,100,99909,100,98787,100,99911,130,98141,100,99929,100,97710,100,99937,44,,,100010,100,,
2019-06-28 09:51:50.032681853,99337,240,99218,240,99458,240,99217,100,99626,100,99153,140,99833,100,99052,100,99894,400,99021,100,99909,100,98897,100,99911,130,98787,100,99929,100,98141,100,99937,44,97710,100,100010,100,,
2019-06-28 09:52:00.000000000,99337,381,99218,381,99458,100,99217,100,99626,100,99052,100,99833,100,99021,100,99894,400,98897,100,99909,100,98787,100,99911,130,98141,100,99929,100,97710,100,99937,44,,,100010,100,,
2019-06-28 09:52:06.792257535,99337,381,99218,381,99458,100,99217,100,99626,100,99052,100,99641,100,99021,100,99833,100,98897,100,99894,400,98787,100,99909,100,98141,100,99911,130,,,99929,100,,,99937,44,,
2019-06-28 09:52:10.000000000,99337,381,99218,381,99458,100,99217,100,99626,100,99052,100,99641,100,99021,100,99833,100,98897,100,99894,400,98787,100,99909,100,98141,100,99911,130,,,99929,100,,,99937,44,,
2019-06-28 09:52:20.000000000,99337,196,99218,196,99458,193,99217,193,99626,193,99052,193,99641,100,99021,100,99833,100,98897,100,99894,400,98787,100,99909,100,98141,100,99911,130,,,99929,100,,,99937,44,,
2019-06-28 09:52:30.000000000,99337,170,99218,170,99458,170,99217,170,99626,170,99052,170,99641,170,99021,170,99833,100,98897,100,99894,400,98787,100,99909,100,98141,100,99911,130,,,99929,100,,,99937,44,,
2019-06-28 09:52:39.496081828,99337,170,99333,100,99458,170,99218,170,99626,170,99217,170,99641,170,99052,170,99833,100,99021,170,99894,400,98897,100,99909,100,98787,100,99911,130,98141,100,99929,100,,,99937,44,,
2019-06-28 09:52:40.000000000,99337,170,99333,170,99458,170,99218,170,99626,170,99217,170,99641,170,99052,170,99833,100,99021,100,99894,400,98897,100,99909,100,98787,100,99911,130,98141,100,99929,100,,,99937,44,,
2019-06-28 09:52:50.000000000,99337,240,99333,240,99458,240,99218,240,99626,100,99217,100,99641,100,99052,100,99833,100,99021,100,99894,400,98897,100,99909,100,98787,100,99911,130,98141,100,99929,100,,,99937,44,,
2019-06-28 09:53:00.000000000,99337,196,99333,196,99458,193,99218,193,99626,193,99217,193,99641,100,99052,100,99833,100,99021,100,99894,400,98897,100,99909,100,98787,100,99911,130,98141,100,99929,100,,,99937,44,,
2019-06-28 09:53:10.000000000,99337,156,99333,156,99458,156,99218,156,99626,156,99217,156,99641,156,99052,156,99833,156,99021,156,99894,400,98897,100,99909,100,98787,100,99911,130,98141,100,99929,100,,,99937,44,,
2019-06-28 09:53:11.836085983,99337,56,99333,156,99458,156,99218,156,99626,156,99217,156,99641,156,99052,156,99833,156,99021,156,99894,400,98897,100,99909,100,98787,100,99911,130,98141,100,99929,100,,,99937,44,,
2019-06-28 09:53:20.000000000,99458,170,99333,170,99626,170,99218,170,99641,170,99217,170,99833,170,99052,170,99894,400,99021,100,99909,100,98897,100,99911,130,98787,100,99929,100,98141,100,99937,44,,,100010,100,,
2019-06-28 09:53:22.051428309,99458,170,99337,100,99626,170,99333,170,99641,170,99218,170,99833,170,99217,170,99894,400,99052,170,99909,100,99021,100,99911,130,98897,100,99929,100,98787,100,99937,44,98141,100,100010,100,,
2019-06-28 09:53:24.263984858,99458,170,99337,200,99626,170,99333,170,99641,170,99218,170,99833,170,99217,170,99894,400,99052,170,99909,100,99021,100,99911,130,98897,100,99929,100,98787,100,99937,44,98141,100,100010,100,,
2019-06-28 09:53:30.000000000,99458,156,99337,256,99626,156,99333,156,99641,156,99218,156,99833,156,99217,156,99894,456,99052,156,99909,100,99021,100,99911,130,98897,100,99929,100,98787,100,99937,44,98141,100,100010,100,,
2019-06-28 09:53:33.627439224,99458,156,99337,256,99626,156,99333,156,99641,156,99218,156,99749,100,99217,156,99833,156,99052,156,99894,456,99021,100,99909,100,98897,100,99911,130,98787,100,99929,100,98141,100,99937,44,,
2019-06-28 09:53:40.000000000,99458,196,99337,296,99626,193,99333,193,99641,193,99218,193,99749,100,99217,100,99833,100,99052,100,99894,400,99021,100,99909,100,98897,100,99911,130,98787,100,99929,100,98141,100,99937,44,,
2019-06-28 09:53:50.000000000,99458,170,99337,270,99626,170,99333,170,99641,170,99218,170,99749,170,99217,170,99833,100,99052,100,99894,400,99021,100,99909,100,98897,100,99911,130,98787,100,99929,100,98141,100,99937,44,,
2019-06-28 09:54:00.000000000,99458,156,99337,256,99626,156,99333,156,99641,156,99218,156,99749,156,99217,156,99833,156,99052,156,99894,400,99021,100,99909,100,98897,100,99911,130,98787,100,99929,100,98141,100,99937,44,,
2019-06-28 09:54:05.298780782,99458,156,99337,356,99626,156,99333,156,99641,156,99218,156,99749,156,99217,156,99833,156,99052,156,99894,400,99021,100,99909,100,98897,100,99911,130,98787,100,99929,100,98141,100,99937,44,,
2019-06-28 09:54:10.000000000,99458,381,99337,581,99626,100,99333,100,99641,100,99218,100,99749,100,99217,100,99833,100,99052,100,99894,400,99021,100,99909,100,98897,100,99911,130,98787,100,99929,100,98141,100,99937,44,,
2019-06-28 09:54:14.965392080,99458,381,99337,481,99641,100,99333,100,99749,100,99218,100,99833,100,99217,100,99894,400,99052,100,99909,100,99021,100,99911,130,98897,100,99929,100,98787,100,99937,44,98141,100,100010,100,,
2019-06-28 09:54:20.000000000,99458,240,99337,340,99641,240,99333,240,99749,100,99218,100,99833,100,99217,100,99894,400,99052,100,99909,100,99021,100,99911,130,98897,100,99929,100,98787,100,99937,44,98141,100,100010,100,,
2019-06-28 09:54:30.000000000,99458,381,99337,481,99641,100,99333,100,99749,100,99218,100,99833,100,99217,100,99894,400,99052,100,99909,100,99021,100,99911,130,98897,100,99929,100,98787,100,99937,44,98141,100,100010,100,,
2019-06-28 09:54:30.099118423,99458,281,99337,481,99641,100,99333,100,99749,100,99218,100,99833,100,99217,100,99894,400,99052,100,99909,100,99021,100,99911,130,98897,100,99929,100,98787,100,99937,44,98141,100,100010,100,,
2019-06-28 09:54:40.000000000,99641,196,99337,296,99749,193,99333,193,99833,193,99218,193,99894,400,99217,100,99909,100,99052,100,99911,130,99021,100,99929,100,98897,100,99937,44,98787,100,100010,100,98141,100,100027,100,,
2019-06-28 09:54:43.162238921,99478,100,99337,296,99641,196,99333,193,99749,193,99218,193,99833,193,99217,100,99894,400,99052,100,99909,100,99021,100,99911,130,98897,100,99929,100,98787,100,99937,44,,,100010,100,,
2019-06-28 09:54:47.552294772,99478,100,99467,100,99641,196,99337,296,99749,193,99333,193,99833,193,99218,193,99894,400,99217,100,99909,100,99052,100,99911,130,99021,100,99929,100,98897,100,99937,44,98787,100,100010,100,,
2019-06-28 09:54:50.000000000,99478,240,99467,240,99641,240,99337,340,99749,100,99333,100,99833,100,99218,100,99894,400,99217,100,99909,100,99052,100,99911,130,99021,100,99929,100,98897,100,99937,44,98787,100,100010,100,,
2019-06-28 09:55:00.000000000,99478,170,99467,170,99641,170,99337,270,99749,170,99333,170,99833,170,99218,170,99894,400,99217,100,99909,100,99052,100,99911,130,99021,100,99929,100,98897,100,99937,44,98787,100,100010,100,,
2019-06-28 09:55:05.545752838,99478,70,99467,170,99641,170,99337,270,99749,170,99333,170,99833,170,99218,170,99894,400,99217,100,99909,100,99052,100,99911,130,99021,100,99929,100,98897,100,99937,44,98787,100,100010,100,,
2019-06-28 09:55:10.000000000,99641,240,99467,240,99749,240,99337,340,99833,100,99333,100,99894,400,99218,100,99909,100,99217,100,99911,130,99052,100,99929,100,99021,100,99937,44,98897,100,100010,100,98787,100,100027,100,,
2019-06-28 09:55:13.229813858,99641,140,99467,240,99749,240,99337,340,99833,100,99333,100,99894,400,99218,100,99909,100,99217,100,99911,130,99052,100,99929,100,99021,100,99937,44,98897,100,100010,100,98787,100,100027,100,,
2019-06-28 09:55:20.000000000,99749,196,99467,196,99833,193,99337,293,99894,493,99333,193,99909,100,99218,100,99911,130,99217,100,99929,100,99052,100,99937,44,99021,100,100010,100,98897,100,100027,100,98787,100,100040,100,,
2019-06-28 09:55:30.000000000,99749,381,99467,381,99833,100,99337,200,99894,400,99333,100,99909,100,99218,100,99911,130,99217,100,99929,100,99052,100,99937,44,99021,100,100010,100,98897,100,100027,100,98787,100,100040,100,,
2019-06-28 09:55:30.633899705,99684,100,99467,381,99749,381,99337,200,99833,100,99333,100,99894,400,99218,100,99909,100,99217,100,99911,130,99052,100,99929,100,99021,100,99937,44,98897,100,100010,100,98787,100,100027,100,,
2019-06-28 09:55:40.000000000,99684,381,99467,381,99749,100,99337,200,99833,100,99333,100,99894,400,99218,100,99909,100,99217,100,99911,130,99052,100,99929,100,99021,100,99937,44,98897,100,100010,100,98787,100,100027,100,,
2019-06-28 09:55:50.000000000,99684,170,99467,170,99749,170,99337,270,99833,170,99333,170,99894,470,99218,170,99909,100,99217,100,99911,130,99052,100,99929,100,99021,100,99937,44,98897,100,100010,100,98787,100,100027,100,,
2019-06-28 09:55:51.898737604,99684,170,99467,170,99749,170,99337,270,99833,170,99333,170,99894,470,99218,170,99909,100,99217,100,99911,130,99052,100,99929,100,99021,100,99937,44,98897,100,100010,100,98787,100,100027,100,,
2019-06-28 09:55:53.958806386,99684,170,99467,170,99749,170,99337,270,99833,170,99333,170,99894,470,99218,170,99909,100,99217,100,99911,130,99052,100,99929,100,99021,100,99937,44,98897,100,100010,100,98787,100,100027,100,,
2019-06-28 09:56:00.000000000,99684,240,99467,240,99749,240,99337,340,99833,100,99333,100,99894,400,99218,100,99909,100,99217,100,99911,130,99052,100,99929,100,99021,100,99937,44,98897,100,100010,100,98787,100,100027,100,,
2019-06-28 09:56:06.786014295,99684,240,99467,240,99749,240,99337,340,99833,100,99333,100,99865,100,99218,100,99894,400,99217,100,99909,100,99052,100,99911,130,99021,100,99929,100,98897,100,100010,100,98787,100,100027,100,,
2019-06-28 09:56:10.000000000,99684,170,99467,170,99749,170,99337,270,99833,170,99333,170,99865,170,99218,170,99894,400,99217,100,99909,100,99052,100,99911,130,99021,100,99929,100,98897,100,100010,100,98787,100,100027,100,,
2019-06-28 09:56:20.000000000,99684,381,99467,381,99749,100,99337,200,99833,100,99333,100,99865,100,99218,100,99894,400,99217,100,99909,100,99052,100,99911,130,99021,100,99929,100,98897,100,100010,100,98787,100,100027,100,,
2019-06-28 09:56:24.186642432,99684,381,99478,100,99749,100,99467,381,99833,100,99337,200,99865,100,99333,100,99894,400,99218,100,99909,100,99217,100,99911,130,99052,100,99929,100,99021,100,100010,100,98897,100,100027,100,98787,100
2019-06-28 09:56:27.900077112,99684,381,99478,200,99749,100,99467,381,99833,100,99337,200,99865,100,99333,100,99894,400,99218,100,99909,100,99217,100,99911,130,99052,100,99929,100,99021,100,100010,100,98897,100,100027,100,98787,100
2019-06-28 09:56:30.000000000,99684,381,99478,481,99749,100,99467,100,99833,100,99337,200,99865,100,99333,100,99894,400,99218,100,99909,100,99217,100,99911,130,99052,100,99929,100,99021,100,100010,100,98897,100,100027,100,98787,100
2019-06-28 09:56:40.000000000,99684,196,99478,296,99749,193,99467,193,99833,193,99337,293,99865,100,99333,100,99894,400,99218,100,99909,100,99217,100,99911,130,99052,100,99929,100,99021,100,100010,100,98897,100,100027,100,98787,100
2019-06-28 09:56:50.000000000,99684,196,99478,296,99749,193,99467,193,99833,193,99337,293,99865,100,99333,100,99894,400,99218,100,99909,100,99217,100,99911,130,99052,100,99929,100,99021,100,100010,100,98897,100,100027,100,98787,100
2019-06-28 09:56:55.022818690,99684,196,99478,296,99749,193,99467,193,99833,193,99337,293,99865,100,99333,100,99894,400,99218,100,99909,100,99217,100,99911,130,99052,100,99929,100,99021,100,100010,100,98897,100,100027,100,98787,100
2019-06-28 09:57:00.000000000,99684,170,99478,270,99749,170,99467,170,99833,170,99337,270,99865,170,99333,170,99894,400,99218,100,99909,100,99217,100,99911,130,99052,100,99929,100,99021,100,100010,100,98897,100,100027,100,98787,100
2019-06-28 09:57:10.000000000,99684,196,99478,296,99749,193,99467,193,99833,193,99337,293,99865,100,99333,100,99894,400,99218,100,99909,100,99217,100,99911,130,99052,100,99929,100,99021,100,100010,100,98897,100,100027,100,98787,100
2019-06-28 09:57:15.255450445,99684,196,99478,296,99749,193,99467,193,99833,193,99337,293,99865,100,99333,100,99894,400,99218,100,99909,100,99217,100,99911,130,99052,100,99929,100,99021,100,100010,100,98897,100,100027,100,98787,100
2019-06-28 09:57:20.000000000,99684,196,99478,296,99749,193,99467,193,99833,193,99337,293,99865,100,99333,100,99894,400,99218,100,99909,100,99217,100,99911,130,99052,100,99929,100,99021,100,100010,100,98897,100,100027,100,98787,100
2019-06-28 09:57:21.352180324,99684,96,99478,296,99749,193,99467,193,99833,193,99337,293,99865,100,99333,100,99894,400,99218,100,99909,100,99052,100,99911,130,99021,100,99929,100,98897,100,100010,100,98787,100,100027,100,,
2019-06-28 09:57:30.000000000,99749,240,99478,340,99833,240,99467,240,99865,100,99337,200,99894,400,99333,100,99909,100,99218,100,99911,130,99052,100,99929,100,99021,100,100010,100,98897,100,100027,100,98787,100,100040,100,,
2019-06-28 09:57:40.000000000,99749,170,99478,270,99833,170,99467,170,99865,170,99337,270,99894,470,99333,170,99909,100,99218,100,99911,130,99052,100,99929,100,99021,100,100010,100,98897,100,100027,100,98787,100,100040,100,,
2019-06-28 09:57:50.000000000,99749,381,99478,481,99833,100,99467,100,99865,100,99337,200,99894,400,99333,100,99909,100,99218,100,99911,130,99052,100,99929,100,99021,100,100010,100,98897,100,100027,100,98787,100,100040,100,,
2019-06-28 09:58:00.000000000,99749,240,99478,340,99833,240,99467,240,99865,100,99337,200,99894,400,99333,100,99909,100,99218,100,99911,130,99052,100,99929,100,99021,100,100010,100,98897,100,100027,100,98787,100,100040,100,,
2019-06-28 09:58:10.000000000,99749,156,99478,256,99833,156,99467,156,99865,156,99337,256,99894,456,99333,156,99909,156,99218,156,99911,130,99052,100,99929,100,99021,100,100010,100,98897,100,100027,100,98787,100,100040,100,,
2019-06-28 09:58:20.000000000,99749,240,99478,340,99833,240,99467,240,99865,100,99337,200,99894,400,99333,100,99909,100,99218,100,99911,130,99052,100,99929,100,99021,100,100010,100,98897,100,100027,100,98787,100,100040,100,,
2019-06-28 09:58:23.450003804,99749,240,99478,340,99833,240,99467,240,99865,100,99337,200,99894,400,99333,100,99909,100,99218,100,99910,100,99052,100,99911,130,99021,100,99929,100,98787,100,100010,100,,,100027,100,,
2019-06-28 09:58:24.812995600,99749,240,99641,100,99833,240,99478,240,99865,100,99467,240,99894,400,99337,200,99909,100,99333,100,99910,100,99218,100,99911,130,99052,100,99929,100,99021,100,100010,100,98787,100,100027,100,,
2019-06-28 09:58:30.000000000,99749,381,99641,381,99833,100,99478,100,99865,100,99467,100,99894,400,99337,200,99909,100,99333,100,99910,100,99218,100,99911,130,99052,100,99929,100,99021,100,100010,100,98787,100,100027,100,,
2019-06-28 09:58:33.313388798,99749,381,99747,100,99833,100,99641,381,99865,100,99478,100,99894,400,99467,100,99909,100,99337,200,99910,100,99333,100,99911,30,99218,100,99929,100,99052,100,100010,100,99021,100,100027,100,98787,100
2019-06-28 09:58:39.014594215,99749,381,99747,100,99833,100,99641,381,99865,100,99478,100,99894,400,99467,100,99909,100,99337,200,99910,100,99333,100,99911,30,99218,100,99929,100,99052,100,99978,100,99021,100,100010,100,98787,100
2019-06-28 09:58:40.000000000,99749,170,99747,170,99833,170,99641,170,99865,170,99478,170,99894,470,99467,170,99909,100,99337,200,99910,100,99333,100,99911,30,99218,100,99929,100,99052,100,99978,100,99021,100,100010,100,98787,100
2019-06-28 09:58:45.873762970,99749,70,99747,170,99833,170,99641,170,99865,170,99478,170,99894,470,99467,170,99909,100,99337,200,99910,100,99333,100,99911,30,99218,100,99978,100,99052,100,100010,100,99021,100,100027,100,98787,100
2019-06-28 09:58:50.000000000,99833,196,99747,196,99865,193,99641,193,99894,493,99478,193,99909,100,99467,100,99910,100,99337,200,99911,30,99333,100,99978,100,99218,100,100010,100,99052,100,100027,100,99021,100,100040,100,98787,100
2019-06-28 09:58:52.220467677,99833,196,99747,196,99865,193,99672,100,99894,493,99641,193,99909,100,99478,193,99910,100,99467,100,99911,30,99337,200,99978,100,99333,100,100010,100,99218,100,100027,100,99052,100,100040,100,99021,100
2019-06-28 09:59:00.000000000,99833,381,99747,381,99865,100,99672,100,99894,400,99641,100,99909,100,99478,100,99910,100,99467,100,99911,30,99337,200,99978,100,99333,100,100010,100,99218,100,100027,100,99052,100,100040,100,99021,100
2019-06-28 09:59:10.000000000,99833,156,99747,156,99865,156,99672,156,99894,456,99641,156,99909,156,99478,156,99910,156,99467,156,99911,30,99337,200,99978,100,99333,100,100010,100,99218,100,100027,100,99052,100,100040,100,99021,100
2019-06-28 09:59:20.000000000,99833,196,99747,196,99865,193,99672,193,99894,493,99641,193,99909,100,99478,100,99910,100,99467,100,99911,30,99337,200,99978,100,99333,100,100010,100,99218,100,100027,100,99052,100,100040,100,99021,100
2019-06-28 09:59:21.969767263,99833,96,99747,196,99865,193,99672,193,99894,493,99641,193,99909,100,99478,100,99910,100,99467,100,99911,30,99337,200,99978,100,99333,100,100010,100,99218,100,100027,100,99052,100,100040,100,99021,100
2019-06-28 09:59:30.000000000,99865,196,99747,196,99894,493,99672,193,99909,193,99641,193,99910,100,99478,100,99911,30,99467,100,99978,100,99337,200,100010,100,99333,100,100027,100,99218,100,100040,100,99052,100,100105,100,99021,100
2019-06-28 09:59:34.105114522,99865,196,99749,100,99894,493,99747,196,99909,193,99672,193,99910,100,99641,193,99911,30,99478,100,99978,100,99467,100,100010,100,99337,100,100027,100,99333,100,100040,100,99218,100,100105,100,99052,100
2019-06-28 09:59:40.000000000,99865,170,99749,170,99894,470,99747,170,99909,170,99672,170,99910,170,99641,170,99911,30,99478,100,99978,100,99467,100,100010,100,99337,100,100027,100,99333,100,100040,100,99218,100,100105,100,99052,100
2019-06-28 09:59:43.941605936,99865,170,99749,170,99894,470,99747,170,99909,170,99672,170,99910,170,99641,170,99911,30,99478,100,99978,100,99467,100,100010,100,99337,100,100027,100,99333,100,100040,100,99218,100,100105,100,99052,100
2019-06-28 09:59:50.000000000,99865,240,99749,240,99894,540,99747,240,99909,100,99672,100,99910,100,99641,100,99911,30,99478,100,99978,100,99467,100,100010,100,99337,100,100027,100,99333,100,100040,100,99218,100,100105,100,99052,100
2019-06-28 10:00:00.000000000,99865,196,99749,196,99894,493,99747,193,99909,193,99672,193,99910,100,99641,100,99911,30,99478,100,99978,100,99467,100,100010,100,99337,100,100027,100,99333,100,100040,100,99218,100,100105,100,99052,100
2019-06-28 10:00:04.026154422,99865,196,99749,196,99894,493,99747,193,99909,293,99672,193,99911,30,99641,100,99978,100,99478,100,100010,100,99467,100,100027,100,99337,100,100040,100,99333,100,100105,100,99218,100,100152,100,99052,100
2019-06-28 10:00:10.000000000,99865,170,99749,170,99894,470,99747,170,99909,270,99672,170,99911,100,99641,170,99978,100,99478,100,100010,100,99467,100,100027,100,99337,100,100040,100,99333,100,100105,100,99218,100,100152,100,99052,100
2019-06-28 10:00:20.000000000,99865,196,99749,196,99894,493,99747,193,99909,293,99672,193,99911,30,99641,100,99978,100,99478,100,100010,100,99467,100,100027,100,99337,100,100040,100,99333,100,100105,100,99218,100,100152,100,99052,100
2019-06-28 10:00:26.412253914,99865,196,99845,100,99894,493,99749,196,99909,293,99747,193,99911,30,99672,193,99978,100,99641,100,100010,100,99478,100,100027,100,99467,100,100040,100,99337,100,100105,100,99333,100,100152,100,99218,100
2019-06-28 10:00:30.000000000,99865,156,99845,156,99894,456,99749,156,99909,256,99747,156,99911,86,99672,156,99978,156,99641,156,100010,100,99478,100,100027,100,99467,100,100040,100,99337,100,100105,100,99333,100,100152,100,99218,100
2019-06-28 10:00:30.596306474,99865,156,99845,156,99894,456,99749,156,99909,256,99747,156,99911,86,99672,156,99978,156,99641,156,100010,100,99478,100,100027,100,99467,100,100040,100,99337,100,100105,100,99218,100,100152,100,99052,100
2019-06-28 10:00:32.609457075,99865,156,99845,156,99894,456,99749,156,99909,256,99747,156,99911,86,99672,156,99978,156,99669,100,100010,100,99641,156,100027,100,99478,100,100040,100,99467,100,100105,100,99337,100,100152,100,99218,100
2019-06-28 10:00:40.000000000,99865,196,99845,196,99894,493,99749,193,99909,293,99747,193,99911,30,99672,100,99978,100,99669,100,100010,100,99641,100,100027,100,99478,100,100040,100,99467,100,100105,100,99337,100,100152,100,99218,100
2019-06-28 10:00:50.000000000,99865,196,99845,196,99894,493,99749,193,99909,293,99747,193,99911,30,99672,100,99978,100,99669,100,100010,100,99641,100,100027,100,99478,100,100040,100,99467,100,100105,100,99337,100,100152,100,99218,100
2019-06-28 10:00:57.505107266,99865,196,99845,96,99894,493,99749,193,99909,293,99747,193,99911,30,99672,100,99978,100,99669,100,100010,100,99641,100,100027,100,99478,100,100040,100,99467,100,100105,100,99337,100,100152,100,99218,100
2019-06-28 10:00:59.325682530,99845,4,99749,193,99865,196,99747,193,99894,493,99672,100,99909,293,99669,100,99911,30,99641,100,99978,100,99478,100,100010,100,99467,100,100027,100,99337,100,100105,100,99218,100,100152,100,99052,100
2019-06-28 10:01:00.000000000,99845,144,99749,240,99865,240,99747,240,99894,400,99672,100,99909,200,99669,100,99911,30,99641,100,99978,100,99478,100,100010,100,99467,100,100027,100,99337,100,100105,100,99218,100,100152,100,99052,100
2019-06-28 10:01:02.571387724,99845,144,99749,240,99865,240,99747,240,99894,400,99672,100,99909,200,99669,100,99911,30,99641,100,99978,100,99478,100,100027,100,99467,100,100105,100,99411,100,100152,100,99337,100,100209,100,99218,100
2019-06-28 10:01:07.445774954,99845,244,99749,240,99865,240,99747,240,99894,400,99672,100,99909,200,99669,100,99911,30,99641,100,99978,100,99478,100,100027,100,99467,100,100105,100,99411,100,100152,100,99337,100,100209,100,99218,100
2019-06-28 10:01:09.187207404,99845,344,99749,240,99865,240,99747,240,99894,300,99672,100,99909,200,99669,100,99911,30,99641,100,99978,100,99478,100,100027,100,99467,100,100105,100,99411,100,100152,100,99337,100,100209,100,99218,100
2019-06-28 10:01:10.000000000,99845,260,99749,156,99865,156,99747,156,99894,356,99672,156,99909,256,99669,156,99911,86,99641,156,99978,100,99478,100,100027,100,99467,100,100105,100,99411,100,100152,100,99337,100,100209,100,99218,100
2019-06-28 10:01:20.000000000,99845,260,99749,156,99865,156,99747,156,99894,356,99672,156,99909,256,99669,156,99911,86,99641,156,99978,100,99478,100,100027,100,99467,100,100105,100,99411,100,100152,100,99337,100,100209,100,99218,100
2019-06-28 10:01:30.000000000,99845,274,99749,170,99865,170,99747,170,99894,370,99672,170,99909,270,99669,170,99911,30,99641,100,99978,100,99478,100,100027,100,99467,100,100105,100,99411,100,100152,100,99337,100,100209,100,99218,100
2019-06-28 10:01:30.192769119,99845,170,99749,170,99865,170,99747,170,99894,370,99672,170,99909,270,99669,170,99911,30,99641,100,99978,100,99478,100,100027,100,99467,100,100105,100,99411,100,100152,100,99337,100,100209,100,99218,100
2019-06-28 10:01:40.000000000,99845,170,99749,170,99865,170,99747,170,99894,370,99672,170,99909,270,99669,170,99911,30,99641,100,99978,100,99478,100,100027,100,99467,100,100105,100,99411,100,100152,100,99337,100,100209,100,99218,100
2019-06-28 10:01:50.000000000,99845,156,99749,156,99865,156,99747,156,99894,356,99672,156,99909,256,99669,156,99911,86,99641,156,99978,100,99478,100,100027,100,99467,100,100105,100,99411,100,100152,100,99337,100,100209,100,99218,100
2019-06-28 10:01:57.337973727,99844,100,99749,156,99845,156,99747,156,99865,156,99672,156,99894,356,99669,156,99909,256,99641,156,99911,86,99478,100,99978,100,99467,100,100027,100,99411,100,100105,100,99337,100,100152,100,99218,100
2019-06-28 10:02:00.000000000,99844,170,99749,170,99845,170,99747,170,99865,170,99672,170,99894,370,99669,170,99909,200,99641,100,99911,30,99478,100,99978,100,99467,100,100027,100,99411,100,100105,100,99337,100,100152,100,99218,100
2019-06-28 10:02:06.147505903,99844,170,99843,100,99845,170,99749,170,99865,70,99747,170,99894,370,99672,170,99909,200,99669,170,99911,30,99641,100,99978,100,99478,100,100027,100,99467,100,100105,100,99411,100,100152,100,99337,100
2019-06-28 10:02:09.648102304,99844,170,99749,170,99845,170,99747,170,99865,70,99672,170,99894,370,99669,170,99909,200,99641,100,99911,30,99478,100,99978,100,99467,100,100027,100,99411,100,100105,100,99337,100,100152,100,99218,100
2019-06-28 10:02:10.000000000,99844,156,99749,156,99845,156,99747,156,99894,356,99672,156,99909,256,99669,156,99911,86,99641,156,99978,100,99478,100,100027,100,99467,100,100105,100,99411,100,100152,100,99337,100,100209,100,99218,100
2019-06-28 10:02:15.704850763,99844,156,99749,156,99845,156,99747,156,99855,100,99672,156,99894,356,99669,156,99909,256,99641,156,99911,86,99478,100,99978,100,99467,100,100027,100,99411,100,100105,100,99337,100,100152,100,99218,100
2019-06-28 10:02:20.000000000,99844,240,99749,240,99845,240,99747,240,99855,100,99672,100,99894,300,99669,100,99909,200,99641,100,99911,30,99478,100,99978,100,99467,100,100027,100,99411,100,100105,100,99337,100,100152,100,99218,100
2019-06-28 10:02:30.000000000,99844,196,99749,196,99845,193,99747,193,99855,193,99672,193,99894,300,99669,100,99909,200,99641,100,99911,30,99478,100,99978,100,99467,100,100027,100,99411,100,100105,100,99337,100,100152,100,99218,100
2019-06-28 10:02:32.357296561,99844,196,99749,196,99845,193,99747,193,99855,193,99672,193,99894,300,99669,100,99909,200,99641,100,99911,30,99575,100,100027,100,99478,100,100105,100,99467,100,100152,100,99411,100,100209,100,99337,100
2019-06-28 10:02:40.000000000,99844,170,99749,170,99845,170,99747,170,99855,170,99672,170,99894,370,99669,170,99909,200,99641,100,99911,30,99575,100,100027,100,99478,100,100105,100,99467,100,100152,100,99411,100,100209,100,99337,100
2019-06-28 10:02:41.267476307,99843,100,99749,170,99844,170,99747,170,99845,170,99672,170,99855,170,99669,170,99894,370,99641,100,99909,200,99575,100,99911,30,99478,100,100027,100,99467,100,100105,100,99411,100,100152,100,99337,100
2019-06-28 10:02:45.895239241,99828,100,99749,170,99843,100,99747,170,99844,170,99672,170,99845,170,99669,170,99855,170,99641,100,99894,370,99575,100,99909,200,99478,100,99911,30,99467,100,100027,100,99411,100,100105,100,99337,100
2019-06-28 10:02:50.000000000,99828,156,99749,156,99843,156,99747,156,99844,156,99672,156,99845,156,99669,156,99855,156,99641,156,99894,300,99575,100,99909,200,99478,100,99911,30,99467,100,100027,100,99411,100,100105,100,99337,100
2019-06-28 10:03:00.000000000,99828,170,99749,170,99843,170,99747,170,99844,170,99672,170,99845,170,99669,170,99855,100,99641,100,99894,300,99575,100,99909,200,99478,100,99911,30,99467,100,100027,100,99411,100,100105,100,99337,100
2019-06-28 10:03:02.639966708,99828,170,99767,100,99843,170,99749,170,99844,170,99747,170,99845,170,99672,170,99855,100,99669,170,99894,300,99641,100,99909,200,99575,100,99911,30,99478,100,100105,100,99467,100,100152,100,99411,100
2019-06-28 10:03:10.000000000,99828,196,99767,196,99843,193,99749,193,99844,193,99747,193,99845,100,99672,100,99855,100,99669,100,99894,300,99641,100,99909,200,99575,100,99911,30,99478,100,100105,100,99467,100,100152,100,99411,100
2019-06-28 10:03:20.000000000,99828,381,99767,381,99843,100,99749,100,99844,100,99747,100,99845,100,99672,100,99855,100,99669,100,99894,300,99641,100,99909,200,99575,100,99911,30,99478,100,100105,100,99467,100,100152,100,99411,100
2019-06-28 10:03:30.000000000,99828,170,99767,170,99843,170,99749,170,99844,170,99747,170,99845,170,99672,170,99855,100,99669,100,99894,300,99641,100,99909,200,99575,100,99911,30,99478,100,100105,100,99467,100,100152,100,99411,100
2019-06-28 10:03:39.420233691,99828,170,99767,170,99843,170,99749,170,99844,170,99747,170,99845,170,99672,170,99855,100,99669,100,99894,300,99641,100,99909,200,99575,100,99911,30,99478,100,100105,100,99467,100,100152,100,99441,100
2019-06-28 10:03:40.000000000,99828,156,99767,156,99843,156,99749,156,99844,156,99747,156,99845,156,99672,156,99855,156,99669,156,99894,300,99641,100,99909,200,99575,100,99911,30,99478,100,100105,100,99467,100,100152,100,99441,100
2019-06-28 10:03:45.533892042,99828,156,99767,56,99843,156,99749,156,99844,156,99747,156,99845,156,99672,156,99855,156,99669,156,99894,300,99641,100,99909,200,99575,100,99911,30,99478,100,100105,100,99467,100,100152,100,99441,100
2019-06-28 10:03:50.000000000,99828,156,99749,156,99843,156,99747,156,99844,156,99672,156,99845,156,99669,156,99855,156,99641,156,99894,300,99575,100,99909,200,99478,100,99911,30,99467,100,100105,100,99441,100,100152,100,99411,100
2019-06-28 10:03:58.002978022,99827,100,99749,156,99828,156,99747,156,99843,156,99672,156,99844,156,99669,156,99845,156,99641,156,99855,156,99575,100,99894,300,99478,100,99909,200,99467,100,99911,30,99441,100,100105,100,99411,100
2019-06-28 10:04:00.000000000,99827,240,99749,240,99828,240,99747,240,99843,100,99672,100,99844,100,99669,100,99845,100,99641,100,99855,100,99575,100,99894,300,99478,100,99909,200,99467,100,99911,30,99441,100,100105,100,99411,100
2019-06-28 10:04:00.159204939,99827,240,99749,140,99828,240,99747,240,99843,100,99672,100,99844,100,99669,100,99845,100,99641,100,99855,100,99575,100,99894,300,99478,100,99909,200,99467,100,99911,30,99441,100,100105,100,99411,100
2019-06-28 10:04:10.000000000,99827,240,99747,240,99828,240,99672,240,99843,100,99669,100,99844,100,99641,100,99845,100,99575,100,99855,100,99478,100,99894,300,99467,100,99909,200,99441,100,99911,30,99411,100,100105,100,99337,100
2019-06-28 10:04:20.000000000,99827,196,99747,196,99828,193,99672,193,99843,193,99669,193,99844,100,99641,100,99845,100,99575,100,99855,100,99478,100,99894,300,99467,100,99909,200,99441,100,99911,30,99411,100,100105,100,99337,100
2019-06-28 10:04:21.423342411,99827,196,99747,196,99828,193,99672,193,99843,193,99669,193,99844,100,99641,100,99845,100,99575,100,99855,100,99478,100,99894,300,99467,100,99909,200,99441,100,99911,30,99411,100,100057,100,99337,100
2019-06-28 10:04:30.000000000,99827,196,99747,196,99828,193,99672,193,99843,193,99669,193,99844,100,99641,100,99845,100,99575,100,99855,100,99478,100,99894,300,99467,100,99909,200,99441,100,99911,30,99411,100,100057,100,99337,100
2019-06-28 10:04:40.000000000,99827,156,99747,156,99828,156,99672,156,99843,156,99669,156,99844,156,99641,156,99845,156,99575,156,99855,100,99478,100,99894,300,99467,100,99909,200,99441,100,99911,30,99411,100,100057,100,99337,100
2019-06-28 10:04:47.925949431,99827,156,99747,156,99828,56,99672,156,99843,156,99669,156,99844,156,99641,156,99845,156,99575,156,99855,100,99570,100,99894,300,99478,100,99909,200,99467,100,99911,30,99441,100,100057,100,99411,100
2019-06-28 10:04:48.152722998,99752,100,99747,156,99827,156,99672,156,99828,56,99669,156,99843,156,99641,156,99844,156,99575,156,99845,156,99570,100,99855,100,99478,100,99894,300,99467,100,99909,200,99441,100,99911,30,99411,100
2019-06-28 10:04:50.000000000,99752,240,99747,240,99827,240,99672,240,99843,100,99669,100,99844,100,99641,100,99845,100,99575,100,99855,100,99570,100,99894,300,99478,100,99909,200,99467,100,99911,30,99441,100,100057,100,99411,100
2019-06-28 10:05:00.000000000,99752,381,99747,381,99827,100,99672,100,99843,100,99669,100,99844,100,99641,100,99845,100,99575,100,99855,100,99570,100,99894,300,99478,100,99909,200,99467,100,99911,30,99441,100,100057,100,99411,100
2019-06-28 10:05:04.143273562,99752,381,99747,381,99827,100,99672,100,99843,100,99669,100,99844,100,99641,100,99845,100,99575,100,99855,100,99570,100,99894,300,99478,100,99907,100,99467,100,99909,200,99441,100,99911,30,99411,100
2019-06-28 10:05:04.388410054,99752,281,99747,381,99827,100,99672,100,99843,100,99669,100,99844,100,99641,100,99845,100,99575,100,99855,100,99570,100,99894,300,99478,100,99907,100,99467,100,99909,200,99441,100,99911,30,99411,100
2019-06-28 10:05:10.000000000,99827,170,99747,170,99843,170,99672,170,99844,170,99669,170,99845,170,99641,170,99855,100,99575,100,99894,300,99570,100,99907,100,99478,100,99909,200,99467,100,99911,30,99441,100,100057,100,99411,100
2019-06-28 10:05:14.362009615,99827,170,99797,100,99843,170,99747,170,99844,170,99672,170,99845,170,99669,170,99855,100,99641,170,99894,300,99575,100,99907,100,99570,100,99909,200,99478,100,99911,30,99467,100,100057,100,99441,100
2019-06-28 10:05:20.000000000,99827,196,99797,196,99843,193,99747,193,99844,193,99672,193,99845,100,99669,100,99855,100,99641,100,99894,300,99575,100,99907,100,99570,100,99909,200,99478,100,99911,30,99467,100,100057,100,99441,100
2019-06-28 10:05:22.714652706,99827,196,99797,196,99843,193,99747,193,99844,193,99672,193,99845,100,99669,100,99855,100,99641,100,99894,300,99575,100,99907,100,99570,100,99909,200,99566,100,99911,30,99478,100,100057,100,99467,100
2019-06-28 10:05:30.000000000,99827,156,99797,156,99843,156,99747,156,99844,156,99672,156,99845,156,99669,156,99855,156,99641,156,99894,300,99575,100,99907,100,99570,100,99909,200,99566,100,99911,30,99478,100,100057,100,99467,100
2019-06-28 10:05:40.000000000,99827,381,99797,381,99843,100,99747,100,99844,100,99672,100,99845,100,99669,100,99855,100,99641,100,99894,300,99575,100,99907,100,99570,100,99909,200,99566,100,99911,30,99478,100,100057,100,99467,100
2019-06-28 10:05:50.000000000,99827,196,99797,196,99843,193,99747,193,99844,193,99672,193,99845,100,99669,100,99855,100,99641,100,99894,300,99575,100,99907,100,99570,100,99909,200,99566,100,99911,30,99478,100,100057,100,99467,100
2019-06-28 10:06:00.000000000,99827,381,99797,381,99843,100,99747,100,99844,100,99672,100,99845,100,99669,100,99855,100,99641,100,99894,300,99575,100,99907,100,99570,100,99909,200,99566,100,99911,30,99478,100,100057,100,99467,100
2019-06-28 10:06:10.000000000,99827,240,99797,240,99843,240,99747,240,99844,100,99672,100,99845,100,99669,100,99855,100,99641,100,99894,300,99575,100,99907,100,99570,100,99909,200,99566,100,99911,30,99478,100,100057,100,99467,100
2019-06-28 10:06:17.714912960,99827,240,99797,240,99843,240,99747,240,99844,100,99672,100,99845,100,99669,100,99855,100,99641,100,99894,300,99570,100,99907,100,99566,100,99909,200,99478,100,99911,30,99467,100,100057,100,99441,100
2019-06-28 10:06:20.000000000,99827,381,99797,381,99843,100,99747,100,99844,100,99672,100,99845,100,99669,100,99855,100,99641,100,99894,300,99570,100,99907,100,99566,100,99909,200,99478,100,99911,30,99467,100,100057,100,99441,100
2019-06-28 10:06:20.575979304,99827,381,99797,381,99843,100,99747,100,99844,100,99672,100,99845,100,99669,100,99855,100,99641,100,99894,300,99570,100,99907,100,99566,100,99909,200,99478,100,99911,30,99467,100,100057,100,99441,100
2019-06-28 10:06:30.000000000,99827,156,99797,156,99843,156,99747,156,99844,156,99672,156,99845,156,99669,156,99855,156,99641,156,99894,300,99570,100,99907,100,99566,100,99909,200,99478,100,99911,30,99467,100,100057,100,99441,100
2019-06-28 10:06:39.559310251,99827,56,99797,156,99843,156,99747,156,99844,156,99672,156,99845,156,99669,156,99855,156,99641,156,99894,300,99570,100,99907,100,99566,100,99909,200,99478,100,99911,30,99467,100,100057,100,99441,100
2019-06-28 10:06:40.000000000,99843,240,99797,240,99844,240,99747,240,99845,100,99672,100,99855,100,99669,100,99894,300,99641,100,99907,100,99570,100,99909,200,99566,100,99911,30,99478,100,100057,100,99467,100,100105,100,99441,100
2019-06-28 10:06:46.079606202,99843,140,99797,240,99844,240,99747,240,99845,100,99672,100,99855,100,99669,100,99894,300,99641,100,99907,100,99570,100,99909,200,99566,100,99911,30,99478,100,100057,100,99467,100,100105,100,99441,100
2019-06-28 10:06:50.000000000,99844,196,99797,196,99845,193,99747,193,99855,193,99672,193,99894,300,99669,100,99907,100,99641,100,99909,200,99570,100,99911,30,99566,100,100057,100,99478,100,100105,100,99467,100,100152,100,99441,100
2019-06-28 10:06:56.409979964,99844,196,99797,196,99845,193,99747,193,99855,193,99672,193,99894,300,99669,100,99907,100,99641,100,99909,200,99570,100,99911,30,99566,100,100057,100,99478,100,100105,100,99467,100,100110,100,99441,100
2019-06-28 10:07:00.000000000,99844,240,99797,240,99845,240,99747,240,99855,100,99672,100,99894,300,99669,100,99907,100,99641,100,99909,200,99570,100,99911,30,99566,100,100057,100,99478,100,100105,100,99467,100,100110,100,99441,100
2019-06-28 10:07:10.000000000,99844,170,99797,170,99845,170,99747,170,99855,170,99672,170,99894,370,99669,170,99907,100,99641,100,99909,200,99570,100,99911,30,99566,100,100057,100,99478,100,100105,100,99467,100,100110,100,99441,100
2019-06-28 10:07:14.208592228,99844,170,99797,170,99845,170,99747,170,99855,170,99672,170,99894,370,99669,170,99907,100,99641,100,99909,200,99570,100,99911,30,99566,100,100057,100,99478,100,100098,100,99467,100,100105,100,99441,100
2019-06-28 10:07:20.000000000,99844,240,99797,240,99845,240,99747,240,99855,100,99672,100,99894,300,99669,100,99907,100,99641,100,99909,200,99570,100,99911,30,99566,100,100057,100,99478,100,100098,100,99467,100,100105,100,99441,100
2019-06-28 10:07:30.000000000,99844,240,99797,240,99845,240,99747,240,99855,100,99672,100,99894,300,99669,100,99907,100,99641,100,99909,200,99570,100,99911,30,99566,100,100057,100,99478,100,100098,100,99467,100,100105,100,99441,100
2019-06-28 10:07:40.000000000,99844,381,99797,381,99845,100,99747,100,99855,100,99672,100,99894,300,99669,100,99907,100,99641,100,99909,200,99570,100,99911,30,99566,100,100057,100,99478,100,100098,100,99467,100,100105,100,99441,100
2019-06-28 10:07:43.150441872,99844,381,99827,100,99845,100,99797,381,99855,100,99747,100,99894,300,99672,100,99907,100,99669,100,99909,200,99641,100,99911,30,99570,100,100057,100,99566,100,100098,100,99478,100,100105,100,99467,100
2019-06-28 10:07:47.950076124,99844,281,99827,100,99845,100,99797,381,99855,100,99747,100,99894,300,99672,100,99907,100,99669,100,99909,200,99641,100,99911,30,99570,100,100057,100,99566,100,100098,100,99478,100,100105,100,99467,100
2019-06-28 10:07:49.125257406,99844,281,99827,100,99845,100,99797,381,99855,100,99747,100,99894,300,99672,100,99907,100,99669,100,99909,100,99641,100,99911,30,99570,100,100057,100,99566,100,100098,100,99478,100,100105,100,99467,100
2019-06-28 10:07:50.000000000,99845,240,99827,240,99855,240,99797,240,99894,300,99747,100,99907,100,99672,100,99909,100,99669,100,99911,30,99641,100,100057,100,99570,100,100098,100,99566,100,100105,100,99478,100,100110,100,99467,100
2019-06-28 10:08:00.000000000,99845,196,99827,196,99855,193,99797,193,99894,393,99747,193,99907,100,99672,100,99909,100,99669,100,99911,30,99641,100,100057,100,99570,100,100098,100,99566,100,100105,100,99478,100,100110,100,99467,100
