,ask_price_1,ask_size_1,bid_price_1,bid_size_1,ask_price_2,ask_size_2,bid_price_2,bid_size_2,ask_price_3,ask_size_3,bid_price_3,bid_size_3,ask_price_4,ask_size_4,bid_price_4,bid_size_4,ask_price_5,ask_size_5,bid_price_5,bid_size_5,ask_price_6,ask_size_6,bid_price_6,bid_size_6,ask_price_7,ask_size_7,bid_price_7,bid_size_7,ask_price_8,ask_size_8,bid_price_8,bid_size_8,ask_price_9,ask_size_9,bid_price_9,bid_size_9,ask_price_10,ask_size_10,bid_price_10,bid_size_10
2019-06-28 09:30:00.000000000,100170,100,,,,,,,,,,,,,,,,,,,,,,,,,,,,,,,,,,,,,,
2019-06-28 09:30:00.000000001,100170,100,99952,100,,,99949,100,,,,,,,,,,,,,,,,,,,,,,,,,,,,,,,,
2019-06-28 09:30:00.000000006,100078,100,99952,100,100170,100,99949,100,,,99895,100,,,,,,,,,,,,,,,,,,,,,,,,,,,,
2019-06-28 09:30:00.000000008,100078,100,99966,100,100170,100,99952,100,,,99949,100,,,99895,100,,,,,,,,,,,,,,,,,,,,,,,,
2019-06-28 09:30:00.000000010,100078,100,100006,100,100170,100,99966,100,,,99952,100,,,99949,100,,,99895,100,,,,,,,,,,,,,,,,,,,,
2019-06-28 09:30:00.000000011,100078,100,100006,100,100170,100,99966,100,,,99952,100,,,99949,100,,,99895,100,,,99861,100,,,,,,,,,,,,,,,,
2019-06-28 09:30:00.000000013,100041,100,100006,100,100078,100,99966,100,100170,100,99952,100,,,99949,100,,,99895,100,,,99876,100,,,99861,100,,,,,,,,,,,,
2019-06-28 09:30:00.000000014,100037,100,100006,100,100041,100,99966,100,100078,100,99952,100,100170,100,99949,100,,,99895,100,,,99876,100,,,99861,100,,,,,,,,,,,,
2019-06-28 09:30:00.000000016,100037,100,100017,100,100041,100,100006,100,100078,100,99966,100,100170,100,99952,100,,,99949,100,,,99895,100,,,99876,100,,,99861,100,,,,,,,,
2019-06-28 09:30:00.000000017,100037,100,100017,100,100041,100,100006,100,100049,100,99966,100,100051,100,99952,100,100078,100,99949,100,100170,100,99895,100,,,99876,100,,,99861,100,,,,,,,,
2019-06-28 09:30:00.000000018,100037,100,100017,100,100041,100,100006,100,100049,100,99983,100,100051,100,99966,100,100078,100,99952,100,100170,100,99949,100,,,99895,100,,,99876,100,,,99861,100,,,,
2019-06-28 09:30:00.000000019,100037,100,100017,100,100041,100,100006,100,100049,100,99983,100,100051,100,99966,100,100070,100,99952,100,100078,100,99949,100,100170,100,99895,100,,,99876,100,,,99861,100,,,,
2019-06-28 09:30:00.000000020,100037,100,100017,100,100041,100,100006,100,100049,100,99983,100,100051,100,99966,100,100054,100,99952,100,100070,100,99949,100,100078,100,99895,100,100170,100,99876,100,,,99861,100,,,,
2019-06-28 09:30:00.000000022,100037,100,100017,100,100041,100,100006,100,100049,100,99983,100,100051,100,99966,100,100054,100,99952,100,100070,100,99949,100,100078,100,99895,100,100170,100,99876,100,,,99864,100,,,99863,100
2019-06-28 09:30:00.000000023,100037,100,100006,100,100041,100,99983,100,100049,100,99966,100,100051,100,99952,100,100054,100,99949,100,100070,100,99895,100,100078,100,99876,100,100170,100,99864,100,,,99863,100,,,99861,100
2019-06-28 09:30:00.000000024,100037,100,100006,100,100041,100,99983,100,100049,100,99966,100,100051,100,99952,100,100054,100,99949,100,100070,100,99895,100,100078,100,99876,100,100170,100,99864,100,,,99863,100,,,99861,100
2019-06-28 09:30:00.000000026,100022,100,100006,100,100037,100,99983,100,100041,100,99966,100,100049,100,99952,100,100051,100,99949,100,100054,100,99895,100,100070,100,99876,100,100078,100,99864,100,100170,100,99863,100,,,99861,100
2019-06-28 09:30:00.000000029,100022,100,100006,100,100037,100,99983,100,100041,100,99969,100,100049,100,99966,100,100051,100,99952,100,100054,100,99949,100,100070,100,99896,100,100078,100,99895,100,100170,100,99876,100,,,99864,100
2019-06-28 09:30:00.000000030,100022,100,100006,100,100037,100,99983,100,100041,100,99969,100,100049,100,99966,100,100051,100,99952,100,100054,100,99949,100,100070,100,99932,100,100078,100,99896,100,100170,100,99895,100,,,99876,100
2019-06-28 09:30:00.000000031,100022,100,100006,100,100037,100,99983,100,100041,100,99969,100,100049,100,99966,100,100051,100,99952,100,100054,100,99949,100,100070,100,99932,100,100073,100,99896,100,100078,100,99895,100,100116,100,99876,100
2019-06-28 09:30:00.000000032,100022,100,100006,100,100037,100,99983,100,100041,100,99969,100,100049,100,99966,100,100051,100,99952,100,100054,100,99949,100,100070,100,99932,200,100073,100,99906,100,100078,100,99896,100,100116,100,99895,100
2019-06-28 09:30:00.000000033,100022,100,100006,100,100037,100,99983,100,100041,100,99969,100,100049,100,99966,100,100051,100,99952,100,100054,100,99949,100,100070,100,99932,200,100073,100,99916,100,100078,100,99906,100,100116,100,99896,100
2019-06-28 09:30:00.000000035,100022,100,100006,100,100025,100,99983,100,100037,100,99969,100,100041,100,99966,100,100049,100,99952,100,100051,100,99949,100,100054,100,99932,200,100070,100,99916,100,100073,100,99906,100,100078,100,99896,100
2019-06-28 09:30:00.000000038,100022,100,100006,100,100025,100,99983,100,100037,100,99969,100,100041,100,99966,100,100049,100,99952,100,100051,100,99949,100,100054,100,99932,200,100070,100,99916,100,100073,100,99906,100,100078,100,99896,100
2019-06-28 09:30:00.000000039,100022,100,100006,100,100025,100,99983,100,100037,100,99969,100,100041,100,99966,100,100047,100,99952,100,100049,100,99949,100,100051,100,99932,200,100054,100,99916,100,100070,100,99906,100,100073,100,99896,100
2019-06-28 09:30:00.000000041,100020,100,100006,100,100022,100,99983,100,100025,100,99975,100,100037,100,99969,100,100041,100,99966,100,100047,100,99952,100,100049,100,99949,100,100051,100,99932,200,100054,100,99916,100,100070,100,99906,100
2019-06-28 09:30:00.000000044,100020,100,100006,100,100022,100,99989,100,100025,100,99983,100,100037,100,99975,100,100041,100,99969,100,100047,100,99966,200,100049,100,99952,100,100051,100,99949,100,100054,100,99932,200,100070,100,99916,100
2019-06-28 09:30:00.000000045,100020,100,100006,100,100022,100,99989,100,100025,100,99983,100,100037,100,99975,100,100041,100,99969,100,100047,100,99966,200,100049,100,99952,100,100051,100,99949,100,100054,100,99932,200,100070,100,99928,100
2019-06-28 09:30:00.000000049,100020,100,100006,100,100022,100,99989,100,100025,100,99983,100,100037,100,99975,100,100041,100,99969,100,100047,100,99966,200,100049,100,99952,100,100051,100,99949,100,100054,100,99932,200,100070,100,99928,100
2019-06-28 09:30:00.000000053,100020,100,100006,100,100022,100,99989,100,100025,100,99983,100,100037,100,99975,100,100041,100,99969,100,100047,100,99966,200,100049,100,99952,100,100051,100,99949,100,100054,100,99932,200,100070,100,99928,100
2019-06-28 09:30:00.000000054,100020,100,100006,100,100022,100,99989,100,100025,100,99983,100,100037,100,99975,100,100041,100,99969,100,100043,100,99966,200,100047,100,99952,100,100049,100,99949,100,100051,100,99932,200,100054,100,99928,100
2019-06-28 09:30:00.000000055,100020,100,100006,100,100022,100,99989,100,100025,100,99983,100,100037,100,99975,100,100041,100,99969,100,100043,100,99966,200,100047,100,99952,100,100049,100,99949,100,100051,100,99932,200,100054,100,99928,100
2019-06-28 09:30:00.000000056,100020,100,100006,100,100022,100,99989,100,100025,100,99983,100,100037,100,99975,100,100041,100,99969,100,100043,100,99966,200,100045,100,99952,100,100047,100,99949,100,100049,100,99932,200,100051,100,99928,100
2019-06-28 09:30:00.000000058,100020,100,100006,100,100022,100,99989,100,100025,100,99985,100,100037,100,99983,100,100041,100,99975,100,100043,100,99969,100,100045,100,99966,200,100047,100,99952,100,100049,100,99949,100,100051,100,99932,200
2019-06-28 09:30:00.000000061,100020,100,100006,100,100021,100,99989,100,100022,100,99985,100,100025,100,99983,100,100037,100,99975,100,100041,100,99969,100,100043,100,99966,200,100045,100,99952,100,100047,100,99949,100,100049,100,99932,200
2019-06-28 09:30:00.000000062,100020,100,100006,100,100021,100,99989,100,100022,100,99985,100,100025,100,99983,100,100037,100,99975,100,100041,100,99969,100,100043,100,99966,200,100045,100,99952,100,100047,100,99949,100,100049,100,99932,200
2019-06-28 09:30:00.000000063,100020,100,100006,100,100021,100,99989,100,100022,100,99985,100,100025,100,99983,100,100037,100,99975,100,100041,100,99969,100,100043,100,99966,200,100045,100,99952,100,100047,100,99949,100,100049,100,99932,200
2019-06-28 09:30:00.000000064,100020,100,100006,100,100021,100,99989,100,100022,100,99985,100,100025,100,99983,100,100037,100,99975,100,100041,100,99969,100,100043,100,99966,200,100045,100,99954,100,100047,100,99952,100,100049,100,99949,100
2019-06-28 09:30:00.000000066,100009,100,100006,100,100020,100,99989,100,100021,100,99985,100,100022,100,99983,100,100025,100,99975,100,100037,100,99969,100,100041,100,99966,200,100043,100,99954,100,100045,100,99952,100,100047,100,99949,100
2019-06-28 09:30:00.000000068,100009,100,100006,100,100020,100,99989,100,100021,100,99985,100,100022,100,99983,100,100025,100,99975,100,100037,100,99969,100,100041,100,99966,200,100043,100,99954,100,100045,100,99952,100,100047,100,99949,100
2019-06-28 09:30:00.000000069,100009,100,100006,100,100020,100,99989,100,100021,100,99985,100,100022,100,99983,100,100025,100,99975,100,100037,100,99969,100,100041,100,99966,200,100043,100,99954,100,100045,100,99952,100,100047,100,99949,100
2019-06-28 09:30:00.000000071,100009,100,100006,100,100020,100,99989,100,100021,100,99985,100,100022,100,99983,100,100025,100,99980,100,100037,100,99975,100,100041,100,99969,100,100043,100,99966,200,100045,100,99954,100,100047,100,99952,100
2019-06-28 09:30:00.000000073,100009,100,99989,100,100020,100,99985,100,100021,100,99983,100,100022,100,99980,100,100025,100,99975,100,100037,100,99969,100,100041,100,99966,200,100043,100,99954,100,100045,100,99952,100,100047,100,99949,100
2019-06-28 09:30:00.000000075,100009,100,99989,100,100020,100,99985,100,100021,100,99983,100,100022,100,99982,100,100025,100,99980,100,100037,100,99975,100,100041,100,99969,100,100043,100,99966,200,100045,100,99954,100,100047,100,99952,100
2019-06-28 09:30:00.000000083,100009,100,99989,100,100020,100,99985,100,100021,100,99983,100,100022,100,99982,100,100025,100,99980,100,100037,100,99975,100,100041,100,99969,100,100043,100,99966,200,100045,100,99954,100,100047,100,99952,100
2019-06-28 09:30:00.000000086,100009,100,99989,100,100020,100,99985,100,100021,100,99983,100,100022,100,99982,100,100025,100,99980,100,100037,100,99978,100,100041,100,99975,100,100043,100,99969,100,100045,100,99966,200,100047,100,99954,100
2019-06-28 09:30:00.000000090,100009,100,100006,100,100020,100,99989,100,100021,100,99985,100,100022,100,99983,100,100025,100,99982,100,100037,100,99980,100,100041,100,99978,100,100043,100,99975,100,100045,100,99969,100,100047,100,99966,200
2019-06-28 09:30:00.000000092,100009,100,100006,100,100020,100,99989,100,100021,100,99985,100,100022,100,99983,100,100025,100,99982,100,100037,100,99980,100,100041,100,99978,100,100043,100,99975,100,100045,100,99969,100,100047,100,99966,200
2019-06-28 09:30:00.000000093,100009,100,99989,100,100020,100,99985,100,100021,100,99983,100,100022,100,99982,100,100025,100,99980,100,100037,100,99978,100,100041,100,99975,100,100043,100,99969,100,100045,100,99966,200,100047,100,99954,100
2019-06-28 09:30:00.000000096,100009,100,99989,100,100020,100,99985,100,100021,100,99983,100,100022,100,99982,100,100025,100,99980,100,100037,100,99978,100,100041,100,99975,100,100043,100,99969,100,100045,100,99966,200,100047,100,99954,100
2019-06-28 09:30:00.000000097,100009,100,99989,100,100020,100,99985,100,100021,100,99983,100,100022,100,99982,100,100025,100,99980,100,100037,100,99978,100,100041,100,99975,100,100043,100,99969,100,100045,100,99966,200,100047,100,99954,100
2019-06-28 09:30:00.000000098,100009,100,99989,100,100020,100,99985,200,100021,100,99983,100,100022,100,99982,100,100025,100,99980,100,100037,100,99978,100,100041,100,99975,100,100043,100,99969,100,100045,100,99966,200,100047,100,99954,100
2019-06-28 09:30:05.364021558,100006,100,99989,100,100009,100,99985,200,100020,100,99983,100,100021,100,99982,100,100022,100,99980,100,100025,100,99978,100,100037,100,99975,100,100041,100,99969,100,100043,100,99966,200,100045,100,99954,100
2019-06-28 09:30:10.000000000,100006,183,99989,183,100009,183,99985,283,100020,183,99983,183,100021,183,99982,183,100022,183,99980,183,100025,100,99978,100,100037,100,99975,100,100041,100,99969,100,100043,100,99966,200,100045,100,99954,100
2019-06-28 09:30:20.000000000,100006,204,99989,204,100009,204,99985,304,100020,204,99983,204,100021,204,99982,204,100022,100,99980,100,100025,100,99978,100,100037,100,99975,100,100041,100,99969,100,100043,100,99966,200,100045,100,99954,100
2019-06-28 09:30:30.000000000,100006,308,99989,308,100009,308,99985,408,100020,100,99983,100,100021,100,99982,100,100022,100,99980,100,100025,100,99978,100,100037,100,99975,100,100041,100,99969,100,100043,100,99966,200,100045,100,99954,100
2019-06-28 09:30:36.787243173,100006,208,99989,308,100009,308,99985,408,100020,100,99983,100,100021,100,99982,100,100022,100,99980,100,100025,100,99978,100,100037,100,99975,100,100041,100,99969,100,100043,100,99966,200,100045,100,99954,100
2019-06-28 09:30:40.000000000,100009,308,99989,308,100020,308,99985,408,100021,100,99983,100,100022,100,99982,100,100025,100,99980,100,100037,100,99978,100,100041,100,99975,100,100043,100,99969,100,100045,100,99966,200,100047,100,99954,100
2019-06-28 09:30:50.000000000,100009,241,99989,241,100020,237,99985,337,100021,237,99983,237,100022,100,99982,100,100025,100,99980,100,100037,100,99978,100,100041,100,99975,100,100043,100,99969,100,100045,100,99966,200,100047,100,99954,100
2019-06-28 09:31:00.000000000,100009,241,99989,241,100020,237,99985,337,100021,237,99983,237,100022,100,99982,100,100025,100,99980,100,100037,100,99978,100,100041,100,99975,100,100043,100,99969,100,100045,100,99966,200,100047,100,99954,100
2019-06-28 09:31:10.000000000,100009,516,99989,516,100020,100,99985,200,100021,100,99983,100,100022,100,99982,100,100025,100,99980,100,100037,100,99978,100,100041,100,99975,100,100043,100,99969,100,100045,100,99966,200,100047,100,99954,100
2019-06-28 09:31:20.000000000,100009,516,99989,516,100020,100,99985,200,100021,100,99983,100,100022,100,99982,100,100025,100,99980,100,100037,100,99978,100,100041,100,99975,100,100043,100,99969,100,100045,100,99966,200,100047,100,99954,100
2019-06-28 09:31:26.333492676,100009,516,99989,516,100020,100,99985,200,100021,100,99983,100,100022,100,99982,100,100025,100,99980,100,100037,100,99978,100,100041,100,99975,100,100043,100,99969,100,100045,100,99966,200,100047,100,99954,100
2019-06-28 09:31:30.000000000,100009,516,99989,516,100020,100,99985,200,100021,100,99983,100,100022,100,99982,100,100025,100,99980,100,100037,100,99978,100,100041,100,99975,100,100043,100,99969,100,100045,100,99966,200,100047,100,99954,100
2019-06-28 09:31:40.000000000,100009,516,99989,516,100020,100,99985,200,100021,100,99983,100,100022,100,99982,100,100025,100,99980,100,100037,100,99978,100,100041,100,99975,100,100043,100,99969,100,100045,100,99966,200,100047,100,99954,100
2019-06-28 09:31:50.000000000,100009,308,99989,308,100020,308,99985,408,100021,100,99983,100,100022,100,99982,100,100025,100,99980,100,100037,100,99978,100,100041,100,99975,100,100043,100,99969,100,100045,100,99966,200,100047,100,99954,100
2019-06-28 09:31:55.822233973,100009,308,99989,308,100020,308,99985,408,100021,100,99983,100,100022,100,99982,100,100025,100,99980,100,100037,100,99978,100,100041,100,99975,100,100043,100,99969,100,100045,100,99966,200,100047,100,99954,100
2019-06-28 09:32:00.000000000,100009,516,99989,516,100020,100,99985,200,100021,100,99983,100,100022,100,99982,100,100025,100,99980,100,100037,100,99978,100,100041,100,99975,100,100043,100,99969,100,100045,100,99966,200,100047,100,99954,100
2019-06-28 09:32:00.768893167,100009,416,99989,516,100020,100,99985,200,100021,100,99983,100,100022,100,99982,100,100025,100,99980,100,100037,100,99978,100,100041,100,99975,100,100043,100,99969,100,100047,100,99966,200,100049,100,99954,100
2019-06-28 09:32:04.087635614,100009,316,99989,516,100020,100,99985,200,100021,100,99983,100,100022,100,99982,100,100025,100,99980,100,100037,100,99978,100,100041,100,99975,100,100043,100,99969,100,100047,100,99966,200,100049,100,99954,100
2019-06-28 09:32:10.000000000,100020,308,99989,308,100021,308,99985,408,100022,100,99983,100,100025,100,99982,100,100037,100,99980,100,100041,100,99978,100,100043,100,99975,100,100047,100,99969,100,100049,100,99966,200,100051,100,99954,100
2019-06-28 09:32:20.000000000,100020,241,99989,241,100021,237,99985,337,100022,237,99983,237,100025,100,99982,100,100037,100,99980,100,100041,100,99978,100,100043,100,99975,100,100047,100,99969,100,100049,100,99966,200,100051,100,99954,100
2019-06-28 09:32:30.000000000,100020,308,99989,308,100021,308,99985,408,100022,100,99983,100,100025,100,99982,100,100037,100,99980,100,100041,100,99978,100,100043,100,99975,100,100047,100,99969,100,100049,100,99966,200,100051,100,99954,100
2019-06-28 09:32:35.487827840,100020,308,99989,308,100021,308,99985,408,100022,100,99983,100,100025,100,99982,100,100037,100,99980,100,100041,100,99978,100,100043,100,99975,100,100047,100,99969,100,100049,100,99966,200,100051,100,99954,100
2019-06-28 09:32:40.000000000,100020,183,99989,183,100021,183,99985,283,100022,183,99983,183,100025,183,99982,183,100037,183,99980,183,100041,100,99978,100,100043,100,99975,100,100047,100,99969,100,100049,100,99966,200,100051,100,99954,100
2019-06-28 09:32:50.000000000,100020,183,99989,183,100021,183,99985,283,100022,183,99983,183,100025,183,99982,183,100037,183,99980,183,100041,100,99978,100,100043,100,99975,100,100047,100,99969,100,100049,100,99966,200,100051,100,99954,100
2019-06-28 09:33:00.000000000,100020,183,99989,183,100021,183,99985,283,100022,183,99983,183,100025,183,99982,183,100037,183,99980,183,100041,100,99978,100,100043,100,99975,100,100047,100,99969,100,100049,100,99966,200,100051,100,99954,100
2019-06-28 09:33:05.243598351,100020,183,99989,183,100021,83,99985,283,100022,183,99983,183,100025,183,99982,183,100037,183,99980,183,100041,100,99978,100,100043,100,99975,100,100047,100,99969,100,100049,100,99966,200,100051,100,99954,100
2019-06-28 09:33:10.000000000,100020,204,99989,204,100022,204,99985,304,100025,204,99983,204,100037,204,99982,204,100041,100,99980,100,100043,100,99978,100,100047,100,99975,100,100049,100,99969,100,100051,100,99966,200,100054,200,99954,100
2019-06-28 09:33:16.499051153,100020,104,99989,204,100022,204,99985,304,100025,204,99983,204,100037,204,99982,204,100041,100,99980,100,100043,100,99978,100,100047,100,99975,100,100049,100,99969,100,100051,100,99966,200,100054,200,99954,100
2019-06-28 09:33:20.000000000,100022,183,99989,183,100025,183,99985,283,100037,183,99983,183,100041,183,99982,183,100043,183,99980,183,100047,100,99978,100,100049,100,99975,100,100051,100,99969,100,100054,200,99966,200,100061,100,99954,100
2019-06-28 09:33:30.000000000,100022,241,99989,241,100025,237,99985,337,100037,237,99983,237,100041,100,99982,100,100043,100,99980,100,100047,100,99978,100,100049,100,99975,100,100051,100,99969,100,100054,200,99966,200,100061,100,99954,100
2019-06-28 09:33:31.685637469,100022,241,99989,241,100025,237,99985,337,100037,237,99983,237,100041,100,99982,100,100043,100,99980,100,100047,100,99978,100,100049,100,99975,100,100051,100,99969,100,100054,200,99966,200,100061,100,99954,100
2019-06-28 09:33:40.000000000,100022,308,99989,308,100025,308,99985,408,100037,100,99983,100,100041,100,99982,100,100043,100,99980,100,100047,100,99978,100,100049,100,99975,100,100051,100,99969,100,100054,200,99966,200,100061,100,99954,100
2019-06-28 09:33:41.538011995,100022,208,99989,308,100025,308,99985,408,100037,100,99983,100,100041,100,99982,100,100043,100,99980,100,100047,100,99978,100,100049,100,99975,100,100051,100,99969,100,100054,200,99966,200,100061,100,99954,100
2019-06-28 09:33:41.565997951,100022,208,99989,308,100025,308,99985,408,100037,100,99983,100,100041,100,99982,100,100043,100,99980,100,100047,100,99978,100,100049,100,99975,100,100051,100,99969,100,100054,100,99966,200,100061,100,99954,100
2019-06-28 09:33:50.000000000,100025,183,99989,183,100037,183,99985,283,100041,183,99983,183,100043,183,99982,183,100047,183,99980,183,100049,100,99978,100,100051,100,99975,100,100054,100,99969,100,100061,100,99966,200,100070,100,99954,100
2019-06-28 09:33:51.250800908,100025,183,100020,100,100037,183,99989,183,100041,183,99985,283,100043,183,99983,183,100047,83,99982,183,100049,100,99980,183,100051,100,99978,100,100054,100,99975,100,100061,100,99969,100,100070,100,99966,200
2019-06-28 09:34:00.000000000,100025,516,100020,516,100037,100,99989,100,100041,100,99985,200,100043,100,99983,100,100049,100,99982,100,100051,100,99980,100,100054,100,99978,100,100061,100,99975,100,100070,100,99969,100,100073,100,99966,200
2019-06-28 09:34:00.786814954,100025,416,100020,516,100037,100,99989,100,100041,100,99985,100,100043,100,99983,100,100049,100,99982,100,100051,100,99980,100,100054,100,99978,100,100061,100,99975,100,100070,100,99969,100,100073,100,99966,200
2019-06-28 09:34:10.000000000,100037,183,100020,183,100041,183,99989,183,100043,183,99985,183,100049,183,99983,183,100051,183,99982,183,100054,100,99980,100,100061,100,99978,100,100070,100,99975,100,100073,100,99969,100,100078,100,99966,200
2019-06-28 09:34:20.000000000,100037,204,100020,204,100041,204,99989,204,100043,204,99985,204,100049,204,99983,204,100051,100,99982,100,100054,100,99980,100,100061,100,99978,100,100070,100,99975,100,100073,100,99969,100,100078,100,99966,200
2019-06-28 09:34:22.014659494,100037,204,100022,100,100041,204,100020,204,100043,204,99989,204,100049,204,99985,204,100051,100,99983,204,100054,100,99982,100,100061,100,99980,100,100070,100,99978,100,100073,100,99975,100,100078,100,99969,100
2019-06-28 09:34:30.000000000,100037,204,100022,204,100041,204,100020,204,100043,204,99989,204,100049,204,99985,204,100051,100,99983,100,100054,100,99982,100,100061,100,99980,100,100070,100,99978,100,100073,100,99975,100,100078,100,99969,100
2019-06-28 09:34:39.647291560,100037,204,100022,304,100041,204,100020,204,100043,204,99989,204,100049,204,99985,204,100051,100,99983,100,100054,100,99982,100,100061,100,99980,100,100070,100,99978,100,100073,100,99975,100,100078,100,99969,100
2019-06-28 09:34:40.000000000,100037,516,100022,616,100041,100,100020,100,100043,100,99989,100,100049,100,99985,100,100051,100,99983,100,100054,100,99982,100,100061,100,99980,100,100070,100,99978,100,100073,100,99975,100,100078,100,99969,100
2019-06-28 09:34:50.000000000,100037,241,100022,341,100041,237,100020,237,100043,237,99989,237,100049,100,99985,100,100051,100,99983,100,100054,100,99982,100,100061,100,99980,100,100070,100,99978,100,100073,100,99975,100,100078,100,99969,100
2019-06-28 09:35:00.000000000,100037,241,100022,341,100041,237,100020,237,100043,237,99989,237,100049,100,99985,100,100051,100,99983,100,100054,100,99982,100,100061,100,99980,100,100070,100,99978,100,100073,100,99975,100,100078,100,99969,100
2019-06-28 09:35:09.292778992,100037,241,100022,241,100041,237,100020,237,100043,237,99989,237,100049,100,99985,100,100051,100,99983,100,100054,100,99982,100,100061,100,99980,100,100070,100,99978,100,100073,100,99975,100,100078,100,99969,100
2019-06-28 09:35:10.000000000,100037,183,100022,183,100041,183,100020,183,100043,183,99989,183,100049,183,99985,183,100051,183,99983,183,100054,100,99982,100,100061,100,99980,100,100070,100,99978,100,100073,100,99975,100,100078,100,99969,100
2019-06-28 09:35:20.000000000,100037,183,100022,183,100041,183,100020,183,100043,183,99989,183,100049,183,99985,183,100051,183,99983,183,100054,100,99982,100,100061,100,99980,100,100070,100,99978,100,100073,100,99975,100,100078,100,99969,100
2019-06-28 09:35:20.256952746,100037,183,100022,283,100041,183,100020,183,100043,183,99989,183,100049,183,99985,183,100051,183,99983,183,100054,100,99982,100,100061,100,99980,100,100070,100,99978,100,100073,100,99975,100,100078,100,99969,100
2019-06-28 09:35:25.182583680,100037,183,100022,283,100041,183,100020,183,100043,183,99989,183,100049,183,99985,183,100051,183,99983,183,100054,100,99982,100,100061,100,99980,100,100070,100,99978,100,100078,100,99975,100,100103,100,99969,100
2019-06-28 09:35:30.000000000,100037,241,100022,341,100041,237,100020,237,100043,237,99989,237,100049,100,99985,100,100051,100,99983,100,100054,100,99982,100,100061,100,99980,100,100070,100,99978,100,100078,100,99975,100,100103,100,99969,100
2019-06-28 09:35:40.000000000,100037,204,100022,304,100041,204,100020,204,100043,204,99989,204,100049,204,99985,204,100051,100,99983,100,100054,100,99982,100,100061,100,99980,100,100070,100,99978,100,100078,100,99975,100,100103,100,99969,100
2019-06-28 09:35:47.009124341,100037,204,100022,304,100041,204,100020,204,100043,204,99989,204,100049,204,99985,204,100051,100,99983,100,100054,100,99982,100,100061,100,99980,100,100070,100,99978,100,100078,100,99975,100,100103,100,99969,100
2019-06-28 09:35:50.000000000,100037,516,100022,616,100041,100,100020,100,100043,100,99989,100,100049,100,99985,100,100051,100,99983,100,100054,100,99982,100,100061,100,99980,100,100070,100,99978,100,100078,100,99975,100,100103,100,99969,100
2019-06-28 09:36:00.000000000,100037,204,100022,304,100041,204,100020,204,100043,204,99989,204,100049,204,99985,204,100051,100,99983,100,100054,100,99982,100,100061,100,99980,100,100070,100,99978,100,100078,100,99975,100,100103,100,99969,100
2019-06-28 09:36:02.667172451,100037,204,100022,304,100041,204,100020,204,100043,204,99989,204,100049,204,99985,204,100051,100,99983,100,100054,100,99982,100,100061,100,99980,100,100070,100,99975,100,100078,100,99969,100,100103,100,99966,200
2019-06-28 09:36:10.000000000,100037,183,100022,283,100041,183,100020,183,100043,183,99989,183,100049,183,99985,183,100051,183,99983,183,100054,100,99982,100,100061,100,99980,100,100070,100,99975,100,100078,100,99969,100,100103,100,99966,200
2019-06-28 09:36:20.000000000,100037,204,100022,304,100041,204,100020,204,100043,204,99989,204,100049,204,99985,204,100051,100,99983,100,100054,100,99982,100,100061,100,99980,100,100070,100,99975,100,100078,100,99969,100,100103,100,99966,200
2019-06-28 09:36:30.000000000,100037,308,100022,408,100041,308,100020,308,100043,100,99989,100,100049,100,99985,100,100051,100,99983,100,100054,100,99982,100,100061,100,99980,100,100070,100,99975,100,100078,100,99969,100,100103,100,99966,200
2019-06-28 09:36:40.000000000,100037,204,100022,304,100041,204,100020,204,100043,204,99989,204,100049,204,99985,204,100051,100,99983,100,100054,100,99982,100,100061,100,99980,100,100070,100,99975,100,100078,100,99969,100,100103,100,99966,200
2019-06-28 09:36:50.000000000,100037,183,100022,283,100041,183,100020,183,100043,183,99989,183,100049,183,99985,183,100051,183,99983,183,100054,100,99982,100,100061,100,99980,100,100070,100,99975,100,100078,100,99969,100,100103,100,99966,200
2019-06-28 09:37:00.000000000,100037,308,100022,408,100041,308,100020,308,100043,100,99989,100,100049,100,99985,100,100051,100,99983,100,100054,100,99982,100,100061,100,99980,100,100070,100,99975,100,100078,100,99969,100,100103,100,99966,200
2019-06-28 09:37:10.000000000,100037,241,100022,341,100041,237,100020,237,100043,237,99989,237,100049,100,99985,100,100051,100,99983,100,100054,100,99982,100,100061,100,99980,100,100070,100,99975,100,100078,100,99969,100,100103,100,99966,200
2019-06-28 09:37:11.586034020,100037,241,100022,341,100041,237,100020,237,100043,237,99989,237,100049,100,99985,100,100051,100,99983,100,100054,100,99982,100,100061,100,99980,100,100070,100,99975,100,100078,100,99969,100,100103,100,99966,200
2019-06-28 09:37:20.000000000,100037,308,100022,408,100041,308,100020,308,100043,100,99989,100,100049,100,99985,100,100051,100,99983,100,100054,100,99982,100,100061,100,99980,100,100070,100,99975,100,100078,100,99969,100,100103,100,99966,200
2019-06-28 09:37:23.935943272,100037,208,100022,408,100041,308,100020,308,100043,100,99989,100,100049,100,99985,100,100051,100,99983,100,100054,100,99982,100,100061,100,99980,100,100070,100,99975,100,100078,100,99969,100,100103,100,99966,200
2019-06-28 09:37:27.341476169,100037,208,100025,100,100041,308,100022,408,100043,100,100020,308,100049,100,99989,100,100051,100,99985,100,100054,100,99983,100,100061,100,99982,100,100070,100,99980,100,100078,100,99975,100,100103,100,99969,100
2019-06-28 09:37:28.586684190,100037,208,100025,100,100041,308,100022,408,100043,100,100020,308,100049,100,99989,100,100051,100,99985,100,100054,100,99983,100,100061,100,99982,100,100070,100,99980,100,100078,100,99975,100,100105,100,99969,100
2019-06-28 09:37:28.763319166,100036,100,100025,100,100037,208,100022,408,100041,308,100020,308,100043,100,99989,100,100049,100,99985,100,100051,100,99983,100,100054,100,99982,100,100061,100,99980,100,100070,100,99975,100,100078,100,99969,100
2019-06-28 09:37:30.000000000,100036,308,100025,308,100041,308,100022,408,100043,100,100020,100,100049,100,99989,100,100051,100,99985,100,100054,100,99983,100,100061,100,99982,100,100070,100,99980,100,100078,100,99975,100,100105,100,99969,100
2019-06-28 09:37:33.020592826,100036,308,100025,308,100041,308,100022,408,100043,100,100020,100,100049,100,99989,100,100051,100,99985,100,100054,100,99983,100,100061,100,99982,100,100070,100,99980,100,100078,100,99975,100,100102,100,99969,100
2019-06-28 09:37:40.000000000,100036,183,100025,183,100041,183,100022,283,100043,183,100020,183,100049,183,99989,183,100051,183,99985,183,100054,100,99983,100,100061,100,99982,100,100070,100,99980,100,100078,100,99975,100,100102,100,99969,100
2019-06-28 09:37:45.520876171,100036,83,100025,183,100041,183,100022,283,100043,183,100020,183,100049,183,99989,183,100051,183,99985,183,100054,100,99983,100,100061,100,99982,100,100070,100,99980,100,100078,100,99975,100,100102,100,99969,100
2019-06-28 09:37:48.331496672,100036,83,100025,183,100041,183,100022,283,100043,183,100020,183,100049,183,99989,183,100051,183,99985,183,100054,100,99983,100,100061,100,99982,100,100070,100,99980,100,100078,100,99975,100,100102,100,99969,100
2019-06-28 09:37:50.000000000,100041,204,100025,204,100043,204,100022,304,100049,204,100020,204,100051,204,99989,204,100054,100,99985,100,100061,100,99983,100,100070,100,99982,100,100078,100,99980,100,100102,100,99975,100,100105,100,99969,100
2019-06-28 09:37:55.121438766,100041,104,100025,204,100043,204,100022,304,100049,204,100020,204,100051,204,99989,204,100054,100,99985,100,100061,100,99983,100,100070,100,99982,100,100078,100,99980,100,100102,100,99975,100,100105,100,99969,100
2019-06-28 09:38:00.000000000,100043,308,100025,308,100049,308,100022,408,100051,100,100020,100,100054,100,99989,100,100061,100,99985,100,100070,100,99983,100,100078,100,99982,100,100102,100,99980,100,100105,100,99975,100,100116,100,99969,100
2019-06-28 09:38:10.000000000,100043,516,100025,516,100049,100,100022,200,100051,100,100020,100,100054,100,99989,100,100061,100,99985,100,100070,100,99983,100,100078,100,99982,100,100102,100,99980,100,100105,100,99975,100,100116,100,99969,100
2019-06-28 09:38:20.000000000,100043,516,100025,516,100049,100,100022,200,100051,100,100020,100,100054,100,99989,100,100061,100,99985,100,100070,100,99983,100,100078,100,99982,100,100102,100,99980,100,100105,100,99975,100,100116,100,99969,100
2019-06-28 09:38:30.000000000,100043,241,100025,241,100049,237,100022,337,100051,237,100020,237,100054,100,99989,100,100061,100,99985,100,100070,100,99983,100,100078,100,99982,100,100102,100,99980,100,100105,100,99975,100,100116,100,99969,100
2019-06-28 09:38:40.000000000,100043,241,100025,241,100049,237,100022,337,100051,237,100020,237,100054,100,99989,100,100061,100,99985,100,100070,100,99983,100,100078,100,99982,100,100102,100,99980,100,100105,100,99975,100,100116,100,99969,100
2019-06-28 09:38:50.000000000,100043,204,100025,204,100049,204,100022,304,100051,204,100020,204,100054,204,99989,204,100061,100,99985,100,100070,100,99983,100,100078,100,99982,100,100102,100,99980,100,100105,100,99975,100,100116,100,99969,100
2019-06-28 09:39:00.000000000,100043,241,100025,241,100049,237,100022,337,100051,237,100020,237,100054,100,99989,100,100061,100,99985,100,100070,100,99983,100,100078,100,99982,100,100102,100,99980,100,100105,100,99975,100,100116,100,99969,100
2019-06-28 09:39:10.000000000,100043,183,100025,183,100049,183,100022,283,100051,183,100020,183,100054,183,99989,183,100061,183,99985,183,100070,100,99983,100,100078,100,99982,100,100102,100,99980,100,100105,100,99975,100,100116,100,99969,100
2019-06-28 09:39:16.261949812,100035,100,100025,183,100043,183,100022,183,100049,183,100020,183,100051,183,99989,183,100054,183,99985,183,100061,183,99983,100,100070,100,99982,100,100078,100,99980,100,100102,100,99975,100,100105,100,99969,100
2019-06-28 09:39:20.000000000,100035,308,100025,308,100043,308,100022,308,100049,100,100020,100,100051,100,99989,100,100054,100,99985,100,100061,100,99983,100,100070,100,99982,100,100078,100,99980,100,100102,100,99975,100,100105,100,99969,100
2019-06-28 09:39:30.000000000,100035,241,100025,241,100043,237,100022,237,100049,237,100020,237,100051,100,99989,100,100054,100,99985,100,100061,100,99983,100,100070,100,99982,100,100078,100,99980,100,100102,100,99975,100,100105,100,99969,100
2019-06-28 09:39:33.901043772,100035,241,100025,241,100043,237,100022,237,100049,237,100020,237,100051,100,99989,100,100054,100,99985,100,100061,100,99983,100,100070,100,99982,100,100078,100,99980,100,100102,100,99975,100,100105,100,99969,100
2019-06-28 09:39:40.000000000,100035,241,100025,241,100043,237,100022,237,100049,237,100020,237,100051,100,99989,100,100054,100,99985,100,100061,100,99983,100,100070,100,99982,100,100078,100,99980,100,100102,100,99975,100,100105,100,99969,100
2019-06-28 09:39:43.231195403,100035,241,100025,141,100043,237,100022,237,100049,237,100020,237,100051,100,99989,100,100054,100,99985,100,100061,100,99983,100,100070,100,99982,100,100078,100,99980,100,100102,100,99975,100,100105,100,99969,100
2019-06-28 09:39:44.749187556,100034,100,100025,141,100035,241,100022,137,100043,237,100020,237,100049,237,99989,100,100051,100,99985,100,100054,100,99983,100,100061,100,99982,100,100070,100,99980,100,100078,100,99975,100,100102,100,99969,100
2019-06-28 09:39:50.000000000,100034,516,100020,516,100035,100,99989,100,100043,100,99985,100,100049,100,99983,100,100051,100,99982,100,100054,100,99980,100,100061,100,99975,100,100070,100,99969,100,100078,100,99966,100,100102,100,99949,100
2019-06-28 09:40:00.000000000,100034,204,100020,204,100035,204,99989,204,100043,204,99985,204,100049,204,99983,204,100051,100,99982,100,100054,100,99980,100,100061,100,99975,100,100070,100,99969,100,100078,100,99966,100,100102,100,99949,100
2019-06-28 09:40:07.655626980,100034,204,100020,204,100035,204,99989,204,100043,204,99985,204,100049,204,99983,104,100051,100,99982,100,100054,100,99980,100,100061,100,99975,100,100070,100,99969,100,100078,100,99966,100,100102,100,99949,100
2019-06-28 09:40:10.000000000,100034,308,100020,308,100035,308,99989,308,100043,100,99985,100,100049,100,99982,100,100051,100,99980,100,100054,100,99975,100,100061,100,99969,100,100070,100,99966,100,100078,100,99949,100,100102,100,99933,100
2019-06-28 09:40:20.000000000,100034,204,100020,204,100035,204,99989,204,100043,204,99985,204,100049,204,99982,204,100051,100,99980,100,100054,100,99975,100,100061,100,99969,100,100070,100,99966,100,100078,100,99949,100,100102,100,99933,100
2019-06-28 09:40:21.210780738,100034,204,100020,104,100035,204,99989,204,100043,204,99985,204,100049,204,99982,204,100051,100,99980,100,100054,100,99975,100,100061,100,99969,100,100070,100,99966,100,100078,100,99949,100,100102,100,99933,100
2019-06-28 09:40:21.452881860,100034,204,100020,104,100035,204,99989,204,100043,204,99985,204,100049,204,99982,204,100051,100,99980,100,100054,100,99975,100,100061,100,99969,100,100070,100,99966,100,100078,100,99949,100,100102,100,99933,100
2019-06-28 09:40:30.000000000,100034,204,99989,204,100035,204,99985,204,100043,204,99982,204,100049,204,99980,204,100051,100,99975,100,100054,100,99969,100,100061,100,99966,100,100070,100,99949,100,100078,100,99933,100,100102,100,99932,100
2019-06-28 09:40:40.000000000,100034,241,99989,241,100035,237,99985,237,100043,237,99982,237,100049,100,99980,100,100051,100,99975,100,100054,100,99969,100,100061,100,99966,100,100070,100,99949,100,100078,100,99933,100,100102,100,99932,100
2019-06-28 09:40:50.000000000,100034,241,99989,241,100035,237,99985,237,100043,237,99982,237,100049,100,99980,100,100051,100,99975,100,100054,100,99969,100,100061,100,99966,100,100070,100,99949,100,100078,100,99933,100,100102,100,99932,100
2019-06-28 09:41:00.000000000,100034,516,99989,516,100035,100,99985,100,100043,100,99982,100,100049,100,99980,100,100051,100,99975,100,100054,100,99969,100,100061,100,99966,100,100070,100,99949,100,100078,100,99933,100,100102,100,99932,100
2019-06-28 09:41:10.000000000,100034,241,99989,241,100035,237,99985,237,100043,237,99982,237,100049,100,99980,100,100051,100,99975,100,100054,100,99969,100,100061,100,99966,100,100070,100,99949,100,100078,100,99933,100,100102,100,99932,100
2019-06-28 09:41:14.439852135,100034,241,99989,141,100035,237,99985,237,100043,237,99982,237,100049,100,99980,100,100051,100,99975,100,100054,100,99969,100,100061,100,99966,100,100070,100,99949,100,100078,100,99933,100,100105,100,99932,100
2019-06-28 09:41:20.000000000,100034,183,99985,183,100035,183,99982,183,100043,183,99980,183,100049,183,99975,183,100051,183,99969,183,100054,100,99966,100,100061,100,99949,100,100070,100,99933,100,100078,100,99932,100,100105,100,99928,100
2019-06-28 09:41:22.480617101,100034,183,99985,83,100035,183,99982,183,100043,183,99980,183,100049,183,99975,183,100051,183,99969,183,100054,100,99966,100,100061,100,99949,100,100070,100,99933,100,100078,100,99932,100,100105,100,99928,100
2019-06-28 09:41:28.835318949,100034,183,99985,83,100035,183,99982,183,100043,183,99980,183,100049,183,99975,183,100051,183,99969,183,100054,100,99966,100,100061,100,99949,100,100070,100,99933,100,100105,100,99932,100,100116,100,99928,100
2019-06-28 09:41:30.000000000,100034,204,99982,204,100035,204,99980,204,100043,204,99975,204,100049,204,99969,204,100051,100,99966,100,100054,100,99949,100,100061,100,99933,100,100070,100,99932,100,100105,100,99928,100,100116,100,99927,100
2019-06-28 09:41:31.719838105,99989,100,99982,204,100034,204,99980,204,100035,204,99975,204,100043,204,99969,204,100049,204,99966,100,100051,100,99949,100,100054,100,99933,100,100061,100,99932,100,100070,100,99928,100,100105,100,99927,100
2019-06-28 09:41:37.622273228,99989,100,99982,204,100034,204,99980,204,100035,204,99975,204,100043,204,99969,104,100049,204,99966,100,100051,100,99949,100,100054,100,99933,100,100061,100,99932,100,100070,100,99928,100,100105,100,99927,100
2019-06-28 09:41:40.000000000,99989,516,99982,516,100034,100,99980,100,100035,100,99975,100,100043,100,99966,100,100049,100,99949,100,100051,100,99933,100,100054,100,99932,100,100061,100,99928,100,100070,100,99927,100,100105,100,99912,100
2019-06-28 09:41:50.000000000,99989,204,99982,204,100034,204,99980,204,100035,204,99975,204,100043,204,99966,204,100049,100,99949,100,100051,100,99933,100,100054,100,99932,100,100061,100,99928,100,100070,100,99927,100,100105,100,99912,100
2019-06-28 09:42:00.000000000,99989,241,99982,241,100034,237,99980,237,100035,237,99975,237,100043,100,99966,100,100049,100,99949,100,100051,100,99933,100,100054,100,99932,100,100061,100,99928,100,100070,100,99927,100,100105,100,99912,100
2019-06-28 09:42:10.000000000,99989,204,99982,204,100034,204,99980,204,100035,204,99975,204,100043,204,99966,204,100049,100,99949,100,100051,100,99933,100,100054,100,99932,100,100061,100,99928,100,100070,100,99927,100,100105,100,99912,100
2019-06-28 09:42:20.000000000,99989,516,99982,516,100034,100,99980,100,100035,100,99975,100,100043,100,99966,100,100049,100,99949,100,100051,100,99933,100,100054,100,99932,100,100061,100,99928,100,100070,100,99927,100,100105,100,99912,100
2019-06-28 09:42:30.000000000,99989,308,99982,308,100034,308,99980,308,100035,100,99975,100,100043,100,99966,100,100049,100,99949,100,100051,100,99933,100,100054,100,99932,100,100061,100,99928,100,100070,100,99927,100,100105,100,99912,100
2019-06-28 09:42:31.476942678,99989,308,99982,208,100034,308,99980,308,100035,100,99975,100,100043,100,99966,100,100049,100,99949,100,100051,100,99933,100,100054,100,99932,100,100061,100,99928,100,100070,100,99927,100,100105,100,99912,100
2019-06-28 09:42:34.284035839,99989,308,99982,108,100034,308,99980,308,100035,100,99975,100,100043,100,99966,100,100049,100,99949,100,100051,100,99933,100,100054,100,99932,100,100061,100,99928,100,100070,100,99927,100,100105,100,99912,100
2019-06-28 09:42:39.219347779,99989,308,99982,108,100034,308,99980,308,100035,100,99975,100,100043,100,99966,100,100049,100,99949,100,100051,100,99933,100,100054,100,99932,100,100061,100,99928,100,100070,100,99927,100,100105,100,99912,100
2019-06-28 09:42:40.000000000,99989,308,99980,308,100034,308,99975,308,100035,100,99966,100,100043,100,99949,100,100049,100,99933,100,100051,100,99932,100,100054,100,99928,100,100061,100,99927,100,100070,100,99912,100,100105,100,99911,100
2019-06-28 09:42:50.000000000,99989,204,99980,204,100034,204,99975,204,100035,204,99966,204,100043,204,99949,204,100049,100,99933,100,100051,100,99932,100,100054,100,99928,100,100061,100,99927,100,100070,100,99912,100,100105,100,99911,100
2019-06-28 09:42:56.037926549,99989,204,99980,104,100034,204,99975,204,100035,204,99966,204,100043,204,99949,204,100049,100,99933,100,100051,100,99932,100,100054,100,99928,100,100061,100,99927,100,100070,100,99912,100,100105,100,99906,100
2019-06-28 09:42:59.636065155,99989,204,99980,4,100034,204,99975,204,100035,204,99966,204,100043,204,99949,204,100049,100,99933,100,100051,100,99932,100,100054,100,99928,100,100061,100,99927,100,100070,100,99912,100,100105,100,99906,100
2019-06-28 09:43:00.000000000,99989,308,99975,308,100034,308,99966,308,100035,100,99949,100,100043,100,99933,100,100049,100,99932,100,100051,100,99928,100,100054,100,99927,100,100061,100,99912,100,100070,100,99906,100,100105,100,99896,100
2019-06-28 09:43:10.000000000,99989,183,99975,183,100034,183,99966,183,100035,183,99949,183,100043,183,99933,183,100049,183,99932,183,100051,100,99928,100,100054,100,99927,100,100061,100,99912,100,100070,100,99906,100,100105,100,99896,100
2019-06-28 09:43:20.000000000,99989,204,99975,204,100034,204,99966,204,100035,204,99949,204,100043,204,99933,204,100049,100,99932,100,100051,100,99928,100,100054,100,99927,100,100061,100,99912,100,100070,100,99906,100,100105,100,99896,100
2019-06-28 09:43:21.367306411,99989,204,99975,204,100034,204,99966,204,100035,204,99949,204,100043,204,99933,204,100049,100,99932,100,100051,100,99928,100,100054,100,99927,100,100061,100,99912,100,100070,100,99906,100,100105,100,99896,100
2019-06-28 09:43:30.000000000,99989,183,99975,183,100034,183,99966,183,100035,183,99949,183,100043,183,99933,183,100049,183,99932,183,100051,100,99928,100,100054,100,99927,100,100061,100,99912,100,100070,100,99906,100,100105,100,99896,100
2019-06-28 09:43:40.000000000,99989,516,99975,516,100034,100,99966,100,100035,100,99949,100,100043,100,99933,100,100049,100,99932,100,100051,100,99928,100,100054,100,99927,100,100061,100,99912,100,100070,100,99906,100,100105,100,99896,100
2019-06-28 09:43:48.534917763,99989,516,99975,416,100034,100,99966,100,100035,100,99949,100,100043,100,99933,100,100049,100,99932,100,100051,100,99928,100,100054,100,99927,100,100061,100,99912,100,100070,100,99906,100,100105,100,99896,100
2019-06-28 09:43:50.000000000,99989,241,99966,241,100034,237,99949,237,100035,237,99933,237,100043,100,99932,100,100049,100,99928,100,100051,100,99927,100,100054,100,99912,100,100061,100,99906,100,100070,100,99896,100,100105,100,99895,200
2019-06-28 09:43:56.294952948,99989,241,99966,141,100034,237,99949,237,100035,237,99933,237,100043,100,99932,100,100049,100,99928,100,100051,100,99927,100,100054,100,99912,100,100061,100,99906,100,100105,100,99896,100,100116,100,99895,200
2019-06-28 09:44:00.000000000,99989,204,99949,204,100034,204,99933,204,100035,204,99932,204,100043,204,99928,204,100049,100,99927,100,100051,100,99912,100,100054,100,99906,100,100061,100,99896,100,100105,100,99895,200,100116,100,99871,100
2019-06-28 09:44:10.000000000,99989,308,99949,308,100034,308,99933,308,100035,100,99932,100,100043,100,99928,100,100049,100,99927,100,100051,100,99912,100,100054,100,99906,100,100061,100,99896,100,100105,100,99895,200,100116,100,99871,100
2019-06-28 09:44:20.000000000,99989,516,99949,516,100034,100,99933,100,100035,100,99932,100,100043,100,99928,100,100049,100,99927,100,100051,100,99912,100,100054,100,99906,100,100061,100,99896,100,100105,100,99895,200,100116,100,99871,100
2019-06-28 09:44:30.000000000,99989,308,99949,308,100034,308,99933,308,100035,100,99932,100,100043,100,99928,100,100049,100,99927,100,100051,100,99912,100,100054,100,99906,100,100061,100,99896,100,100105,100,99895,200,100116,100,99871,100
2019-06-28 09:44:38.321280243,99989,308,99949,208,100034,308,99933,308,100035,100,99928,100,100043,100,99927,100,100049,100,99912,100,100051,100,99906,100,100054,100,99896,100,100061,100,99895,200,100105,100,99871,100,100116,100,99847,100
2019-06-28 09:44:40.000000000,99989,204,99933,204,100034,204,99928,204,100035,204,99927,204,100043,204,99912,204,100049,100,99906,100,100051,100,99896,100,100054,100,99895,200,100061,100,99871,100,100105,100,99847,100,100116,100,99821,100
2019-06-28 09:44:40.869601730,99989,204,99933,104,100034,204,99928,204,100035,204,99927,204,100043,204,99912,204,100049,100,99906,100,100051,100,99896,100,100054,100,99895,200,100061,100,99871,100,100105,100,99847,100,100116,100,99821,100
2019-06-28 09:44:47.443844696,99949,100,99933,104,99989,204,99928,204,100034,204,99927,204,100035,204,99912,204,100043,204,99906,100,100049,100,99896,100,100051,100,99895,200,100054,100,99871,100,100061,100,99847,100,100105,100,99821,100
2019-06-28 09:44:50.000000000,99949,308,99928,308,99989,308,99927,308,100034,100,99912,100,100035,100,99906,100,100043,100,99896,100,100049,100,99895,200,100051,100,99871,100,100054,100,99847,100,100061,100,99821,100,100105,100,99814,100
2019-06-28 09:45:00.000000000,99949,516,99928,516,99989,100,99927,100,100034,100,99912,100,100035,100,99906,100,100043,100,99896,100,100049,100,99895,200,100051,100,99871,100,100054,100,99847,100,100061,100,99821,100,100105,100,99814,100
2019-06-28 09:45:10.000000000,99949,308,99928,308,99989,308,99927,308,100034,100,99912,100,100035,100,99906,100,100043,100,99896,100,100049,100,99895,200,100051,100,99871,100,100054,100,99847,100,100061,100,99821,100,100105,100,99814,100
2019-06-28 09:45:20.000000000,99949,516,99928,516,99989,100,99927,100,100034,100,99912,100,100035,100,99906,100,100043,100,99896,100,100049,100,99895,200,100051,100,99871,100,100054,100,99847,100,100061,100,99821,100,100105,100,99814,100
2019-06-28 09:45:27.701383832,99949,516,99928,516,99989,100,99927,100,100034,100,99912,100,100035,100,99906,100,100043,100,99896,100,100049,100,99895,200,100051,100,99871,100,100054,100,99847,100,100061,100,99821,100,100105,100,99814,100
2019-06-28 09:45:30.000000000,99949,308,99928,308,99989,308,99927,308,100034,100,99912,100,100035,100,99906,100,100043,100,99896,100,100049,100,99895,200,100051,100,99871,100,100054,100,99847,100,100061,100,99821,100,100105,100,99814,100
2019-06-28 09:45:37.455674979,99949,308,99928,208,99989,308,99927,308,100034,100,99912,100,100035,100,99906,100,100043,100,99896,100,100049,100,99895,200,100051,100,99871,100,100054,100,99847,100,100061,100,99821,100,100105,100,99814,100
2019-06-28 09:45:39.734289125,99949,308,99928,208,99989,308,99927,308,100034,100,99912,100,100035,100,99906,100,100043,100,99896,100,100049,100,99895,200,100051,100,99871,100,100054,100,99847,100,100061,100,99821,100,100105,100,99814,100
2019-06-28 09:45:39.926578227,99949,308,99928,208,99989,308,99927,308,100034,100,99912,100,100035,100,99906,100,100043,100,99896,100,100049,100,99895,200,100051,100,99871,100,100054,100,99847,100,100061,100,99821,100,100105,100,99814,100
2019-06-28 09:45:40.000000000,99949,204,99927,204,99989,204,99912,204,100034,204,99906,204,100035,204,99896,204,100043,100,99895,200,100049,100,99871,100,100051,100,99847,100,100054,100,99821,100,100061,100,99814,100,100105,100,99704,100
2019-06-28 09:45:44.048170605,99949,204,99927,204,99989,204,99912,204,100034,204,99906,204,100035,204,99896,204,100043,100,99895,200,100049,100,99871,100,100051,100,99847,100,100054,100,99821,100,100061,100,99814,100,100105,100,99704,100
2019-06-28 09:45:47.413377043,99949,204,99927,204,99989,204,99912,204,100034,204,99906,204,100035,204,99896,204,100043,100,99895,200,100049,100,99871,100,100051,100,99847,100,100054,100,99821,100,100061,100,99704,100,100105,100,99676,100
2019-06-28 09:45:50.000000000,99949,183,99927,183,99989,183,99912,183,100034,183,99906,183,100035,183,99896,183,100043,183,99895,283,100049,100,99871,100,100051,100,99847,100,100054,100,99821,100,100061,100,99704,100,100105,100,99676,100
2019-06-28 09:45:55.033949904,99949,183,99927,183,99989,183,99912,183,100034,183,99906,183,100035,183,99896,183,100043,183,99895,283,100049,100,99871,100,100051,100,99847,100,100054,100,99821,100,100061,100,99725,100,100105,100,99704,100
2019-06-28 09:46:00.000000000,99949,308,99927,308,99989,308,99912,308,100034,100,99906,100,100035,100,99896,100,100043,100,99895,200,100049,100,99871,100,100051,100,99847,100,100054,100,99821,100,100061,100,99725,100,100105,100,99704,100
2019-06-28 09:46:10.000000000,99949,204,99927,204,99989,204,99912,204,100034,204,99906,204,100035,204,99896,204,100043,100,99895,200,100049,100,99871,100,100051,100,99847,100,100054,100,99821,100,100061,100,99725,100,100105,100,99704,100
2019-06-28 09:46:10.724314582,99949,204,99927,204,99989,204,99912,204,100034,204,99906,204,100035,204,99896,204,100043,100,99895,200,100049,100,99871,100,100051,100,99847,100,100054,100,99821,100,100061,100,99725,100,100105,100,99704,100
2019-06-28 09:46:14.910211775,99933,100,99927,204,99949,204,99912,204,99989,204,99906,204,100034,204,99896,204,100035,204,99895,200,100043,100,99871,100,100049,100,99847,100,100051,100,99821,100,100054,100,99725,100,100061,100,99704,100
2019-06-28 09:46:18.943302634,99933,100,99927,204,99949,204,99912,204,99989,204,99906,204,100034,204,99896,204,100035,204,99895,200,100043,100,99871,100,100049,100,99847,100,100051,100,99821,100,100054,100,99725,100,100061,100,99704,100
2019-06-28 09:46:20.000000000,99933,516,99927,516,99949,100,99912,100,99989,100,99906,100,100034,100,99896,100,100035,100,99895,200,100043,100,99871,100,100049,100,99847,100,100051,100,99821,100,100054,100,99725,100,100061,100,99704,100
2019-06-28 09:46:30.000000000,99933,204,99927,204,99949,204,99912,204,99989,204,99906,204,100034,204,99896,204,100035,100,99895,200,100043,100,99871,100,100049,100,99847,100,100051,100,99821,100,100054,100,99725,100,100061,100,99704,100
2019-06-28 09:46:40.000000000,99933,204,99927,204,99949,204,99912,204,99989,204,99906,204,100034,204,99896,204,100035,100,99895,200,100043,100,99871,100,100049,100,99847,100,100051,100,99821,100,100054,100,99725,100,100061,100,99704,100
2019-06-28 09:46:49.729999636,99933,204,99927,204,99949,204,99912,204,99989,204,99906,104,100034,204,99896,204,100035,100,99895,200,100043,100,99871,100,100049,100,99847,100,100051,100,99821,100,100054,100,99771,100,100061,100,99725,100
2019-06-28 09:46:50.000000000,99933,516,99927,516,99949,100,99912,100,99989,100,99896,100,100034,100,99895,200,100035,100,99871,100,100043,100,99847,100,100049,100,99821,100,100051,100,99771,100,100054,100,99725,100,100061,100,99704,100
2019-06-28 09:46:54.735747490,99933,516,99927,416,99949,100,99912,100,99989,100,99896,100,100034,100,99895,200,100035,100,99871,100,100043,100,99847,100,100049,100,99821,100,100051,100,99771,100,100054,100,99725,100,100061,100,99704,100
2019-06-28 09:47:00.000000000,99933,516,99912,516,99949,100,99896,100,99989,100,99895,200,100034,100,99871,100,100035,100,99847,100,100043,100,99821,100,100049,100,99771,100,100051,100,99725,100,100054,100,99704,100,100061,100,99676,100
2019-06-28 09:47:10.000000000,99933,516,99912,516,99949,100,99896,100,99989,100,99895,200,100034,100,99871,100,100035,100,99847,100,100043,100,99821,100,100049,100,99771,100,100051,100,99725,100,100054,100,99704,100,100061,100,99676,100
2019-06-28 09:47:16.439237337,99933,516,99912,516,99949,100,99896,100,99989,100,99895,200,100034,100,99871,100,100035,100,99847,100,100043,100,99821,100,100049,100,99790,100,100051,100,99771,100,100054,100,99725,100,100061,100,99704,100
2019-06-28 09:47:20.000000000,99933,183,99912,183,99949,183,99896,183,99989,183,99895,283,100034,183,99871,183,100035,183,99847,183,100043,100,99821,100,100049,100,99790,100,100051,100,99771,100,100054,100,99725,100,100061,100,99704,100
2019-06-28 09:47:30.000000000,99933,308,99912,308,99949,308,99896,308,99989,100,99895,200,100034,100,99871,100,100035,100,99847,100,100043,100,99821,100,100049,100,99790,100,100051,100,99771,100,100054,100,99725,100,100061,100,99704,100
2019-06-28 09:47:40.000000000,99933,183,99912,183,99949,183,99896,183,99989,183,99895,283,100034,183,99871,183,100035,183,99847,183,100043,100,99821,100,100049,100,99790,100,100051,100,99771,100,100054,100,99725,100,100061,100,99704,100
2019-06-28 09:47:50.000000000,99933,516,99912,516,99949,100,99896,100,99989,100,99895,200,100034,100,99871,100,100035,100,99847,100,100043,100,99821,100,100049,100,99790,100,100051,100,99771,100,100054,100,99725,100,100061,100,99704,100
2019-06-28 09:48:00.000000000,99933,204,99912,204,99949,204,99896,204,99989,204,99895,304,100034,204,99871,204,100035,100,99847,100,100043,100,99821,100,100049,100,99790,100,100051,100,99771,100,100054,100,99725,100,100061,100,99704,100
2019-06-28 09:48:01.539337518,99933,204,99912,204,99949,204,99896,204,99989,204,99895,304,100034,204,99871,204,100035,100,99847,100,100043,100,99821,100,100049,100,99790,100,100051,100,99771,100,100054,100,99725,100,100061,100,99704,100
2019-06-28 09:48:05.261607873,99933,104,99912,204,99949,204,99896,204,99989,204,99895,204,100034,204,99871,204,100035,100,99847,100,100043,100,99821,100,100049,100,99790,100,100051,100,99771,100,100054,100,99725,100,100061,100,99704,100
2019-06-28 09:48:10.000000000,99949,183,99912,183,99989,183,99896,183,100034,183,99895,183,100035,183,99871,183,100043,183,99847,183,100049,100,99821,100,100051,100,99790,100,100054,100,99771,100,100061,100,99725,100,100105,100,99704,100
2019-06-28 09:48:20.000000000,99949,308,99912,308,99989,308,99896,308,100034,100,99895,100,100035,100,99871,100,100043,100,99847,100,100049,100,99821,100,100051,100,99790,100,100054,100,99771,100,100061,100,99725,100,100105,100,99704,100
2019-06-28 09:48:30.000000000,99949,183,99912,183,99989,183,99896,183,100034,183,99895,183,100035,183,99871,183,100043,183,99847,183,100049,100,99821,100,100051,100,99790,100,100054,100,99771,100,100061,100,99725,100,100105,100,99704,100
2019-06-28 09:48:40.000000000,99949,183,99912,183,99989,183,99896,183,100034,183,99895,183,100035,183,99871,183,100043,183,99847,183,100049,100,99821,100,100051,100,99790,100,100054,100,99771,100,100061,100,99725,100,100105,100,99704,100
2019-06-28 09:48:50.000000000,99949,204,99912,204,99989,204,99896,204,100034,204,99895,204,100035,204,99871,204,100043,100,99847,100,100049,100,99821,100,100051,100,99790,100,100054,100,99771,100,100061,100,99725,100,100105,100,99704,100
2019-06-28 09:49:00.000000000,99949,516,99912,516,99989,100,99896,100,100034,100,99895,100,100035,100,99871,100,100043,100,99847,100,100049,100,99821,100,100051,100,99790,100,100054,100,99771,100,100061,100,99725,100,100105,100,99704,100
2019-06-28 09:49:08.727808480,99949,516,99928,100,99989,100,99912,516,100034,100,99896,100,100035,100,99895,100,100043,100,99871,100,100049,100,99847,100,100051,100,99821,100,100054,100,99790,100,100061,100,99771,100,100105,100,99725,100
2019-06-28 09:49:10.000000000,99949,308,99928,308,99989,308,99912,308,100034,100,99896,100,100035,100,99895,100,100043,100,99871,100,100049,100,99847,100,100051,100,99821,100,100054,100,99790,100,100061,100,99771,100,100105,100,99725,100
2019-06-28 09:49:20.000000000,99949,241,99928,241,99989,237,99912,237,100034,237,99896,237,100035,100,99895,100,100043,100,99871,100,100049,100,99847,100,100051,100,99821,100,100054,100,99790,100,100061,100,99771,100,100105,100,99725,100
2019-06-28 09:49:23.638547201,99949,241,99928,341,99989,237,99912,237,100034,137,99896,237,100035,100,99895,100,100043,100,99871,100,100049,100,99847,100,100051,100,99821,100,100054,100,99790,100,100061,100,99771,100,100105,100,99725,100
2019-06-28 09:49:28.664828965,99949,241,99928,341,99989,237,99912,237,100034,137,99896,237,100035,100,99895,100,100043,100,99871,100,100049,100,99847,100,100051,100,99821,100,100054,100,99790,100,100061,100,99771,100,100105,100,99725,100
2019-06-28 09:49:30.000000000,99949,241,99928,341,99989,237,99912,237,100035,237,99896,237,100043,100,99895,100,100049,100,99871,100,100051,100,99847,100,100054,100,99821,100,100061,100,99790,100,100105,100,99771,100,100131,100,99725,100
2019-06-28 09:49:36.865342501,99949,241,99928,341,99989,237,99912,237,100035,237,99896,237,100043,100,99895,100,100049,100,99871,100,100051,100,99847,100,100054,100,99821,100,100061,100,99790,100,100105,100,99771,100,100131,100,99725,100
2019-06-28 09:49:37.950271137,99949,141,99928,341,99989,237,99912,237,100035,237,99896,237,100043,100,99895,100,100049,100,99871,100,100051,100,99847,100,100054,100,99821,100,100061,100,99790,100,100105,100,99771,100,100131,100,99725,100
2019-06-28 09:49:40.000000000,99989,308,99928,408,100035,308,99912,308,100043,100,99896,100,100049,100,99895,100,100051,100,99871,100,100054,100,99847,100,100061,100,99821,100,100105,100,99790,100,100131,100,99771,100,100154,100,99725,100
2019-06-28 09:49:50.000000000,99989,516,99928,616,100035,100,99912,100,100043,100,99896,100,100049,100,99895,100,100051,100,99871,100,100054,100,99847,100,100061,100,99821,100,100105,100,99790,100,100131,100,99771,100,100154,100,99725,100
2019-06-28 09:50:00.000000000,99989,241,99928,341,100035,237,99912,237,100043,237,99896,237,100049,100,99895,100,100051,100,99871,100,100054,100,99847,100,100061,100,99821,100,100105,100,99790,100,100131,100,99771,100,100154,100,99725,100
2019-06-28 09:50:00.353575823,99989,241,99928,341,100035,237,99912,237,100043,237,99896,237,100049,100,99895,100,100051,100,99871,100,100054,100,99847,100,100061,100,99821,100,100105,100,99790,100,100131,100,99771,100,100154,100,99725,100
2019-06-28 09:50:03.819409580,99989,241,99933,100,100035,237,99928,341,100043,237,99912,237,100049,100,99896,237,100051,100,99895,100,100054,100,99871,100,100061,100,99847,100,100105,100,99821,100,100131,100,99790,100,100154,100,99771,100
2019-06-28 09:50:10.000000000,99989,183,99933,183,100035,183,99928,283,100043,183,99912,183,100049,183,99896,183,100051,183,99895,183,100054,100,99871,100,100061,100,99847,100,100105,100,99821,100,100131,100,99790,100,100154,100,99771,100
2019-06-28 09:50:20.000000000,99989,516,99933,516,100035,100,99928,200,100043,100,99912,100,100049,100,99896,100,100051,100,99895,100,100054,100,99871,100,100061,100,99847,100,100105,100,99821,100,100131,100,99790,100,100154,100,99771,100
2019-06-28 09:50:25.713860170,99989,516,99933,516,100035,100,99928,200,100043,100,99912,100,100049,100,99896,100,100051,100,99895,100,100054,100,99871,100,100061,100,99847,100,100105,100,99821,100,100131,100,99790,100,100154,100,99771,100
2019-06-28 09:50:30.000000000,99989,308,99933,308,100035,308,99928,408,100043,100,99912,100,100049,100,99896,100,100051,100,99895,100,100054,100,99871,100,100061,100,99847,100,100105,100,99821,100,100131,100,99790,100,100154,100,99771,100
2019-06-28 09:50:33.593500798,99989,208,99933,308,100035,308,99928,408,100043,100,99912,100,100049,100,99896,100,100051,100,99895,100,100054,100,99871,100,100061,100,99847,100,100105,100,99821,100,100131,100,99790,100,100154,100,99771,100
2019-06-28 09:50:40.000000000,100035,241,99933,241,100043,237,99928,337,100049,237,99912,237,100051,100,99896,100,100054,100,99895,100,100061,100,99871,100,100105,100,99847,100,100131,100,99821,100,100154,100,99790,100,100182,100,99771,100
2019-06-28 09:50:50.000000000,100035,516,99933,516,100043,100,99928,200,100049,100,99912,100,100051,100,99896,100,100054,100,99895,100,100061,100,99871,100,100105,100,99847,100,100131,100,99821,100,100154,100,99790,100,100182,100,99771,100
2019-06-28 09:51:00.000000000,100035,241,99933,241,100043,237,99928,337,100049,237,99912,237,100051,100,99896,100,100054,100,99895,100,100061,100,99871,100,100105,100,99847,100,100131,100,99821,100,100154,100,99790,100,100182,100,99771,100
2019-06-28 09:51:02.047899090,100035,241,100016,100,100043,237,99933,241,100049,137,99928,337,100051,100,99912,237,100054,100,99896,100,100061,100,99895,100,100105,100,99871,100,100131,100,99847,100,100154,100,99821,100,100182,100,99790,100
2019-06-28 09:51:06.739488529,100035,241,100016,100,100043,237,99933,241,100049,137,99928,337,100051,100,99912,237,100054,100,99896,100,100061,100,99895,100,100105,100,99871,100,100131,100,99847,100,100154,100,99821,100,100182,100,99790,100
2019-06-28 09:51:10.000000000,100035,308,100016,308,100043,308,99933,308,100051,100,99928,200,100054,100,99912,100,100061,100,99896,100,100105,100,99895,100,100131,100,99871,100,100154,100,99847,100,100182,100,99821,100,100248,100,99790,100
2019-06-28 09:51:20.000000000,100035,183,100016,183,100043,183,99933,183,100051,183,99928,283,100054,183,99912,183,100061,183,99896,183,100105,100,99895,100,100131,100,99871,100,100154,100,99847,100,100182,100,99821,100,100248,100,99790,100
2019-06-28 09:51:30.000000000,100035,204,100016,204,100043,204,99933,204,100051,204,99928,304,100054,204,99912,204,100061,100,99896,100,100105,100,99895,100,100131,100,99871,100,100154,100,99847,100,100182,100,99821,100,100248,100,99790,100
2019-06-28 09:51:36.351041201,100035,204,100016,204,100043,204,99933,204,100051,204,99928,304,100054,204,99912,204,100061,100,99896,100,100105,100,99895,100,100131,100,99871,100,100154,100,99847,100,100182,100,99821,100,100248,100,99813,100
2019-06-28 09:51:40.000000000,100035,308,100016,308,100043,308,99933,308,100051,100,99928,200,100054,100,99912,100,100061,100,99896,100,100105,100,99895,100,100131,100,99871,100,100154,100,99847,100,100182,100,99821,100,100248,100,99813,100
2019-06-28 09:51:50.000000000,100035,516,100016,516,100043,100,99933,100,100051,100,99928,200,100054,100,99912,100,100061,100,99896,100,100105,100,99895,100,100131,100,99871,100,100154,100,99847,100,100182,100,99821,100,100248,100,99813,100
2019-06-28 09:51:59.286760670,100035,516,100016,516,100043,100,99933,100,100051,100,99928,200,100054,100,99912,100,100061,100,99896,100,100105,100,99895,100,100131,100,99871,100,100154,100,99847,100,100182,100,99821,100,100195,100,99813,100
2019-06-28 09:52:00.000000000,100035,204,100016,204,100043,204,99933,204,100051,204,99928,304,100054,204,99912,204,100061,100,99896,100,100105,100,99895,100,100131,100,99871,100,100154,100,99847,100,100182,100,99821,100,100195,100,99813,100
2019-06-28 09:52:10.000000000,100035,204,100016,204,100043,204,99933,204,100051,204,99928,304,100054,204,99912,204,100061,100,99896,100,100105,100,99895,100,100131,100,99871,100,100154,100,99847,100,100182,100,99821,100,100195,100,99813,100
2019-06-28 09:52:20.000000000,100035,241,100016,241,100043,237,99933,237,100051,237,99928,337,100054,100,99912,100,100061,100,99896,100,100105,100,99895,100,100131,100,99871,100,100154,100,99847,100,100182,100,99821,100,100195,100,99813,100
2019-06-28 09:52:26.144637133,100035,141,100016,241,100043,237,99949,100,100051,237,99933,237,100054,100,99928,337,100061,100,99912,100,100105,100,99896,100,100131,100,99895,100,100154,100,99871,100,100182,100,99847,100,100195,100,99821,100
2019-06-28 09:52:30.000000000,100043,204,100016,204,100051,204,99949,204,100054,204,99933,204,100061,204,99928,304,100105,100,99912,100,100131,100,99896,100,100154,100,99895,100,100182,100,99871,100,100195,100,99847,100,100248,100,99821,100
2019-06-28 09:52:40.000000000,100043,183,100016,183,100051,183,99949,183,100054,183,99933,183,100061,183,99928,283,100105,183,99912,183,100131,100,99896,100,100154,100,99895,100,100182,100,99871,100,100195,100,99847,100,100248,100,99821,100
2019-06-28 09:52:50.000000000,100043,308,100016,308,100051,308,99949,308,100054,100,99933,100,100061,100,99928,200,100105,100,99912,100,100131,100,99896,100,100154,100,99895,100,100182,100,99871,100,100195,100,99847,100,100248,100,99821,100
2019-06-28 09:53:00.000000000,100043,183,100016,183,100051,183,99949,183,100054,183,99933,183,100061,183,99928,283,100105,183,99912,183,100131,100,99896,100,100154,100,99895,100,100182,100,99871,100,100195,100,99847,100,100248,100,99821,100
2019-06-28 09:53:10.000000000,100043,204,100016,204,100051,204,99949,204,100054,204,99933,204,100061,204,99928,304,100105,100,99912,100,100131,100,99896,100,100154,100,99895,100,100182,100,99871,100,100195,100,99847,100,100248,100,99821,100
2019-06-28 09:53:17.414693546,100043,204,100016,204,100051,204,99949,204,100054,204,99933,204,100061,204,99928,304,100105,100,99912,100,100131,100,99896,100,100154,100,99895,100,100182,100,99871,100,100195,100,99847,100,100248,100,99821,100
2019-06-28 09:53:20.000000000,100043,516,100016,516,100051,100,99949,100,100054,100,99933,100,100061,100,99928,200,100105,100,99912,100,100131,100,99896,100,100154,100,99895,100,100182,100,99871,100,100195,100,99847,100,100248,100,99821,100
2019-06-28 09:53:30.000000000,100043,308,100016,308,100051,308,99949,308,100054,100,99933,100,100061,100,99928,200,100105,100,99912,100,100131,100,99896,100,100154,100,99895,100,100182,100,99871,100,100195,100,99847,100,100248,100,99821,100
2019-06-28 09:53:40.000000000,100043,516,100016,516,100051,100,99949,100,100054,100,99933,100,100061,100,99928,200,100105,100,99912,100,100131,100,99896,100,100154,100,99895,100,100182,100,99871,100,100195,100,99847,100,100248,100,99821,100
2019-06-28 09:53:50.000000000,100043,183,100016,183,100051,183,99949,183,100054,183,99933,183,100061,183,99928,283,100105,183,99912,183,100131,100,99896,100,100154,100,99895,100,100182,100,99871,100,100195,100,99847,100,100248,100,99821,100
2019-06-28 09:54:00.000000000,100043,308,100016,308,100051,308,99949,308,100054,100,99933,100,100061,100,99928,200,100105,100,99912,100,100131,100,99896,100,100154,100,99895,100,100182,100,99871,100,100195,100,99847,100,100248,100,99821,100
2019-06-28 09:54:09.877948541,100043,308,100016,308,100051,308,99949,308,100054,100,99933,100,100061,100,99928,200,100105,100,99912,100,100131,100,99896,100,100154,100,99895,100,100182,100,99871,100,100195,100,99847,100,100248,100,99821,100
2019-06-28 09:54:10.000000000,100043,308,100016,308,100051,308,99949,308,100054,100,99933,100,100061,100,99928,200,100105,100,99912,100,100131,100,99896,100,100154,100,99895,100,100182,100,99871,100,100195,100,99847,100,100248,100,99821,100
2019-06-28 09:54:11.999366664,100043,308,100016,208,100051,308,99949,308,100054,100,99933,100,100061,100,99928,200,100105,100,99912,100,100131,100,99896,100,100154,100,99895,100,100182,100,99871,100,100195,100,99847,100,100248,100,99821,100
2019-06-28 09:54:20.000000000,100043,308,99949,308,100051,308,99933,308,100054,100,99928,200,100061,100,99912,100,100105,100,99896,100,100131,100,99895,100,100154,100,99871,100,100182,100,99847,100,100195,100,99821,100,100248,100,99813,100
2019-06-28 09:54:30.000000000,100043,516,99949,516,100051,100,99933,100,100054,100,99928,200,100061,100,99912,100,100105,100,99896,100,100131,100,99895,100,100154,100,99871,100,100182,100,99847,100,100195,100,99821,100,100248,100,99813,100
2019-06-28 09:54:36.517089261,100043,516,99949,516,100051,100,99933,100,100054,100,99928,200,100061,100,99912,100,100105,100,99896,100,100131,100,99895,100,100154,100,99871,100,100182,100,99847,100,100195,100,99821,100,100248,100,99813,100
2019-06-28 09:54:40.000000000,100043,204,99949,204,100051,204,99933,204,100054,204,99928,304,100061,204,99912,204,100105,100,99896,100,100131,100,99895,100,100154,100,99871,100,100182,100,99847,100,100195,100,99821,100,100248,100,99813,100
2019-06-28 09:54:42.019050429,100043,204,99949,204,100051,204,99933,204,100054,204,99928,304,100061,204,99912,204,100105,100,99896,100,100131,100,99895,100,100154,100,99871,100,100182,100,99847,100,100195,100,99821,100,100248,100,99813,100
2019-06-28 09:54:49.335793300,100043,204,99949,204,100051,204,99933,204,100054,204,99928,304,100061,204,99912,204,100105,100,99896,100,100131,100,99895,100,100154,100,99871,100,100182,100,99847,100,100195,100,99821,100,100248,100,99813,100
2019-06-28 09:54:50.000000000,100043,183,99949,183,100051,183,99933,183,100054,183,99928,283,100061,183,99912,183,100105,183,99896,183,100131,100,99895,100,100154,100,99871,100,100182,100,99847,100,100195,100,99821,100,100248,100,99813,100
2019-06-28 09:54:55.070576621,100043,183,99949,183,100051,183,99933,183,100054,183,99928,283,100061,183,99912,183,100105,183,99896,183,100131,100,99895,100,100154,100,99871,100,100182,100,99847,100,100195,100,99813,100,100248,100,99790,100
2019-06-28 09:55:00.000000000,100043,516,99949,516,100051,100,99933,100,100054,100,99928,200,100061,100,99912,100,100105,100,99896,100,100131,100,99895,100,100154,100,99871,100,100182,100,99847,100,100195,100,99813,100,100248,100,99790,100
2019-06-28 09:55:10.000000000,100043,183,99949,183,100051,183,99933,183,100054,183,99928,283,100061,183,99912,183,100105,183,99896,183,100131,100,99895,100,100154,100,99871,100,100182,100,99847,100,100195,100,99813,100,100248,100,99790,100
2019-06-28 09:55:18.600151505,100043,83,99949,83,100051,183,99933,183,100054,183,99928,283,100061,183,99912,183,100105,183,99896,183,100131,100,99895,100,100154,100,99871,100,100182,100,99847,100,100195,100,99813,100,100248,100,99790,100
2019-06-28 09:55:20.000000000,100051,308,99933,308,100054,308,99928,408,100061,100,99912,100,100105,100,99896,100,100131,100,99895,100,100154,100,99871,100,100182,100,99847,100,100195,100,99813,100,100248,100,99790,100,100249,100,99771,100
2019-06-28 09:55:28.327725969,100051,308,99933,308,100054,308,99928,408,100061,100,99912,100,100105,100,99896,100,100131,100,99895,100,100154,100,99871,100,100182,100,99847,100,100195,100,99813,100,100248,100,99790,100,100249,100,99771,100
2019-06-28 09:55:30.000000000,100051,308,99933,308,100054,308,99928,408,100061,100,99912,100,100105,100,99896,100,100131,100,99895,100,100154,100,99871,100,100182,100,99847,100,100195,100,99813,100,100248,100,99790,100,100249,100,99771,100
2019-06-28 09:55:34.625428997,100051,308,99933,308,100054,308,99928,408,100061,100,99912,100,100105,100,99896,100,100131,100,99895,100,100182,100,99871,100,100195,100,99847,100,100248,100,99813,100,100249,100,99790,100,100288,100,99771,100
2019-06-28 09:55:40.000000000,100051,308,99933,308,100054,308,99928,408,100061,100,99912,100,100105,100,99896,100,100131,100,99895,100,100182,100,99871,100,100195,100,99847,100,100248,100,99813,100,100249,100,99790,100,100288,100,99771,100
2019-06-28 09:55:50.000000000,100051,308,99933,308,100054,308,99928,408,100061,100,99912,100,100105,100,99896,100,100131,100,99895,100,100182,100,99871,100,100195,100,99847,100,100248,100,99813,100,100249,100,99790,100,100288,100,99771,100
2019-06-28 09:56:00.000000000,100051,183,99933,183,100054,183,99928,283,100061,183,99912,183,100105,183,99896,183,100131,183,99895,183,100182,100,99871,100,100195,100,99847,100,100248,100,99813,100,100249,100,99790,100,100288,100,99771,100
2019-06-28 09:56:10.000000000,100051,204,99933,204,100054,204,99928,304,100061,204,99912,204,100105,204,99896,204,100131,100,99895,100,100182,100,99871,100,100195,100,99847,100,100248,100,99813,100,100249,100,99790,100,100288,100,99771,100
2019-06-28 09:56:13.429686715,100051,204,99933,204,100054,204,99928,304,100061,204,99912,204,100105,204,99896,204,100131,100,99895,100,100182,100,99871,100,100195,100,99847,100,100248,100,99813,100,100249,100,99790,100,100288,100,99771,100
2019-06-28 09:56:20.000000000,100051,308,99933,308,100054,308,99928,408,100061,100,99912,100,100105,100,99896,100,100131,100,99895,100,100182,100,99871,100,100195,100,99847,100,100248,100,99813,100,100249,100,99790,100,100288,100,99771,100
2019-06-28 09:56:30.000000000,100051,204,99933,204,100054,204,99928,304,100061,204,99912,204,100105,204,99896,204,100131,100,99895,100,100182,100,99871,100,100195,100,99847,100,100248,100,99813,100,100249,100,99790,100,100288,100,99771,100
2019-06-28 09:56:40.000000000,100051,204,99933,204,100054,204,99928,304,100061,204,99912,204,100105,204,99896,204,100131,100,99895,100,100182,100,99871,100,100195,100,99847,100,100248,100,99813,100,100249,100,99790,100,100288,100,99771,100
2019-06-28 09:56:50.000000000,100051,308,99933,308,100054,308,99928,408,100061,100,99912,100,100105,100,99896,100,100131,100,99895,100,100182,100,99871,100,100195,100,99847,100,100248,100,99813,100,100249,100,99790,100,100288,100,99771,100
2019-06-28 09:56:50.637913288,100016,100,99933,308,100051,308,99928,408,100054,308,99912,100,100061,100,99896,100,100105,100,99895,100,100131,100,99871,100,100182,100,99847,100,100195,100,99813,100,100248,100,99790,100,100249,100,99771,100
2019-06-28 09:57:00.000000000,100016,308,99933,308,100051,308,99928,408,100054,100,99912,100,100061,100,99896,100,100105,100,99895,100,100131,100,99871,100,100182,100,99847,100,100195,100,99813,100,100248,100,99790,100,100249,100,99771,100
2019-06-28 09:57:08.769972801,100016,308,99933,208,100051,308,99928,408,100054,100,99912,100,100061,100,99896,100,100105,100,99895,100,100131,100,99871,100,100182,100,99847,100,100195,100,99790,100,100248,100,99771,100,100249,100,99725,100
2019-06-28 09:57:10.000000000,100016,516,99928,616,100051,100,99912,100,100054,100,99896,100,100061,100,99895,100,100105,100,99871,100,100131,100,99847,100,100182,100,99790,100,100195,100,99771,100,100248,100,99725,100,100249,100,99704,100
2019-06-28 09:57:20.000000000,100016,516,99928,616,100051,100,99912,100,100054,100,99896,100,100061,100,99895,100,100105,100,99871,100,100131,100,99847,100,100182,100,99790,100,100195,100,99771,100,100248,100,99725,100,100249,100,99704,100
2019-06-28 09:57:25.413133741,100016,516,99928,616,100051,100,99912,100,100054,100,99896,100,100061,100,99895,100,100105,100,99871,100,100131,100,99847,100,100182,100,99790,100,100195,100,99771,100,100248,100,99725,100,100249,100,99704,100
2019-06-28 09:57:30.000000000,100016,241,99928,341,100051,237,99912,237,100054,237,99896,237,100061,100,99895,100,100105,100,99871,100,100131,100,99847,100,100182,100,99790,100,100195,100,99771,100,100248,100,99725,100,100249,100,99704,100
2019-06-28 09:57:38.615527899,100016,241,99928,341,100051,237,99912,237,100054,237,99896,237,100061,100,99895,100,100105,100,99871,100,100131,100,99847,100,100182,100,99790,100,100195,100,99771,100,100248,100,99725,100,100249,100,99704,100
2019-06-28 09:57:40.000000000,100016,204,99928,304,100051,204,99912,204,100054,204,99896,204,100061,204,99895,204,100105,100,99871,100,100131,100,99847,100,100182,100,99790,100,100195,100,99771,100,100248,100,99725,100,100249,100,99704,100
2019-06-28 09:57:48.145692933,100016,204,99928,204,100051,204,99912,204,100054,204,99896,204,100061,104,99895,204,100105,100,99871,100,100131,100,99847,100,100182,100,99790,100,100195,100,99771,100,100248,100,99725,100,100249,100,99704,100
2019-06-28 09:57:50.000000000,100016,204,99928,204,100051,204,99912,204,100054,204,99896,204,100105,204,99895,204,100131,100,99871,100,100182,100,99847,100,100195,100,99790,100,100248,100,99771,100,100249,100,99725,100,100288,100,99704,100
2019-06-28 09:57:55.702658049,100016,204,99928,204,100051,204,99912,204,100054,204,99896,204,100105,204,99895,204,100131,100,99871,100,100182,100,99847,100,100195,100,99790,100,100248,100,99771,100,100249,100,99725,100,100288,100,99704,100
2019-06-28 09:58:00.000000000,100016,516,99928,516,100051,100,99912,100,100054,100,99896,100,100105,100,99895,100,100131,100,99871,100,100182,100,99847,100,100195,100,99790,100,100248,100,99771,100,100249,100,99725,100,100288,100,99704,100
2019-06-28 09:58:10.000000000,100016,308,99928,308,100051,308,99912,308,100054,100,99896,100,100105,100,99895,100,100131,100,99871,100,100182,100,99847,100,100195,100,99790,100,100248,100,99771,100,100249,100,99725,100,100288,100,99704,100
2019-06-28 09:58:20.000000000,100016,204,99928,204,100051,204,99912,204,100054,204,99896,204,100105,204,99895,204,100131,100,99871,100,100182,100,99847,100,100195,100,99790,100,100248,100,99771,100,100249,100,99725,100,100288,100,99704,100
2019-06-28 09:58:30.000000000,100016,516,99928,516,100051,100,99912,100,100054,100,99896,100,100105,100,99895,100,100131,100,99871,100,100182,100,99847,100,100195,100,99790,100,100248,100,99771,100,100249,100,99725,100,100288,100,99704,100
2019-06-28 09:58:32.821108070,100016,516,99928,416,100051,100,99912,100,100054,100,99896,100,100105,100,99895,100,100182,100,99871,100,100195,100,99847,100,100248,100,99790,100,100249,100,99771,100,100288,100,99725,100,100406,100,99704,100
2019-06-28 09:58:33.060438806,100016,516,99928,416,100051,100,99912,100,100054,100,99896,100,100105,100,99895,100,100182,100,99871,100,100195,100,99847,100,100248,100,99790,100,100249,100,99771,100,100288,100,99725,100,100406,100,99704,100
2019-06-28 09:58:40.000000000,100016,241,99912,241,100051,237,99896,237,100054,237,99895,237,100105,100,99871,100,100182,100,99847,100,100195,100,99790,100,100248,100,99771,100,100249,100,99725,100,100288,100,99704,100,100406,100,99675,100
2019-06-28 09:58:50.000000000,100016,308,99912,308,100051,308,99896,308,100054,100,99895,100,100105,100,99871,100,100182,100,99847,100,100195,100,99790,100,100248,100,99771,100,100249,100,99725,100,100288,100,99704,100,100406,100,99675,100
2019-06-28 09:59:00.000000000,100016,516,99912,516,100051,100,99896,100,100054,100,99895,100,100105,100,99871,100,100182,100,99847,100,100195,100,99790,100,100248,100,99771,100,100249,100,99725,100,100288,100,99704,100,100406,100,99675,100
2019-06-28 09:59:08.161641087,100016,516,99912,516,100051,100,99896,100,100054,100,99871,100,100105,100,99847,100,100182,100,99790,100,100195,100,99771,100,100248,100,99725,100,100249,100,99704,100,100288,100,99675,100,100406,100,99668,100
2019-06-28 09:59:10.000000000,100016,516,99912,516,100051,100,99896,100,100054,100,99871,100,100105,100,99847,100,100182,100,99790,100,100195,100,99771,100,100248,100,99725,100,100249,100,99704,100,100288,100,99675,100,100406,100,99668,100
2019-06-28 09:59:10.102601908,99928,100,99912,516,100016,516,99896,100,100051,100,99871,100,100054,100,99847,100,100105,100,99790,100,100182,100,99771,100,100195,100,99725,100,100248,100,99704,100,100249,100,99675,100,100288,100,99668,100
2019-06-28 09:59:20.000000000,99928,204,99912,204,100016,204,99896,204,100051,204,99871,204,100054,204,99847,204,100105,100,99790,100,100182,100,99771,100,100195,100,99725,100,100248,100,99704,100,100249,100,99675,100,100288,100,99668,100
2019-06-28 09:59:30.000000000,99928,241,99912,241,100016,237,99896,237,100051,237,99871,237,100054,100,99847,100,100105,100,99790,100,100182,100,99771,100,100195,100,99725,100,100248,100,99704,100,100249,100,99675,100,100288,100,99668,100
2019-06-28 09:59:36.256674454,99928,241,99912,241,100016,237,99896,237,100051,237,99883,100,100054,100,99871,237,100105,100,99847,100,100182,100,99790,100,100195,100,99771,100,100248,100,99725,100,100249,100,99704,100,100288,100,99675,100
2019-06-28 09:59:40.000000000,99928,516,99912,516,100016,100,99896,100,100051,100,99883,100,100054,100,99871,100,100105,100,99847,100,100182,100,99790,100,100195,100,99771,100,100248,100,99725,100,100249,100,99704,100,100288,100,99675,100
2019-06-28 09:59:48.803323585,99928,516,99912,516,99958,100,99896,100,100016,100,99883,100,100051,100,99871,100,100054,100,99847,100,100105,100,99790,100,100182,100,99771,100,100195,100,99725,100,100248,100,99704,100,100249,100,99675,100
2019-06-28 09:59:50.000000000,99928,241,99912,241,99958,237,99896,237,100016,237,99883,237,100051,100,99871,100,100054,100,99847,100,100105,100,99790,100,100182,100,99771,100,100195,100,99725,100,100248,100,99704,100,100249,100,99675,100
2019-06-28 09:59:50.119974222,99928,241,99912,241,99958,237,99896,237,100016,237,99883,237,100051,100,99871,100,100054,100,99847,100,100105,100,99790,100,100182,100,99771,100,100195,100,99725,100,100248,100,99704,100,100249,100,99675,100
2019-06-28 10:00:00.000000000,99928,241,99912,241,99958,237,99896,237,100016,237,99883,237,100051,100,99871,100,100054,100,99847,100,100105,100,99790,100,100182,100,99771,100,100195,100,99725,100,100248,100,99704,100,100249,100,99675,100
2019-06-28 10:00:10.000000000,99928,308,99912,308,99958,308,99896,308,100016,100,99883,100,100051,100,99871,100,100054,100,99847,100,100105,100,99790,100,100182,100,99771,100,100195,100,99725,100,100248,100,99704,100,100249,100,99675,100
2019-06-28 10:00:18.240498501,99928,308,99912,308,99958,308,99896,308,100016,100,99883,100,100051,100,99871,100,100054,100,99847,100,100105,100,99824,100,100182,100,99790,100,100195,100,99771,100,100248,100,99725,100,100249,100,99704,100
2019-06-28 10:00:19.155479113,99928,208,99912,308,99958,308,99896,308,100016,100,99883,100,100051,100,99871,100,100054,100,99847,100,100105,100,99824,100,100182,100,99790,100,100195,100,99771,100,100248,100,99725,100,100249,100,99704,100
2019-06-28 10:00:20.000000000,99958,516,99912,516,100016,100,99896,100,100051,100,99883,100,100054,100,99871,100,100105,100,99847,100,100182,100,99824,100,100195,100,99790,100,100248,100,99771,100,100249,100,99725,100,100288,100,99704,100
2019-06-28 10:00:25.941316010,99958,516,99929,100,100016,100,99912,516,100051,100,99896,100,100054,100,99883,100,100105,100,99871,100,100182,100,99847,100,100195,100,99824,100,100248,100,99790,100,100249,100,99771,100,100288,100,99725,100
2019-06-28 10:00:30.000000000,99958,308,99929,308,100016,308,99912,308,100051,100,99896,100,100054,100,99883,100,100105,100,99871,100,100182,100,99847,100,100195,100,99824,100,100248,100,99790,100,100249,100,99771,100,100288,100,99725,100
2019-06-28 10:00:30.106901524,99958,308,99929,408,100016,308,99912,308,100051,100,99896,100,100054,100,99883,100,100105,100,99871,100,100182,100,99847,100,100195,100,99824,100,100248,100,99790,100,100249,100,99771,100,100288,100,99725,100
2019-06-28 10:00:40.000000000,99958,308,99929,408,100016,308,99912,308,100051,100,99896,100,100054,100,99883,100,100105,100,99871,100,100182,100,99847,100,100195,100,99824,100,100248,100,99790,100,100249,100,99771,100,100288,100,99725,100
2019-06-28 10:00:43.926821800,99954,100,99929,408,99958,308,99912,308,100016,308,99896,100,100051,100,99883,100,100054,100,99871,100,100105,100,99847,100,100182,100,99824,100,100195,100,99790,100,100248,100,99771,100,100249,100,99725,100
2019-06-28 10:00:50.000000000,99954,204,99929,304,99958,204,99912,204,100016,204,99896,204,100051,204,99883,204,100054,100,99871,100,100105,100,99847,100,100182,100,99824,100,100195,100,99790,100,100248,100,99771,100,100249,100,99725,100
2019-06-28 10:01:00.000000000,99954,183,99929,283,99958,183,99912,183,100016,183,99896,183,100051,183,99883,183,100054,183,99871,183,100105,100,99847,100,100182,100,99824,100,100195,100,99790,100,100248,100,99771,100,100249,100,99725,100
2019-06-28 10:01:10.000000000,99954,204,99929,304,99958,204,99912,204,100016,204,99896,204,100051,204,99883,204,100054,100,99871,100,100105,100,99847,100,100182,100,99824,100,100195,100,99790,100,100248,100,99771,100,100249,100,99725,100
2019-06-28 10:01:12.497756603,99954,204,99929,204,99958,204,99912,204,100016,204,99896,204,100051,204,99883,204,100054,100,99871,100,100105,100,99847,100,100182,100,99824,100,100195,100,99790,100,100248,100,99771,100,100249,100,99725,100
2019-06-28 10:01:20.000000000,99954,204,99929,204,99958,204,99912,204,100016,204,99896,204,100051,204,99883,204,100054,100,99871,100,100105,100,99847,100,100182,100,99824,100,100195,100,99790,100,100248,100,99771,100,100249,100,99725,100
2019-06-28 10:01:22.583287207,99954,204,99929,104,99958,204,99912,204,100016,204,99896,204,100051,204,99883,204,100054,100,99871,100,100105,100,99847,100,100182,100,99824,100,100195,100,99790,100,100248,100,99771,100,100249,100,99725,100
2019-06-28 10:01:30.000000000,99954,204,99912,204,99958,204,99896,204,100016,204,99883,204,100051,204,99871,204,100054,100,99847,100,100105,100,99824,100,100182,100,99790,100,100195,100,99771,100,100248,100,99725,100,100249,100,99704,100
2019-06-28 10:01:36.386854877,99929,100,99912,204,99954,204,99896,204,99958,204,99883,204,100016,204,99871,204,100051,204,99847,100,100054,100,99824,100,100105,100,99790,100,100182,100,99771,100,100195,100,99725,100,100248,100,99704,100
2019-06-28 10:01:40.000000000,99929,204,99912,204,99954,204,99896,204,99958,204,99883,204,100016,204,99871,204,100051,100,99847,100,100054,100,99824,100,100105,100,99790,100,100182,100,99771,100,100195,100,99725,100,100248,100,99704,100
2019-06-28 10:01:50.000000000,99929,204,99912,204,99954,204,99896,204,99958,204,99883,204,100016,204,99871,204,100051,100,99847,100,100054,100,99824,100,100105,100,99790,100,100182,100,99771,100,100195,100,99725,100,100248,100,99704,100
2019-06-28 10:02:00.000000000,99929,308,99912,308,99954,308,99896,308,99958,100,99883,100,100016,100,99871,100,100051,100,99847,100,100054,100,99824,100,100105,100,99790,100,100182,100,99771,100,100195,100,99725,100,100248,100,99704,100
2019-06-28 10:02:05.562110095,99929,308,99912,208,99954,308,99896,308,99958,100,99883,100,100016,100,99871,100,100051,100,99847,100,100054,100,99824,100,100105,100,99790,100,100182,100,99771,100,100195,100,99725,100,100248,100,99668,100
2019-06-28 10:02:05.844450951,99929,308,99912,108,99954,308,99896,308,99958,100,99883,100,100016,100,99871,100,100051,100,99847,100,100054,100,99824,100,100105,100,99790,100,100182,100,99771,100,100195,100,99725,100,100248,100,99668,100
2019-06-28 10:02:08.642986476,99929,308,99912,8,99954,308,99896,308,99958,100,99883,100,100016,100,99871,100,100051,100,99847,100,100054,100,99824,100,100105,100,99790,100,100182,100,99771,100,100195,100,99725,100,100249,100,99668,100
2019-06-28 10:02:10.000000000,99929,516,99896,516,99954,100,99883,100,99958,100,99871,100,100016,100,99847,100,100051,100,99824,100,100054,100,99790,100,100105,100,99771,100,100182,100,99725,100,100195,100,99668,100,100249,100,99659,100
2019-06-28 10:02:19.233677989,99929,516,99896,416,99954,100,99883,100,99958,100,99871,100,100016,100,99847,100,100051,100,99824,100,100054,100,99790,100,100105,100,99771,100,100182,100,99725,100,100195,100,99668,100,100249,100,99659,100
2019-06-28 10:02:20.000000000,99929,308,99883,308,99954,308,99871,308,99958,100,99847,100,100016,100,99824,100,100051,100,99790,100,100054,100,99771,100,100105,100,99725,100,100182,100,99668,100,100195,100,99659,100,100249,100,99648,100
2019-06-28 10:02:30.000000000,99929,516,99883,516,99954,100,99871,100,99958,100,99847,100,100016,100,99824,100,100051,100,99790,100,100054,100,99771,100,100105,100,99725,100,100182,100,99668,100,100195,100,99659,100,100249,100,99648,100
2019-06-28 10:02:32.154567623,99929,516,99883,416,99954,100,99871,100,99958,100,99847,100,100016,100,99824,100,100051,100,99790,100,100054,100,99771,100,100105,100,99725,100,100182,100,99668,100,100195,100,99659,100,100249,100,99648,100
2019-06-28 10:02:40.000000000,99929,308,99871,308,99954,308,99847,308,99958,100,99824,100,100016,100,99790,100,100051,100,99771,100,100054,100,99725,100,100105,100,99668,100,100182,100,99659,100,100195,100,99648,100,100249,100,99626,100
2019-06-28 10:02:42.011934808,99929,308,99871,308,99954,308,99847,308,99958,100,99824,100,100016,100,99790,100,100051,100,99771,100,100054,100,99725,100,100105,100,99668,100,100182,100,99659,100,100195,100,99648,100,100249,100,99626,100
2019-06-28 10:02:50.000000000,99929,241,99871,241,99954,237,99847,237,99958,237,99824,237,100016,100,99790,100,100051,100,99771,100,100054,100,99725,100,100105,100,99668,100,100182,100,99659,100,100195,100,99648,100,100249,100,99626,100
2019-06-28 10:02:56.853611139,99929,241,99871,241,99954,237,99847,237,99958,137,99824,237,100016,100,99790,100,100051,100,99771,100,100054,100,99725,100,100105,100,99668,100,100182,100,99659,100,100195,100,99648,100,100249,100,99626,100
2019-06-28 10:03:00.000000000,99929,204,99871,204,99954,204,99847,204,100016,204,99824,204,100051,204,99790,204,100054,100,99771,100,100105,100,99725,100,100182,100,99668,100,100195,100,99659,100,100249,100,99648,100,100288,100,99626,100
2019-06-28 10:03:01.393129560,99929,204,99871,204,99954,204,99847,204,100016,204,99824,204,100051,204,99790,204,100054,100,99771,100,100105,100,99725,100,100182,100,99668,100,100195,100,99648,100,100249,100,99626,100,100288,100,99616,100
2019-06-28 10:03:04.704787746,99896,100,99871,204,99929,204,99847,204,99954,204,99824,204,100016,204,99790,204,100051,204,99771,100,100054,100,99725,100,100105,100,99668,100,100182,100,99648,100,100195,100,99626,100,100249,100,99616,100
2019-06-28 10:03:07.010692061,99896,100,99871,204,99929,204,99847,204,99954,204,99824,204,100016,204,99790,204,100051,204,99771,100,100054,100,99725,100,100105,100,99668,100,100182,100,99648,100,100195,100,99626,100,100249,100,99616,100
2019-06-28 10:03:10.000000000,99896,183,99871,183,99929,183,99847,183,99954,183,99824,183,100016,183,99790,183,100051,183,99771,183,100054,100,99725,100,100105,100,99668,100,100182,100,99648,100,100195,100,99626,100,100249,100,99616,100
2019-06-28 10:03:20.000000000,99896,516,99871,516,99929,100,99847,100,99954,100,99824,100,100016,100,99790,100,100051,100,99771,100,100054,100,99725,100,100105,100,99668,100,100182,100,99648,100,100195,100,99626,100,100249,100,99616,100
2019-06-28 10:03:30.000000000,99896,204,99871,204,99929,204,99847,204,99954,204,99824,204,100016,204,99790,204,100051,100,99771,100,100054,100,99725,100,100105,100,99668,100,100182,100,99648,100,100195,100,99626,100,100249,100,99616,100
2019-06-28 10:03:37.747662326,99896,204,99871,204,99929,204,99847,204,99954,204,99824,204,100016,204,99790,204,100051,100,99771,100,100054,100,99725,100,100105,100,99668,100,100182,100,99648,100,100195,100,99626,100,100249,100,99616,100
2019-06-28 10:03:40.000000000,99896,241,99871,241,99929,237,99847,237,99954,237,99824,237,100016,100,99790,100,100051,100,99771,100,100054,100,99725,100,100105,100,99668,100,100182,100,99648,100,100195,100,99626,100,100249,100,99616,100
2019-06-28 10:03:50.000000000,99896,516,99871,516,99929,100,99847,100,99954,100,99824,100,100016,100,99790,100,100051,100,99771,100,100054,100,99725,100,100105,100,99668,100,100182,100,99648,100,100195,100,99626,100,100249,100,99616,100
2019-06-28 10:03:55.330885516,99896,516,99871,416,99929,100,99847,100,99954,100,99790,100,100016,100,99771,100,100051,100,99725,100,100054,100,99668,100,100105,100,99648,100,100182,100,99626,100,100195,100,99616,100,100249,100,99572,100
2019-06-28 10:04:00.000000000,99896,204,99847,204,99929,204,99790,204,99954,204,99771,204,100016,204,99725,204,100051,100,99668,100,100054,100,99648,100,100105,100,99626,100,100182,100,99616,100,100195,100,99572,100,100249,100,99512,100
2019-06-28 10:04:10.000000000,99896,308,99847,308,99929,308,99790,308,99954,100,99771,100,100016,100,99725,100,100051,100,99668,100,100054,100,99648,100,100105,100,99626,100,100182,100,99616,100,100195,100,99572,100,100249,100,99512,100
2019-06-28 10:04:16.944545832,99896,308,99847,308,99929,308,99790,308,99954,100,99771,100,100016,100,99725,100,100051,100,99648,100,100054,100,99626,100,100105,100,99616,100,100182,100,99572,100,100195,100,99512,100,100249,100,99509,100
2019-06-28 10:04:17.847320513,99883,100,99847,308,99896,308,99790,308,99929,308,99771,100,99954,100,99725,100,100016,100,99648,100,100051,100,99626,100,100054,100,99616,100,100105,100,99572,100,100182,100,99512,100,100195,100,99509,100
2019-06-28 10:04:20.000000000,99883,308,99847,308,99896,308,99790,308,99929,100,99771,100,99954,100,99725,100,100016,100,99648,100,100051,100,99626,100,100054,100,99616,100,100105,100,99572,100,100182,100,99512,100,100195,100,99509,100
2019-06-28 10:04:23.443679343,99883,408,99847,308,99896,308,99790,308,99929,100,99771,100,99954,100,99725,100,100016,100,99648,100,100054,100,99626,100,100105,100,99616,100,100182,100,99572,100,100195,100,99512,100,100249,100,99509,100
2019-06-28 10:04:24.089253449,99883,508,99847,308,99896,308,99790,308,99929,100,99771,100,99954,100,99725,100,100016,100,99648,100,100054,100,99626,100,100105,100,99616,100,100182,100,99572,100,100195,100,99512,100,100249,100,99509,100
2019-06-28 10:04:29.921210245,99883,508,99847,208,99896,308,99790,308,99929,100,99771,100,99954,100,99725,100,100016,100,99648,100,100054,100,99626,100,100105,100,99616,100,100182,100,99572,100,100195,100,99512,100,100249,100,99509,100
2019-06-28 10:04:30.000000000,99883,441,99790,241,99896,237,99771,237,99929,237,99725,237,99954,100,99648,100,100016,100,99626,100,100054,100,99616,100,100105,100,99572,100,100182,100,99512,100,100195,100,99509,100,100249,100,99451,100
2019-06-28 10:04:32.997122425,99883,441,99790,241,99896,237,99771,237,99929,237,99725,237,99954,100,99648,100,100016,100,99626,100,100054,100,99616,100,100105,100,99572,100,100182,100,99512,100,100195,100,99509,100,100249,100,99451,100
2019-06-28 10:04:34.559979420,99883,441,99790,141,99896,237,99771,137,99929,237,99725,237,99954,100,99648,100,100016,100,99626,100,100054,100,99616,100,100105,100,99572,100,100182,100,99512,100,100195,100,99509,100,100249,100,99451,100
2019-06-28 10:04:40.000000000,99883,716,99725,516,99896,100,99648,100,99929,100,99626,100,99954,100,99616,100,100016,100,99572,100,100054,100,99512,100,100105,100,99509,100,100182,100,99451,100,100195,100,99326,100,100249,100,99273,100
2019-06-28 10:04:50.000000000,99883,441,99725,241,99896,237,99648,237,99929,237,99626,237,99954,100,99616,100,100016,100,99572,100,100054,100,99512,100,100105,100,99509,100,100182,100,99451,100,100195,100,99326,100,100249,100,99273,100
2019-06-28 10:04:52.741137002,99883,341,99725,241,99896,237,99648,237,99929,237,99626,237,99954,100,99616,100,100016,100,99572,100,100054,100,99512,100,100105,100,99509,100,100182,100,99451,100,100195,100,99326,100,100249,100,99273,100
2019-06-28 10:05:00.000000000,99883,341,99725,241,99896,237,99648,237,99929,237,99626,237,99954,100,99616,100,100016,100,99572,100,100054,100,99512,100,100105,100,99509,100,100182,100,99451,100,100195,100,99326,100,100249,100,99273,100
2019-06-28 10:05:10.000000000,99883,616,99725,516,99896,100,99648,100,99929,100,99626,100,99954,100,99616,100,100016,100,99572,100,100054,100,99512,100,100105,100,99509,100,100182,100,99451,100,100195,100,99326,100,100249,100,99273,100
2019-06-28 10:05:20.000000000,99883,408,99725,308,99896,308,99648,308,99929,100,99626,100,99954,100,99616,100,100016,100,99572,100,100054,100,99512,100,100105,100,99509,100,100182,100,99451,100,100195,100,99326,100,100249,100,99273,100
2019-06-28 10:05:30.000000000,99883,341,99725,241,99896,237,99648,237,99929,237,99626,237,99954,100,99616,100,100016,100,99572,100,100054,100,99512,100,100105,100,99509,100,100182,100,99451,100,100195,100,99326,100,100249,100,99273,100
2019-06-28 10:05:40.000000000,99883,408,99725,308,99896,308,99648,308,99929,100,99626,100,99954,100,99616,100,100016,100,99572,100,100054,100,99512,100,100105,100,99509,100,100182,100,99451,100,100195,100,99326,100,100249,100,99273,100
2019-06-28 10:05:50.000000000,99883,304,99725,204,99896,204,99648,204,99929,204,99626,204,99954,204,99616,204,100016,100,99572,100,100054,100,99512,100,100105,100,99509,100,100182,100,99451,100,100195,100,99326,100,100249,100,99273,100
2019-06-28 10:05:56.372342788,99883,304,99725,204,99896,204,99648,204,99929,204,99626,204,99954,204,99616,204,100016,100,99572,100,100054,100,99512,100,100105,100,99509,100,100182,100,99451,100,100195,100,99326,100,100249,100,99273,100
2019-06-28 10:06:00.000000000,99883,408,99725,308,99896,308,99648,308,99929,100,99626,100,99954,100,99616,100,100016,100,99572,100,100054,100,99512,100,100105,100,99509,100,100182,100,99451,100,100195,100,99326,100,100249,100,99273,100
2019-06-28 10:06:03.451248475,99883,408,99725,308,99896,308,99648,308,99929,100,99626,100,99954,100,99616,100,100016,100,99572,100,100054,100,99512,100,100105,100,99509,100,100182,100,99451,100,100195,100,99326,100,100249,100,99273,100
2019-06-28 10:06:10.000000000,99883,341,99725,241,99896,237,99648,237,99929,237,99626,237,99954,100,99616,100,100016,100,99572,100,100054,100,99512,100,100105,100,99509,100,100182,100,99451,100,100195,100,99326,100,100249,100,99273,100
2019-06-28 10:06:20.000000000,99883,304,99725,204,99896,204,99648,204,99929,204,99626,204,99954,204,99616,204,100016,100,99572,100,100054,100,99512,100,100105,100,99509,100,100182,100,99451,100,100195,100,99326,100,100249,100,99273,100
2019-06-28 10:06:24.456602579,99847,100,99725,204,99883,304,99648,204,99896,204,99626,204,99929,204,99616,204,99954,204,99572,100,100016,100,99512,100,100054,100,99509,100,100105,100,99451,100,100182,100,99326,100,100195,100,99273,100
2019-06-28 10:06:30.000000000,99847,204,99725,204,99883,304,99648,204,99896,204,99626,204,99929,204,99616,204,99954,100,99572,100,100016,100,99512,100,100054,100,99509,100,100105,100,99451,100,100182,100,99326,100,100195,100,99273,100
2019-06-28 10:06:40.000000000,99847,183,99725,183,99883,283,99648,183,99896,183,99626,183,99929,183,99616,183,99954,183,99572,183,100016,100,99512,100,100054,100,99509,100,100105,100,99451,100,100182,100,99326,100,100195,100,99273,100
2019-06-28 10:06:50.000000000,99847,204,99725,204,99883,304,99648,204,99896,204,99626,204,99929,204,99616,204,99954,100,99572,100,100016,100,99512,100,100054,100,99509,100,100105,100,99451,100,100182,100,99326,100,100195,100,99273,100
2019-06-28 10:06:59.190824896,99847,204,99725,204,99883,304,99648,204,99896,204,99626,204,99929,204,99616,204,99954,100,99572,100,100016,100,99512,100,100054,100,99509,100,100105,100,99451,100,100182,100,99326,100,100195,100,99273,100
2019-06-28 10:07:00.000000000,99847,308,99725,308,99883,408,99648,308,99896,100,99626,100,99929,100,99616,100,99954,100,99572,100,100016,100,99512,100,100054,100,99509,100,100105,100,99451,100,100182,100,99326,100,100195,100,99273,100
2019-06-28 10:07:10.000000000,99847,308,99725,308,99883,408,99648,308,99896,100,99626,100,99929,100,99616,100,99954,100,99572,100,100016,100,99512,100,100054,100,99509,100,100105,100,99451,100,100182,100,99326,100,100195,100,99273,100
2019-06-28 10:07:11.651062625,99847,308,99725,308,99883,408,99648,308,99896,100,99626,100,99929,100,99616,100,99954,100,99572,100,100016,100,99512,100,100054,100,99509,100,100105,100,99451,100,100182,100,99326,100,100195,100,99305,100
2019-06-28 10:07:20.000000000,99847,516,99725,516,99883,200,99648,100,99896,100,99626,100,99929,100,99616,100,99954,100,99572,100,100016,100,99512,100,100054,100,99509,100,100105,100,99451,100,100182,100,99326,100,100195,100,99305,100
2019-06-28 10:07:30.000000000,99847,308,99725,308,99883,408,99648,308,99896,100,99626,100,99929,100,99616,100,99954,100,99572,100,100016,100,99512,100,100054,100,99509,100,100105,100,99451,100,100182,100,99326,100,100195,100,99305,100
2019-06-28 10:07:37.400798801,99847,308,99725,208,99883,408,99648,308,99896,100,99626,100,99929,100,99616,100,99954,100,99572,100,100016,100,99512,100,100054,100,99509,100,100105,100,99451,100,100182,100,99326,100,100195,100,99305,100
2019-06-28 10:07:40.000000000,99847,516,99648,516,99883,200,99626,100,99896,100,99616,100,99929,100,99572,100,99954,100,99512,100,100016,100,99509,100,100054,100,99451,100,100105,100,99326,100,100182,100,99305,100,100195,100,99273,100
2019-06-28 10:07:50.000000000,99847,183,99648,183,99883,283,99626,183,99896,183,99616,183,99929,183,99572,183,99954,183,99512,183,100016,100,99509,100,100054,100,99451,100,100105,100,99326,100,100182,100,99305,100,100195,100,99273,100
2019-06-28 10:07:52.223493471,99847,183,99648,183,99883,283,99626,183,99896,83,99616,183,99929,183,99572,183,99954,183,99512,183,100016,100,99509,100,100054,100,99451,100,100105,100,99326,100,100182,100,99305,100,100195,100,99273,100
