,ask_price_1,ask_size_1,bid_price_1,bid_size_1,ask_price_2,ask_size_2,bid_price_2,bid_size_2,ask_price_3,ask_size_3,bid_price_3,bid_size_3,ask_price_4,ask_size_4,bid_price_4,bid_size_4,ask_price_5,ask_size_5,bid_price_5,bid_size_5,ask_price_6,ask_size_6,bid_price_6,bid_size_6,ask_price_7,ask_size_7,bid_price_7,bid_size_7,ask_price_8,ask_size_8,bid_price_8,bid_size_8,ask_price_9,ask_size_9,bid_price_9,bid_size_9,ask_price_10,ask_size_10,bid_price_10,bid_size_10
2019-06-28 09:30:00.000000001,100097,100,,,,,,,,,,,,,,,,,,,,,,,,,,,,,,,,,,,,,,
2019-06-28 09:30:00.000000002,100097,100,99895,100,,,,,,,,,,,,,,,,,,,,,,,,,,,,,,,,,,,,
2019-06-28 09:30:00.000000003,100097,100,99971,100,,,99931,100,,,99895,100,,,,,,,,,,,,,,,,,,,,,,,,,,,,
2019-06-28 09:30:00.000000007,100085,100,100046,100,100097,100,99971,100,100176,100,99931,100,,,99895,100,,,,,,,,,,,,,,,,,,,,,,,,
2019-06-28 09:30:00.000000008,100085,100,99971,100,100097,100,99931,100,100176,100,99895,100,,,,,,,,,,,,,,,,,,,,,,,,,,,,
2019-06-28 09:30:00.000000011,100057,100,99971,100,100085,100,99931,100,100097,100,99895,100,100176,100,,,,,,,,,,,,,,,,,,,,,,,,,,
2019-06-28 09:30:00.000000014,99997,100,99971,100,100057,100,99931,100,100085,100,99895,100,100097,100,99883,100,100176,100,,,,,,,,,,,,,,,,,,,,,,
2019-06-28 09:30:00.000000015,99997,100,99971,100,100057,100,99931,100,100085,100,99905,100,100097,100,99895,100,100176,100,99883,100,,,,,,,,,,,,,,,,,,,,
2019-06-28 09:30:00.000000017,100057,100,99971,100,100085,100,99931,100,100097,100,99905,100,100115,100,99895,100,100176,100,99883,100,,,,,,,,,,,,,,,,,,,,
2019-06-28 09:30:00.000000018,100057,100,99971,100,100085,100,99931,100,100097,100,99908,100,100115,100,99905,100,100176,100,99895,100,,,99883,100,,,99811,100,,,,,,,,,,,,
2019-06-28 09:30:00.000000019,100032,100,99971,100,100057,100,99931,100,100085,100,99908,100,100097,100,99905,100,100115,100,99895,100,100176,100,99883,100,,,99811,100,,,,,,,,,,,,
2019-06-28 09:30:00.000000020,100032,100,99931,100,100057,100,99908,100,100085,100,99905,100,100097,100,99895,100,100115,100,99883,100,100176,100,99811,100,,,,,,,,,,,,,,,,
2019-06-28 09:30:00.000000021,99997,100,99931,100,100032,100,99908,100,100057,100,99905,100,100085,100,99895,100,100097,100,99883,100,100115,100,99811,100,100176,100,,,,,,,,,,,,,,
2019-06-28 09:30:00.000000024,99997,100,99957,100,100032,100,99931,100,100057,100,99908,100,100085,100,99905,100,100097,100,99895,100,100115,100,99883,100,100176,100,99811,100,,,,,,,,,,,,
2019-06-28 09:30:00.000000026,100032,100,99957,100,100057,100,99931,100,100085,100,99908,100,100097,100,99905,100,100115,100,99895,100,100127,100,99883,100,100176,100,99811,100,,,,,,,,,,,,
2019-06-28 09:30:00.000000027,100032,100,99971,100,100057,100,99957,100,100085,100,99931,100,100097,100,99908,100,100115,100,99905,100,100127,100,99895,100,100176,100,99883,100,,,99811,100,,,,,,,,
2019-06-28 09:30:00.000000028,100032,100,99971,100,100057,100,99957,100,100085,100,99931,100,100097,100,99908,100,100115,100,99905,100,100127,100,99895,100,100176,100,99883,100,100209,100,99811,100,,,,,,,,
2019-06-28 09:30:00.000000030,100032,100,99971,100,100057,100,99957,100,100085,100,99931,100,100097,100,99919,100,100115,100,99908,100,100127,100,99905,100,100176,100,99895,100,100209,100,99883,100,,,99811,100,,,,
2019-06-28 09:30:00.000000034,99997,100,99971,100,100032,100,99957,100,100057,100,99931,100,100085,100,99919,100,100097,100,99908,100,100115,100,99905,100,100127,100,99895,100,100176,100,99883,100,100209,100,99811,100,,,,
2019-06-28 09:30:00.000000037,99997,100,99971,100,100032,100,99957,100,100057,100,99931,100,100085,100,99919,100,100097,100,99908,100,100105,100,99905,100,100115,100,99895,100,100127,100,99883,100,100176,100,99811,100,100209,100,,
2019-06-28 09:30:00.000000042,99997,200,99971,100,100032,100,99957,100,100057,100,99931,100,100085,100,99919,100,100097,100,99908,200,100105,100,99905,100,100115,100,99895,100,100127,100,99883,100,100176,100,99811,100,100209,100,,
2019-06-28 09:30:00.000000044,99997,200,99993,100,100032,100,99971,100,100057,100,99957,100,100085,100,99931,100,100097,100,99919,100,100105,100,99908,200,100115,100,99905,100,100127,100,99895,100,100176,100,99883,100,100209,100,99811,100
2019-06-28 09:30:00.000000045,99997,200,99993,100,100032,100,99971,200,100037,100,99957,100,100057,100,99938,100,100085,100,99931,100,100097,100,99919,100,100105,100,99908,200,100115,100,99905,100,100127,100,99895,100,100176,100,99883,100
2019-06-28 09:30:00.000000047,99997,200,99993,100,100032,100,99971,300,100037,100,99957,100,100057,100,99938,100,100085,100,99931,100,100097,100,99919,100,100105,100,99908,200,100115,100,99905,100,100127,100,99895,100,100176,100,99883,100
2019-06-28 09:30:00.000000049,99997,200,99993,100,100032,100,99978,100,100037,100,99971,300,100057,100,99957,100,100085,100,99938,100,100097,100,99931,100,100105,100,99919,100,100115,100,99908,200,100127,100,99905,100,100176,100,99895,100
2019-06-28 09:30:00.000000051,99997,200,99993,100,100032,100,99978,100,100037,100,99971,300,100057,100,99957,100,100085,200,99938,100,100097,100,99931,100,100105,100,99919,100,100115,100,99908,200,100127,100,99905,100,100176,100,99895,100
2019-06-28 09:30:00.000000053,99997,300,99993,100,100032,100,99978,100,100037,100,99971,300,100057,100,99957,100,100085,200,99938,100,100097,100,99931,100,100105,100,99919,100,100115,100,99908,200,100127,100,99905,100,100176,100,99895,100
2019-06-28 09:30:00.000000058,99997,300,99993,100,100032,100,99978,100,100037,100,99971,400,100040,100,99957,100,100057,100,99938,100,100085,200,99931,100,100097,100,99919,100,100105,100,99908,200,100115,100,99905,100,100127,100,99895,100
2019-06-28 09:30:00.000000059,99997,300,99993,100,100032,100,99978,100,100037,100,99971,400,100040,100,99957,100,100057,100,99938,100,100085,200,99931,100,100097,100,99919,100,100105,100,99908,200,100115,100,99905,100,100127,100,99902,100
2019-06-28 09:30:00.000000062,99997,400,99993,100,100032,100,99978,100,100037,100,99971,400,100040,100,99957,100,100057,100,99938,100,100085,200,99931,100,100097,100,99919,100,100105,100,99908,200,100115,100,99905,100,100127,100,99902,100
2019-06-28 09:30:00.000000063,99997,400,99993,100,100032,100,99978,100,100037,100,99971,400,100040,100,99957,100,100057,100,99938,100,100061,100,99931,100,100085,200,99919,100,100091,100,99911,100,100097,100,99908,200,100105,100,99905,100
2019-06-28 09:30:00.000000064,99997,400,99978,100,100032,100,99971,400,100037,100,99957,100,100040,100,99938,100,100057,100,99931,100,100061,100,99919,100,100085,200,99911,100,100091,100,99908,200,100097,100,99905,100,100105,100,99902,100
2019-06-28 09:30:00.000000067,99997,400,99978,100,100018,100,99971,400,100032,100,99957,100,100037,100,99938,100,100040,100,99931,100,100057,100,99919,100,100061,100,99911,100,100085,200,99908,200,100091,100,99905,100,100097,100,99902,100
2019-06-28 09:30:00.000000068,99997,400,99978,100,100018,100,99971,400,100032,100,99957,100,100037,100,99949,100,100040,100,99938,100,100057,100,99931,100,100061,100,99919,100,100085,200,99911,100,100091,100,99908,200,100097,100,99905,100
2019-06-28 09:30:00.000000069,99997,400,99978,100,100018,100,99971,400,100032,100,99957,100,100037,100,99949,100,100040,100,99938,100,100057,100,99931,100,100061,100,99919,100,100085,200,99911,100,100091,100,99908,200,100097,100,99905,100
2019-06-28 09:30:00.000000070,99997,400,99993,100,100018,100,99978,100,100032,100,99971,400,100037,100,99957,100,100040,100,99949,100,100057,100,99938,100,100061,100,99931,100,100085,200,99919,100,100091,100,99911,100,100097,100,99908,200
2019-06-28 09:30:00.000000074,99997,400,99993,200,100018,100,99978,100,100032,100,99971,400,100037,100,99957,100,100040,100,99949,100,100057,100,99938,100,100061,100,99931,100,100085,200,99919,100,100091,100,99911,100,100097,100,99908,200
2019-06-28 09:30:00.000000076,99997,400,99993,200,99999,100,99978,100,100018,100,99971,400,100032,100,99957,100,100037,100,99949,100,100040,100,99938,100,100057,100,99931,100,100061,100,99919,100,100085,200,99911,100,100091,100,99908,200
2019-06-28 09:30:00.000000077,99997,400,99993,200,99999,100,99978,100,100018,100,99971,400,100032,100,99957,100,100037,100,99949,100,100040,100,99938,100,100050,100,99937,100,100057,100,99931,100,100061,100,99919,100,100085,200,99911,100
2019-06-28 09:30:00.000000080,99997,400,99993,200,99999,100,99978,100,100018,100,99971,400,100032,100,99957,100,100037,100,99949,100,100040,100,99938,100,100050,100,99937,100,100055,100,99931,100,100057,100,99919,100,100061,100,99911,100
2019-06-28 09:30:00.000000082,99996,100,99993,200,99997,400,99978,100,99999,100,99971,400,100018,100,99957,100,100032,100,99949,100,100037,100,99938,100,100040,100,99937,100,100050,100,99931,100,100055,100,99919,100,100057,100,99911,100
2019-06-28 09:30:00.000000083,99996,100,99993,200,99997,400,99978,100,99999,100,99971,400,100018,100,99957,100,100032,100,99949,100,100037,100,99938,100,100040,200,99937,100,100050,100,99931,100,100055,100,99919,100,100057,100,99911,100
2019-06-28 09:30:00.000000086,99996,100,99993,200,99997,400,99978,100,99999,100,99971,400,100018,100,99957,100,100032,100,99949,100,100037,100,99938,100,100040,200,99937,100,100050,100,99931,100,100055,100,99919,100,100057,100,99911,100
2019-06-28 09:30:00.000000087,99996,100,99993,200,99997,400,99978,100,99999,100,99971,400,100018,100,99957,100,100032,100,99949,100,100037,100,99938,100,100040,200,99937,100,100050,100,99931,100,100055,100,99919,100,100057,100,99911,100
2019-06-28 09:30:00.000000089,99996,100,99993,200,99997,400,99978,100,99999,100,99971,400,100018,100,99957,100,100032,100,99949,100,100037,100,99938,100,100040,200,99937,100,100050,100,99931,100,100055,100,99919,100,100057,100,99911,100
2019-06-28 09:30:00.000000090,99996,100,99993,300,99997,400,99978,100,99999,100,99971,400,100018,100,99957,100,100032,100,99949,100,100037,100,99938,100,100040,200,99937,100,100050,100,99931,100,100055,100,99919,100,100057,100,99911,100
2019-06-28 09:30:00.000000091,99996,100,99993,300,99997,400,99978,100,99999,100,99971,400,100018,100,99957,100,100032,100,99949,100,100037,100,99938,100,100040,200,99937,100,100050,100,99934,100,100055,100,99931,100,100057,100,99919,100
2019-06-28 09:30:00.000000093,99996,100,99993,300,99997,400,99978,100,99999,100,99971,400,100018,100,99957,100,100032,100,99949,100,100037,100,99938,100,100040,200,99937,100,100050,100,99934,100,100055,100,99931,100,100057,100,99919,100
2019-06-28 09:30:00.000000097,99996,100,99993,300,99997,400,99978,100,99999,100,99971,400,100018,100,99957,100,100032,100,99949,100,100037,100,99938,100,100040,200,99937,100,100050,100,99934,100,100055,100,99931,100,100056,100,99919,100
2019-06-28 09:30:02.917966392,99996,100,99993,300,99997,400,99978,100,99999,100,99971,400,100018,100,99957,100,100032,100,99949,100,100037,100,99938,100,100040,200,99937,100,100050,100,99934,100,100055,100,99931,100,100056,100,99919,100
2019-06-28 09:30:10.000000000,99996,249,99993,449,99997,549,99978,249,99999,100,99971,400,100018,100,99957,100,100032,100,99949,100,100037,100,99938,100,100040,200,99937,100,100050,100,99934,100,100055,100,99931,100,100056,100,99919,100
2019-06-28 09:30:15.994673762,99996,349,99993,449,99997,549,99978,249,99999,100,99971,400,100018,100,99957,100,100032,100,99949,100,100037,100,99938,100,100040,200,99937,100,100050,100,99934,100,100055,100,99931,100,100056,100,99919,100
2019-06-28 09:30:16.377230906,99996,349,99993,449,99997,549,99978,249,99999,100,99971,400,100018,100,99957,100,100032,100,99949,100,100037,100,99938,100,100040,200,99937,100,100050,100,99934,100,100055,100,99931,100,100056,100,99917,100
2019-06-28 09:30:20.000000000,99996,301,99993,401,99997,498,99978,198,99999,198,99971,498,100018,100,99957,100,100032,100,99949,100,100037,100,99938,100,100040,200,99937,100,100050,100,99934,100,100055,100,99931,100,100056,100,99917,100
2019-06-28 09:30:30.000000000,99996,274,99993,374,99997,474,99978,174,99999,174,99971,474,100018,174,99957,174,100032,100,99949,100,100037,100,99938,100,100040,200,99937,100,100050,100,99934,100,100055,100,99931,100,100056,100,99917,100
2019-06-28 09:30:38.294248319,99996,174,99993,374,99997,474,99978,174,99999,174,99971,474,100018,174,99957,174,100032,100,99949,100,100037,100,99938,100,100040,200,99937,100,100050,100,99934,100,100055,100,99931,100,100056,100,99917,100
2019-06-28 09:30:40.000000000,99996,160,99993,360,99997,460,99978,160,99999,160,99971,460,100018,160,99957,160,100032,160,99949,160,100037,100,99938,100,100040,200,99937,100,100050,100,99934,100,100055,100,99931,100,100056,100,99917,100
2019-06-28 09:30:43.065729778,99996,60,99993,360,99997,460,99978,160,99999,160,99971,460,100018,160,99957,160,100032,160,99949,160,100037,100,99938,100,100040,200,99937,100,100050,100,99934,100,100055,100,99931,100,100056,100,99917,100
2019-06-28 09:30:50.000000000,99997,501,99993,401,99999,198,99978,198,100018,198,99971,498,100032,100,99957,100,100037,100,99949,100,100040,200,99938,100,100050,100,99937,100,100055,100,99934,100,100056,100,99931,100,100057,100,99917,100
2019-06-28 09:30:50.769410574,99997,501,99993,401,99999,198,99978,198,100018,198,99971,498,100032,100,99949,100,100037,100,99938,100,100040,200,99937,100,100050,100,99934,100,100055,100,99931,100,100056,100,99917,100,100057,100,99912,100
2019-06-28 09:31:00.000000000,99997,474,99993,374,99999,174,99978,174,100018,174,99971,474,100032,174,99949,174,100037,100,99938,100,100040,200,99937,100,100050,100,99934,100,100055,100,99931,100,100056,100,99917,100,100057,100,99912,100
2019-06-28 09:31:10.000000000,99997,501,99993,401,99999,198,99978,198,100018,198,99971,498,100032,100,99949,100,100037,100,99938,100,100040,200,99937,100,100050,100,99934,100,100055,100,99931,100,100056,100,99917,100,100057,100,99912,100
2019-06-28 09:31:20.000000000,99997,474,99993,374,99999,174,99978,174,100018,174,99971,474,100032,174,99949,174,100037,100,99938,100,100040,200,99937,100,100050,100,99934,100,100055,100,99931,100,100056,100,99917,100,100057,100,99912,100
2019-06-28 09:31:20.232332419,99997,474,99993,374,99999,174,99978,174,100018,174,99971,474,100032,174,99949,174,100037,100,99938,100,100040,200,99937,100,100050,100,99934,100,100055,100,99931,100,100056,100,99917,100,100057,100,99912,100
2019-06-28 09:31:25.404041144,99997,474,99993,374,99999,174,99978,174,100018,174,99971,474,100032,174,99949,174,100037,100,99938,100,100040,200,99937,100,100050,100,99934,100,100055,100,99931,100,100056,100,99917,100,100057,100,99912,100
2019-06-28 09:31:30.000000000,99997,474,99993,374,99999,174,99978,174,100018,174,99971,474,100032,174,99949,174,100037,100,99938,100,100040,200,99937,100,100050,100,99934,100,100055,100,99931,100,100056,100,99917,100,100057,100,99912,100
2019-06-28 09:31:38.057612103,99997,474,99993,374,99999,174,99978,174,100018,174,99971,474,100032,174,99949,174,100037,100,99938,100,100040,200,99937,100,100050,100,99934,100,100055,100,99931,100,100056,100,99917,100,100057,100,99912,100
2019-06-28 09:31:40.000000000,99997,698,99993,598,99999,100,99978,100,100018,100,99971,400,100032,100,99949,100,100037,100,99938,100,100040,200,99937,100,100050,100,99934,100,100055,100,99931,100,100056,100,99917,100,100057,100,99912,100
2019-06-28 09:31:47.320302452,99997,698,99993,598,99999,100,99978,100,100018,100,99971,400,100037,100,99949,100,100040,200,99938,100,100050,100,99937,100,100055,100,99934,100,100056,100,99931,100,100057,100,99917,100,100069,100,99912,100
2019-06-28 09:31:49.261471096,99997,698,99993,598,99999,100,99978,100,100018,100,99971,400,100037,100,99949,100,100040,200,99938,100,100050,100,99937,100,100055,100,99934,100,100056,100,99931,100,100057,100,99917,100,100069,100,99912,100
2019-06-28 09:31:50.000000000,99997,474,99993,374,99999,174,99978,174,100018,174,99971,474,100037,174,99949,174,100040,200,99938,100,100050,100,99937,100,100055,100,99934,100,100056,100,99931,100,100057,100,99917,100,100069,100,99912,100
2019-06-28 09:32:00.000000000,99997,698,99993,598,99999,100,99978,100,100018,100,99971,400,100037,100,99949,100,100040,200,99938,100,100050,100,99937,100,100055,100,99934,100,100056,100,99931,100,100057,100,99917,100,100069,100,99912,100
2019-06-28 09:32:10.000000000,99997,549,99993,449,99999,249,99978,249,100018,100,99971,400,100037,100,99949,100,100040,200,99938,100,100050,100,99937,100,100055,100,99934,100,100056,100,99931,100,100057,100,99917,100,100069,100,99912,100
2019-06-28 09:32:20.000000000,99997,460,99993,360,99999,160,99978,160,100018,160,99971,460,100037,160,99949,160,100040,260,99938,160,100050,100,99937,100,100055,100,99934,100,100056,100,99931,100,100057,100,99917,100,100069,100,99912,100
2019-06-28 09:32:26.302986747,99997,460,99993,360,99999,160,99978,160,100018,160,99971,460,100037,160,99949,160,100040,260,99938,160,100050,100,99937,100,100055,100,99934,100,100056,100,99931,100,100057,100,99917,100,100069,100,99912,100
2019-06-28 09:32:30.000000000,99997,474,99993,374,99999,174,99978,174,100018,174,99971,474,100037,174,99949,174,100040,200,99938,100,100050,100,99937,100,100055,100,99934,100,100056,100,99931,100,100057,100,99917,100,100069,100,99912,100
2019-06-28 09:32:38.138332941,99997,474,99993,374,99999,174,99978,174,100018,174,99971,474,100037,174,99949,174,100040,200,99938,100,100050,100,99937,100,100055,100,99934,100,100056,100,99917,100,100057,100,99912,100,100069,100,99911,100
2019-06-28 09:32:40.000000000,99997,474,99993,374,99999,174,99978,174,100018,174,99971,474,100037,174,99949,174,100040,200,99938,100,100050,100,99937,100,100055,100,99934,100,100056,100,99917,100,100057,100,99912,100,100069,100,99911,100
2019-06-28 09:32:50.000000000,99997,460,99993,360,99999,160,99978,160,100018,160,99971,460,100037,160,99949,160,100040,260,99938,160,100050,100,99937,100,100055,100,99934,100,100056,100,99917,100,100057,100,99912,100,100069,100,99911,100
2019-06-28 09:32:51.680852151,99997,460,99993,360,99999,160,99978,160,100018,160,99971,460,100037,160,99949,160,100040,260,99938,160,100050,100,99937,100,100055,100,99934,100,100056,100,99917,100,100057,100,99912,100,100069,100,99911,100
2019-06-28 09:33:00.000000000,99997,501,99993,401,99999,198,99978,198,100018,198,99971,498,100037,100,99949,100,100040,200,99938,100,100050,100,99937,100,100055,100,99934,100,100056,100,99917,100,100057,100,99912,100,100069,100,99911,100
2019-06-28 09:33:03.315908360,99997,501,99993,401,99999,198,99978,198,100002,100,99971,498,100018,198,99949,100,100037,100,99938,100,100040,200,99937,100,100055,100,99934,100,100056,100,99917,100,100057,100,99912,100,100069,100,99911,100
2019-06-28 09:33:04.163677657,99997,501,99993,401,99999,198,99978,198,100002,100,99971,498,100018,198,99949,100,100037,100,99938,100,100040,200,99937,100,100055,100,99934,100,100056,100,99912,100,100057,100,99911,100,100068,100,99908,200
2019-06-28 09:33:10.000000000,99997,501,99993,401,99999,198,99978,198,100002,198,99971,498,100018,100,99949,100,100037,100,99938,100,100040,200,99937,100,100055,100,99934,100,100056,100,99912,100,100057,100,99911,100,100068,100,99908,200
2019-06-28 09:33:11.239608937,99997,501,99993,301,99999,198,99978,198,100002,198,99971,498,100018,100,99949,100,100037,100,99938,100,100040,200,99937,100,100055,100,99934,100,100056,100,99912,100,100057,100,99911,100,100068,100,99908,200
2019-06-28 09:33:14.376710177,99995,100,99993,301,99997,501,99978,198,99999,198,99971,498,100002,198,99949,100,100018,100,99938,100,100037,100,99937,100,100040,200,99934,100,100055,100,99912,100,100056,100,99911,100,100057,100,99908,200
2019-06-28 09:33:20.000000000,99995,160,99993,260,99997,460,99978,160,99999,160,99971,460,100002,160,99949,160,100018,160,99938,160,100037,100,99937,100,100040,200,99934,100,100055,100,99912,100,100056,100,99911,100,100057,100,99908,200
2019-06-28 09:33:20.404705815,99995,160,99993,260,99997,460,99978,160,99999,160,99971,460,100002,160,99949,160,100018,160,99938,160,100037,100,99937,100,100040,200,99934,100,100055,100,99912,100,100056,100,99911,100,100057,100,99908,200
2019-06-28 09:33:27.751728939,99995,160,99993,160,99997,460,99978,160,99999,160,99971,460,100002,160,99949,160,100018,160,99938,160,100037,100,99934,100,100040,200,99912,100,100055,100,99911,100,100056,100,99908,200,100057,100,99907,100
2019-06-28 09:33:29.081803136,99994,100,99993,160,99995,160,99978,160,99997,460,99971,460,99999,160,99949,160,100002,160,99938,160,100018,160,99934,100,100037,100,99912,100,100040,200,99911,100,100055,100,99908,200,100056,100,99907,100
2019-06-28 09:33:30.000000000,99994,249,99993,249,99995,249,99978,249,99997,400,99971,400,99999,100,99949,100,100002,100,99938,100,100018,100,99934,100,100037,100,99912,100,100040,200,99911,100,100055,100,99908,200,100056,100,99907,100
2019-06-28 09:33:40.000000000,99994,249,99993,249,99995,249,99978,249,99997,400,99971,400,99999,100,99949,100,100002,100,99938,100,100018,100,99934,100,100037,100,99912,100,100040,200,99911,100,100055,100,99908,200,100056,100,99907,100
2019-06-28 09:33:50.000000000,99994,201,99993,201,99995,198,99978,198,99997,498,99971,498,99999,100,99949,100,100002,100,99938,100,100018,100,99934,100,100037,100,99912,100,100040,200,99911,100,100055,100,99908,200,100056,100,99907,100
2019-06-28 09:34:00.000000000,99994,174,99993,174,99995,174,99978,174,99997,474,99971,474,99999,174,99949,174,100002,100,99938,100,100018,100,99934,100,100037,100,99912,100,100040,200,99911,100,100055,100,99908,200,100056,100,99907,100
2019-06-28 09:34:06.865172163,99994,174,99993,174,99995,174,99978,174,99997,374,99971,474,99999,174,99949,174,100002,100,99938,100,100018,100,99934,100,100037,100,99912,100,100040,200,99911,100,100055,100,99908,200,100056,100,99907,100
2019-06-28 09:34:10.000000000,99994,398,99993,398,99995,100,99978,100,99997,300,99971,400,99999,100,99949,100,100002,100,99938,100,100018,100,99934,100,100037,100,99912,100,100040,200,99911,100,100055,100,99908,200,100056,100,99907,100
2019-06-28 09:34:12.638340868,99994,398,99993,398,99995,100,99978,100,99997,300,99971,400,99999,100,99949,100,100002,100,99938,100,100018,100,99934,100,100037,100,99912,100,100040,200,99911,100,100055,100,99908,200,100056,100,99907,100
2019-06-28 09:34:14.710798089,99994,398,99993,398,99995,100,99978,100,99997,300,99971,400,100002,100,99969,100,100018,100,99949,100,100037,100,99938,100,100040,200,99934,100,100055,100,99912,100,100056,100,99911,100,100068,100,99908,200
2019-06-28 09:34:16.707098105,99994,298,99993,398,99995,100,99978,100,99997,300,99971,400,100002,100,99969,100,100018,100,99949,100,100037,100,99938,100,100040,200,99934,100,100055,100,99912,100,100056,100,99911,100,100068,100,99908,200
2019-06-28 09:34:20.000000000,99995,160,99993,160,99997,360,99978,160,100002,160,99971,460,100018,160,99969,160,100037,160,99949,160,100040,200,99938,100,100055,100,99934,100,100056,100,99912,100,100068,100,99911,100,100069,100,99908,200
2019-06-28 09:34:30.000000000,99995,201,99993,201,99997,398,99978,198,100002,198,99971,498,100018,100,99969,100,100037,100,99949,100,100040,200,99938,100,100055,100,99934,100,100056,100,99912,100,100068,100,99911,100,100069,100,99908,200
2019-06-28 09:34:31.674493057,99995,201,99993,201,99997,398,99978,198,100002,198,99971,398,100018,100,99969,100,100037,100,99949,100,100040,200,99938,100,100055,100,99934,100,100056,100,99912,100,100068,100,99911,100,100069,100,99908,200
2019-06-28 09:34:36.136816927,99995,201,99994,100,99997,398,99993,201,100002,198,99978,198,100018,100,99971,398,100037,100,99969,100,100040,200,99949,100,100055,100,99938,100,100056,100,99934,100,100068,100,99912,100,100069,100,99911,100
2019-06-28 09:34:40.000000000,99995,160,99994,160,99997,360,99993,160,100002,160,99978,160,100018,160,99971,360,100037,160,99969,160,100040,200,99949,100,100055,100,99938,100,100056,100,99934,100,100068,100,99912,100,100069,100,99911,100
2019-06-28 09:34:46.101190609,99995,60,99994,160,99997,360,99993,160,100002,60,99978,160,100018,160,99971,360,100037,160,99969,160,100040,200,99949,100,100055,100,99938,100,100056,100,99934,100,100068,100,99912,100,100069,100,99911,100
2019-06-28 09:34:50.000000000,99997,598,99994,398,100018,100,99993,100,100037,100,99978,100,100040,200,99971,300,100055,100,99969,100,100056,100,99949,100,100068,100,99938,100,100069,100,99934,100,100085,100,99912,100,100097,100,99911,100
2019-06-28 09:34:51.328709210,99997,598,99994,398,100018,100,99993,100,100037,100,99978,100,100040,200,99971,300,100044,100,99969,100,100055,100,99938,100,100056,100,99934,100,100068,100,99912,100,100069,100,99911,100,100085,100,99908,200
2019-06-28 09:35:00.000000000,99997,401,99994,201,100018,198,99993,198,100037,198,99978,198,100040,200,99971,300,100044,100,99969,100,100055,100,99938,100,100056,100,99934,100,100068,100,99912,100,100069,100,99911,100,100085,100,99908,200
2019-06-28 09:35:03.951944974,99997,401,99994,101,100018,198,99993,198,100037,198,99978,198,100040,200,99971,300,100044,100,99969,100,100055,100,99938,100,100056,100,99934,100,100068,100,99912,100,100069,100,99911,100,100085,100,99908,200
2019-06-28 09:35:10.000000000,99997,598,99993,398,100018,100,99978,100,100037,100,99971,300,100040,200,99969,100,100044,100,99938,100,100055,100,99934,100,100056,100,99912,100,100068,100,99911,100,100069,100,99908,200,100085,100,99907,100
2019-06-28 09:35:20.000000000,99997,360,99993,160,100018,160,99978,160,100037,160,99971,360,100040,260,99969,160,100044,160,99938,160,100055,100,99934,100,100056,100,99912,100,100068,100,99911,100,100069,100,99908,200,100085,100,99907,100
2019-06-28 09:35:30.000000000,99997,401,99993,201,100018,198,99978,198,100037,198,99971,398,100040,200,99969,100,100044,100,99938,100,100055,100,99934,100,100056,100,99912,100,100068,100,99911,100,100069,100,99908,200,100085,100,99907,100
2019-06-28 09:35:40.000000000,99997,401,99993,201,100018,198,99978,198,100037,198,99971,398,100040,200,99969,100,100044,100,99938,100,100055,100,99934,100,100056,100,99912,100,100068,100,99911,100,100069,100,99908,200,100085,100,99907,100
2019-06-28 09:35:48.883784963,99997,401,99993,201,100018,198,99978,198,100037,198,99971,398,100040,200,99969,100,100044,100,99938,100,100055,100,99934,100,100056,100,99912,100,100068,100,99911,100,100069,100,99908,200,100085,100,99907,100
2019-06-28 09:35:50.000000000,99997,449,99993,249,100018,249,99978,249,100037,100,99971,300,100040,200,99969,100,100044,100,99938,100,100055,100,99934,100,100056,100,99912,100,100068,100,99911,100,100069,100,99908,200,100085,100,99907,100
2019-06-28 09:35:59.707403078,99997,449,99993,249,100018,249,99978,249,100040,200,99971,300,100044,100,99969,100,100055,100,99938,100,100056,100,99934,100,100068,100,99912,100,100069,100,99911,100,100085,100,99908,200,100097,100,99907,100
2019-06-28 09:36:00.000000000,99997,374,99993,174,100018,174,99978,174,100040,274,99971,374,100044,174,99969,174,100055,100,99938,100,100056,100,99934,100,100068,100,99912,100,100069,100,99911,100,100085,100,99908,200,100097,100,99907,100
2019-06-28 09:36:08.152842802,99997,274,99993,174,100018,174,99978,174,100040,274,99971,374,100044,174,99969,174,100055,100,99938,100,100056,100,99934,100,100069,100,99912,100,100085,100,99911,100,100097,100,99908,200,100102,100,99907,100
2019-06-28 09:36:10.000000000,99997,349,99993,249,100018,249,99978,249,100040,200,99971,300,100044,100,99969,100,100055,100,99938,100,100056,100,99934,100,100069,100,99912,100,100085,100,99911,100,100097,100,99908,200,100102,100,99907,100
2019-06-28 09:36:20.000000000,99997,274,99993,174,100018,174,99978,174,100040,274,99971,374,100044,174,99969,174,100055,100,99938,100,100056,100,99934,100,100069,100,99912,100,100085,100,99911,100,100097,100,99908,200,100102,100,99907,100
2019-06-28 09:36:30.000000000,99997,274,99993,174,100018,174,99978,174,100040,274,99971,374,100044,174,99969,174,100055,100,99938,100,100056,100,99934,100,100069,100,99912,100,100085,100,99911,100,100097,100,99908,200,100102,100,99907,100
2019-06-28 09:36:40.000000000,99997,301,99993,201,100018,198,99978,198,100040,298,99971,398,100044,100,99969,100,100055,100,99938,100,100056,100,99934,100,100069,100,99912,100,100085,100,99911,100,100097,100,99908,200,100102,100,99907,100
2019-06-28 09:36:50.000000000,99997,260,99993,160,100018,160,99978,160,100040,260,99971,360,100044,160,99969,160,100055,160,99938,160,100056,100,99934,100,100069,100,99912,100,100085,100,99911,100,100097,100,99908,200,100102,100,99907,100
2019-06-28 09:37:00.000000000,99997,274,99993,174,100018,174,99978,174,100040,274,99971,374,100044,174,99969,174,100055,100,99938,100,100056,100,99934,100,100069,100,99912,100,100085,100,99911,100,100097,100,99908,200,100102,100,99907,100
2019-06-28 09:37:06.804231883,99997,174,99993,174,100018,174,99978,174,100040,274,99971,374,100044,174,99969,174,100055,100,99938,100,100056,100,99934,100,100069,100,99912,100,100085,100,99911,100,100097,100,99908,200,100102,100,99907,100
2019-06-28 09:37:10.000000000,99997,174,99993,174,100018,174,99978,174,100040,274,99971,374,100044,174,99969,174,100055,100,99938,100,100056,100,99934,100,100069,100,99912,100,100085,100,99911,100,100097,100,99908,200,100102,100,99907,100
2019-06-28 09:37:20.000000000,99997,249,99993,249,100018,249,99978,249,100040,200,99971,300,100044,100,99969,100,100055,100,99938,100,100056,100,99934,100,100069,100,99912,100,100085,100,99911,100,100097,100,99908,200,100102,100,99907,100
2019-06-28 09:37:26.809921264,99997,149,99993,249,100018,249,99978,249,100040,200,99971,300,100044,100,99969,100,100055,100,99938,100,100056,100,99934,100,100069,100,99912,100,100085,100,99911,100,100097,100,99908,200,100102,100,99907,100
2019-06-28 09:37:30.000000000,100018,174,99993,174,100040,274,99978,174,100044,174,99971,374,100055,174,99969,174,100056,100,99938,100,100069,100,99934,100,100085,100,99912,100,100097,100,99911,100,100102,100,99908,200,100103,100,99907,100
2019-06-28 09:37:34.428090228,100018,74,99993,174,100040,274,99978,74,100044,174,99971,374,100055,174,99969,174,100056,100,99938,100,100069,100,99934,100,100085,100,99912,100,100097,100,99911,100,100102,100,99908,200,100103,100,99907,100
2019-06-28 09:37:40.000000000,100040,349,99993,249,100044,249,99971,449,100055,100,99969,100,100056,100,99938,100,100069,100,99934,100,100085,100,99912,100,100097,100,99911,100,100102,100,99908,200,100103,100,99907,100,100115,100,99905,100
2019-06-28 09:37:50.000000000,100040,498,99993,398,100044,100,99971,300,100055,100,99969,100,100056,100,99938,100,100069,100,99934,100,100085,100,99912,100,100097,100,99911,100,100102,100,99908,200,100103,100,99907,100,100115,100,99905,100
2019-06-28 09:38:00.000000000,100040,301,99993,201,100044,198,99971,398,100055,198,99969,198,100056,100,99938,100,100069,100,99934,100,100085,100,99912,100,100097,100,99911,100,100102,100,99908,200,100103,100,99907,100,100115,100,99905,100
2019-06-28 09:38:10.000000000,100040,301,99993,201,100044,198,99971,398,100055,198,99969,198,100056,100,99938,100,100069,100,99934,100,100085,100,99912,100,100097,100,99911,100,100102,100,99908,200,100103,100,99907,100,100115,100,99905,100
2019-06-28 09:38:15.281258900,100040,301,99993,101,100044,198,99971,398,100055,198,99969,198,100056,100,99938,100,100069,100,99934,100,100085,100,99912,100,100097,100,99911,100,100102,100,99908,200,100103,100,99907,100,100115,100,99905,100
2019-06-28 09:38:20.000000000,100040,260,99971,360,100044,160,99969,160,100055,160,99938,160,100056,160,99934,160,100069,160,99912,160,100085,100,99911,100,100097,100,99908,200,100102,100,99907,100,100103,100,99905,100,100115,100,99896,100
2019-06-28 09:38:20.104408008,100040,260,99971,360,100044,160,99969,160,100055,160,99938,160,100056,160,99934,160,100069,160,99912,160,100085,100,99911,100,100102,100,99908,200,100103,100,99907,100,100115,100,99905,100,100121,100,99900,100
2019-06-28 09:38:30.000000000,100040,498,99971,598,100044,100,99969,100,100055,100,99938,100,100056,100,99934,100,100069,100,99912,100,100085,100,99911,100,100102,100,99908,200,100103,100,99907,100,100115,100,99905,100,100121,100,99900,100
2019-06-28 09:38:40.000000000,100040,498,99971,598,100044,100,99969,100,100055,100,99938,100,100056,100,99934,100,100069,100,99912,100,100085,100,99911,100,100102,100,99908,200,100103,100,99907,100,100115,100,99905,100,100121,100,99900,100
2019-06-28 09:38:47.407056546,100040,498,99971,498,100044,100,99969,100,100055,100,99938,100,100056,100,99934,100,100069,100,99912,100,100085,100,99911,100,100102,100,99908,200,100103,100,99907,100,100115,100,99905,100,100121,100,99900,100
2019-06-28 09:38:50.000000000,100040,498,99971,498,100044,100,99969,100,100055,100,99938,100,100056,100,99934,100,100069,100,99912,100,100085,100,99911,100,100102,100,99908,200,100103,100,99907,100,100115,100,99905,100,100121,100,99900,100
2019-06-28 09:39:00.000000000,100040,349,99971,349,100044,249,99969,249,100055,100,99938,100,100056,100,99934,100,100069,100,99912,100,100085,100,99911,100,100102,100,99908,200,100103,100,99907,100,100115,100,99905,100,100121,100,99900,100
2019-06-28 09:39:10.000000000,100040,301,99971,301,100044,198,99969,198,100055,198,99938,198,100056,100,99934,100,100069,100,99912,100,100085,100,99911,100,100102,100,99908,200,100103,100,99907,100,100115,100,99905,100,100121,100,99900,100
2019-06-28 09:39:20.000000000,100040,260,99971,260,100044,160,99969,160,100055,160,99938,160,100056,160,99934,160,100069,160,99912,160,100085,100,99911,100,100102,100,99908,200,100103,100,99907,100,100115,100,99905,100,100121,100,99900,100
2019-06-28 09:39:30.000000000,100040,349,99971,349,100044,249,99969,249,100055,100,99938,100,100056,100,99934,100,100069,100,99912,100,100085,100,99911,100,100102,100,99908,200,100103,100,99907,100,100115,100,99905,100,100121,100,99900,100
2019-06-28 09:39:40.000000000,100040,260,99971,260,100044,160,99969,160,100055,160,99938,160,100056,160,99934,160,100069,160,99912,160,100085,100,99911,100,100102,100,99908,200,100103,100,99907,100,100115,100,99905,100,100121,100,99900,100
2019-06-28 09:39:50.000000000,100040,301,99971,301,100044,198,99969,198,100055,198,99938,198,100056,100,99934,100,100069,100,99912,100,100085,100,99911,100,100102,100,99908,200,100103,100,99907,100,100115,100,99905,100,100121,100,99900,100
2019-06-28 09:40:00.000000000,100040,349,99971,349,100044,249,99969,249,100055,100,99938,100,100056,100,99934,100,100069,100,99912,100,100085,100,99911,100,100102,100,99908,200,100103,100,99907,100,100115,100,99905,100,100121,100,99900,100
2019-06-28 09:40:10.000000000,100040,349,99971,349,100044,249,99969,249,100055,100,99938,100,100056,100,99934,100,100069,100,99912,100,100085,100,99911,100,100102,100,99908,200,100103,100,99907,100,100115,100,99905,100,100121,100,99900,100
2019-06-28 09:40:20.000000000,100040,498,99971,498,100044,100,99969,100,100055,100,99938,100,100056,100,99934,100,100069,100,99912,100,100085,100,99911,100,100102,100,99908,200,100103,100,99907,100,100115,100,99905,100,100121,100,99900,100
2019-06-28 09:40:30.000000000,100040,498,99971,498,100044,100,99969,100,100055,100,99938,100,100056,100,99934,100,100069,100,99912,100,100085,100,99911,100,100102,100,99908,200,100103,100,99907,100,100115,100,99905,100,100121,100,99900,100
2019-06-28 09:40:40.000000000,100040,301,99971,301,100044,198,99969,198,100055,198,99938,198,100056,100,99934,100,100069,100,99912,100,100085,100,99911,100,100102,100,99908,200,100103,100,99907,100,100115,100,99905,100,100121,100,99900,100
2019-06-28 09:40:43.937491495,99993,100,99971,301,100040,301,99969,198,100044,198,99938,198,100055,198,99934,100,100056,100,99912,100,100069,100,99911,100,100085,100,99908,200,100102,100,99907,100,100103,100,99905,100,100115,100,99900,100
2019-06-28 09:40:44.154398900,99993,100,99971,201,100040,301,99969,198,100044,198,99938,198,100055,198,99934,100,100056,100,99912,100,100085,100,99911,100,100102,100,99908,200,100103,100,99907,100,100115,100,99905,100,100121,100,99900,100
2019-06-28 09:40:48.868241498,99993,100,99971,201,100040,301,99969,198,100044,98,99938,198,100055,198,99934,100,100056,100,99912,100,100085,100,99911,100,100102,100,99908,200,100103,100,99907,100,100115,100,99905,100,100121,100,99900,100
2019-06-28 09:40:50.000000000,99993,174,99971,174,100040,274,99969,174,100055,174,99938,174,100056,174,99934,174,100085,100,99912,100,100102,100,99911,100,100103,100,99908,200,100115,100,99907,100,100121,100,99905,100,100140,100,99900,100
2019-06-28 09:40:59.270412241,99993,174,99971,174,100040,274,99969,174,100055,174,99938,174,100056,174,99934,174,100085,100,99912,100,100102,100,99911,100,100103,100,99908,200,100115,100,99907,100,100121,100,99905,100,100140,100,99900,100
2019-06-28 09:41:00.000000000,99993,160,99971,160,100040,260,99969,160,100055,160,99938,160,100056,160,99934,160,100085,160,99912,160,100102,100,99911,100,100103,100,99908,200,100115,100,99907,100,100121,100,99905,100,100140,100,99900,100
2019-06-28 09:41:08.738596586,99993,160,99971,60,100040,260,99969,160,100055,160,99938,160,100056,160,99934,160,100085,160,99912,160,100102,100,99911,100,100103,100,99908,200,100115,100,99907,100,100121,100,99905,100,100140,100,99900,100
2019-06-28 09:41:10.000000000,99993,160,99969,160,100040,260,99938,160,100055,160,99934,160,100056,160,99912,160,100085,160,99911,160,100102,100,99908,200,100103,100,99907,100,100115,100,99905,100,100121,100,99900,100,100140,100,99896,100
2019-06-28 09:41:20.000000000,99993,201,99969,201,100040,298,99938,198,100055,198,99934,198,100056,100,99912,100,100085,100,99911,100,100102,100,99908,200,100103,100,99907,100,100115,100,99905,100,100121,100,99900,100,100140,100,99896,100
2019-06-28 09:41:28.218121073,99993,201,99969,101,100040,298,99938,198,100055,198,99934,198,100056,100,99912,100,100085,100,99911,100,100102,100,99908,200,100103,100,99907,100,100115,100,99905,100,100121,100,99900,100,100140,100,99896,100
2019-06-28 09:41:30.000000000,99993,174,99938,174,100040,274,99934,174,100055,174,99912,174,100056,174,99911,174,100085,100,99908,200,100102,100,99907,100,100103,100,99905,100,100115,100,99900,100,100121,100,99896,100,100140,100,99895,100
2019-06-28 09:41:39.073807583,99993,174,99938,174,100040,274,99934,174,100055,174,99912,174,100056,174,99911,174,100085,100,99908,200,100102,100,99907,100,100103,100,99905,100,100121,100,99900,100,100140,100,99896,100,100176,100,99895,100
2019-06-28 09:41:40.000000000,99993,201,99938,201,100040,298,99934,198,100055,198,99912,198,100056,100,99911,100,100085,100,99908,200,100102,100,99907,100,100103,100,99905,100,100121,100,99900,100,100140,100,99896,100,100176,100,99895,100
2019-06-28 09:41:50.000000000,99993,249,99938,249,100040,349,99934,249,100055,100,99912,100,100056,100,99911,100,100085,100,99908,200,100102,100,99907,100,100103,100,99905,100,100121,100,99900,100,100140,100,99896,100,100176,100,99895,100
2019-06-28 09:42:00.000000000,99993,201,99938,201,100040,298,99934,198,100055,198,99912,198,100056,100,99911,100,100085,100,99908,200,100102,100,99907,100,100103,100,99905,100,100121,100,99900,100,100140,100,99896,100,100176,100,99895,100
2019-06-28 09:42:10.000000000,99993,201,99938,201,100040,298,99934,198,100055,198,99912,198,100056,100,99911,100,100085,100,99908,200,100102,100,99907,100,100103,100,99905,100,100121,100,99900,100,100140,100,99896,100,100176,100,99895,100
2019-06-28 09:42:20.000000000,99993,398,99938,398,100040,200,99934,100,100055,100,99912,100,100056,100,99911,100,100085,100,99908,200,100102,100,99907,100,100103,100,99905,100,100121,100,99900,100,100140,100,99896,100,100176,100,99895,100
2019-06-28 09:42:30.000000000,99993,160,99938,160,100040,260,99934,160,100055,160,99912,160,100056,160,99911,160,100085,160,99908,260,100102,100,99907,100,100103,100,99905,100,100121,100,99900,100,100140,100,99896,100,100176,100,99895,100
2019-06-28 09:42:40.000000000,99993,174,99938,174,100040,274,99934,174,100055,174,99912,174,100056,174,99911,174,100085,100,99908,200,100102,100,99907,100,100103,100,99905,100,100121,100,99900,100,100140,100,99896,100,100176,100,99895,100
2019-06-28 09:42:42.911691175,99993,174,99938,174,100040,274,99934,174,100055,174,99912,174,100056,174,99911,174,100085,100,99908,200,100102,100,99907,100,100103,100,99905,100,100121,100,99900,100,100140,100,99896,100,100176,100,99895,100
2019-06-28 09:42:50.000000000,99993,174,99938,174,100040,274,99934,174,100055,174,99912,174,100056,174,99911,174,100085,100,99908,200,100102,100,99907,100,100103,100,99905,100,100121,100,99900,100,100140,100,99896,100,100176,100,99895,100
2019-06-28 09:43:00.000000000,99993,398,99938,398,100040,200,99934,100,100055,100,99912,100,100056,100,99911,100,100085,100,99908,200,100102,100,99907,100,100103,100,99905,100,100121,100,99900,100,100140,100,99896,100,100176,100,99895,100
2019-06-28 09:43:05.860380142,99993,398,99938,298,100040,200,99934,100,100055,100,99912,100,100056,100,99911,100,100085,100,99908,200,100102,100,99907,100,100103,100,99905,100,100121,100,99900,100,100140,100,99896,100,100176,100,99895,100
2019-06-28 09:43:10.000000000,99993,249,99934,249,100040,349,99912,249,100055,100,99911,100,100056,100,99908,200,100085,100,99907,100,100102,100,99905,100,100103,100,99900,100,100121,100,99896,100,100140,100,99895,100,100176,100,99877,100
2019-06-28 09:43:20.000000000,99993,201,99934,201,100040,298,99912,198,100055,198,99911,198,100056,100,99908,200,100085,100,99907,100,100102,100,99905,100,100103,100,99900,100,100121,100,99896,100,100140,100,99895,100,100176,100,99877,100
2019-06-28 09:43:26.346924869,99993,201,99934,101,100040,298,99912,198,100055,198,99911,198,100056,100,99908,200,100085,100,99907,100,100102,100,99905,100,100103,100,99900,100,100121,100,99896,100,100140,100,99895,100,100176,100,99877,100
2019-06-28 09:43:26.746066337,99993,201,99934,1,100040,298,99912,198,100055,198,99911,198,100056,100,99908,200,100085,100,99907,100,100102,100,99905,100,100103,100,99900,100,100121,100,99896,100,100140,100,99895,100,100176,100,99877,100
2019-06-28 09:43:30.000000000,99993,398,99912,398,100040,200,99911,100,100055,100,99908,200,100056,100,99907,100,100085,100,99905,100,100102,100,99900,100,100103,100,99896,100,100121,100,99895,100,100140,100,99877,100,100176,100,98977,100
2019-06-28 09:43:38.236014666,99934,100,99912,398,99993,398,99911,100,100040,200,99908,200,100055,100,99907,100,100056,100,99905,100,100085,100,99900,100,100102,100,99896,100,100103,100,99895,100,100121,100,99877,100,100140,100,98977,100
2019-06-28 09:43:40.000000000,99934,174,99912,174,99993,174,99911,174,100040,274,99908,274,100055,174,99907,174,100056,100,99905,100,100085,100,99900,100,100102,100,99896,100,100103,100,99895,100,100121,100,99877,100,100140,100,98977,100
2019-06-28 09:43:50.000000000,99934,174,99912,174,99993,174,99911,174,100040,274,99908,274,100055,174,99907,174,100056,100,99905,100,100085,100,99900,100,100102,100,99896,100,100103,100,99895,100,100121,100,99877,100,100140,100,98977,100
2019-06-28 09:43:51.163705221,99934,174,99912,74,99993,174,99911,174,100040,274,99908,274,100055,174,99907,174,100085,100,99905,100,100102,100,99900,100,100103,100,99896,100,100121,100,99895,100,100140,100,99877,100,100176,100,98977,100
2019-06-28 09:44:00.000000000,99934,174,99911,174,99993,174,99908,274,100040,274,99907,174,100055,174,99905,174,100085,100,99900,100,100102,100,99896,100,100103,100,99895,100,100121,100,99877,100,100140,100,98977,100,100176,100,98945,100
2019-06-28 09:44:03.882946657,99934,174,99911,174,99993,174,99908,274,100040,274,99907,174,100055,174,99905,174,100085,100,99900,100,100102,100,99896,100,100103,100,99895,100,100121,100,99877,100,100176,100,98977,100,100206,100,98945,100
2019-06-28 09:44:10.000000000,99934,160,99911,160,99993,160,99908,260,100040,260,99907,160,100055,160,99905,160,100085,160,99900,160,100102,100,99896,100,100103,100,99895,100,100121,100,99877,100,100176,100,98977,100,100206,100,98945,100
2019-06-28 09:44:14.108846327,99934,160,99911,60,99993,160,99908,260,100040,260,99907,160,100055,160,99905,160,100085,160,99900,160,100102,100,99896,100,100103,100,99895,100,100121,100,99877,100,100176,100,98977,100,100206,100,98945,100
2019-06-28 09:44:20.000000000,99934,174,99908,274,99993,174,99907,174,100040,274,99905,174,100055,174,99900,174,100085,100,99896,100,100102,100,99895,100,100103,100,99877,100,100121,100,98977,100,100176,100,98945,100,100206,100,98919,200
2019-06-28 09:44:25.749659729,99912,100,99908,274,99934,174,99907,174,99993,174,99905,174,100040,274,99900,174,100055,174,99896,100,100085,100,99895,100,100102,100,99877,100,100103,100,98977,100,100121,100,98945,100,100176,100,98919,200
2019-06-28 09:44:30.000000000,99912,398,99908,498,99934,100,99907,100,99993,100,99905,100,100040,200,99900,100,100055,100,99896,100,100085,100,99895,100,100102,100,99877,100,100103,100,98977,100,100121,100,98945,100,100176,100,98919,200
2019-06-28 09:44:40.000000000,99912,201,99908,301,99934,198,99907,198,99993,198,99905,198,100040,200,99900,100,100055,100,99896,100,100085,100,99895,100,100102,100,99877,100,100103,100,98977,100,100121,100,98945,100,100176,100,98919,200
2019-06-28 09:44:50.000000000,99912,201,99908,301,99934,198,99907,198,99993,198,99905,198,100040,200,99900,100,100055,100,99896,100,100085,100,99895,100,100102,100,99877,100,100103,100,98977,100,100121,100,98945,100,100176,100,98919,200
2019-06-28 09:45:00.000000000,99912,174,99908,274,99934,174,99907,174,99993,174,99905,174,100040,274,99900,174,100055,100,99896,100,100085,100,99895,100,100102,100,99877,100,100103,100,98977,100,100121,100,98945,100,100176,100,98919,200
2019-06-28 09:45:00.762598918,99912,174,99908,174,99934,174,99907,174,99993,174,99905,174,100040,274,99900,174,100055,100,99896,100,100085,100,99895,100,100102,100,99877,100,100103,100,98977,100,100121,100,98945,100,100176,100,98919,200
2019-06-28 09:45:07.652560105,99912,174,99908,174,99934,174,99907,174,99993,174,99905,174,100040,274,99900,174,100055,100,99896,100,100085,100,99895,100,100103,100,99877,100,100121,100,99080,100,100176,100,98977,100,100206,100,98945,100
2019-06-28 09:45:10.000000000,99912,201,99908,201,99934,198,99907,198,99993,198,99905,198,100040,200,99900,100,100055,100,99896,100,100085,100,99895,100,100103,100,99877,100,100121,100,99080,100,100176,100,98977,100,100206,100,98945,100
2019-06-28 09:45:11.530975937,99912,201,99908,101,99934,198,99907,198,99993,198,99905,198,100040,200,99900,100,100055,100,99896,100,100085,100,99895,100,100103,100,99877,100,100121,100,99080,100,100176,100,98977,100,100206,100,98945,100
2019-06-28 09:45:20.000000000,99912,201,99907,201,99934,198,99905,198,99993,198,99900,198,100040,200,99896,100,100055,100,99895,100,100085,100,99877,100,100103,100,99080,100,100121,100,98977,100,100176,100,98945,100,100206,100,98919,200
2019-06-28 09:45:21.125338961,99912,201,99907,201,99934,198,99905,198,99993,198,99900,198,100040,200,99896,100,100055,100,99895,100,100085,100,99877,100,100103,100,99080,100,100121,100,98977,100,100176,100,98945,100,100206,100,98919,200
2019-06-28 09:45:30.000000000,99912,160,99907,160,99934,160,99905,160,99993,160,99900,160,100040,260,99896,160,100055,160,99895,160,100085,100,99877,100,100103,100,99080,100,100121,100,98977,100,100176,100,98945,100,100206,100,98919,200
2019-06-28 09:45:40.000000000,99912,160,99907,160,99934,160,99905,160,99993,160,99900,160,100040,260,99896,160,100055,160,99895,160,100085,100,99877,100,100103,100,99080,100,100121,100,98977,100,100176,100,98945,100,100206,100,98919,200
2019-06-28 09:45:50.000000000,99912,160,99907,160,99934,160,99905,160,99993,160,99900,160,100040,260,99896,160,100055,160,99895,160,100085,100,99877,100,100103,100,99080,100,100121,100,98977,100,100176,100,98945,100,100206,100,98919,200
2019-06-28 09:46:00.000000000,99912,201,99907,201,99934,198,99905,198,99993,198,99900,198,100040,200,99896,100,100055,100,99895,100,100085,100,99877,100,100103,100,99080,100,100121,100,98977,100,100176,100,98945,100,100206,100,98919,200
2019-06-28 09:46:05.302814184,99912,201,99907,201,99934,198,99905,198,99993,198,99900,198,100040,200,99896,100,100055,100,99895,100,100085,100,99877,100,100103,100,99080,100,100121,100,98977,100,100176,100,98945,100,100206,100,98919,200
2019-06-28 09:46:08.130314982,99908,100,99907,201,99912,201,99905,198,99934,198,99900,198,99993,198,99896,100,100040,200,99895,100,100055,100,99877,100,100085,100,99080,100,100103,100,98977,100,100121,100,98945,100,100176,100,98919,200
2019-06-28 09:46:10.000000000,99908,398,99907,398,99912,100,99905,100,99934,100,99900,100,99993,100,99896,100,100040,200,99895,100,100055,100,99877,100,100085,100,99080,100,100103,100,98977,100,100121,100,98945,100,100176,100,98919,200
2019-06-28 09:46:20.000000000,99908,398,99907,398,99912,100,99905,100,99934,100,99900,100,99993,100,99896,100,100040,200,99895,100,100055,100,99877,100,100085,100,99080,100,100103,100,98977,100,100121,100,98945,100,100176,100,98919,200
2019-06-28 09:46:21.666286800,99908,398,99907,298,99912,100,99905,100,99934,100,99900,100,99993,100,99896,100,100040,200,99895,100,100055,100,99877,100,100085,100,99080,100,100103,100,98977,100,100121,100,98945,100,100176,100,98919,200
2019-06-28 09:46:23.817974706,99908,398,99907,298,99912,100,99905,100,99934,100,99900,100,99993,100,99896,100,100040,200,99895,100,100055,100,99877,100,100085,100,99080,100,100103,100,99022,100,100121,100,98977,100,100176,100,98945,100
2019-06-28 09:46:30.000000000,99908,160,99905,160,99912,160,99900,160,99934,160,99896,160,99993,160,99895,160,100040,260,99877,160,100055,100,99080,100,100085,100,99022,100,100103,100,98977,100,100121,100,98945,100,100176,100,98919,200
2019-06-28 09:46:40.000000000,99908,174,99905,174,99912,174,99900,174,99934,174,99896,174,99993,174,99895,174,100040,200,99877,100,100055,100,99080,100,100085,100,99022,100,100103,100,98977,100,100121,100,98945,100,100176,100,98919,200
2019-06-28 09:46:46.676549867,99907,100,99905,174,99908,174,99900,174,99912,174,99896,174,99934,174,99895,174,99993,174,99877,100,100040,200,99080,100,100055,100,99022,100,100085,100,98977,100,100103,100,98945,100,100121,100,98919,200
2019-06-28 09:46:50.000000000,99907,398,99905,398,99908,100,99900,100,99912,100,99896,100,99934,100,99895,100,99993,100,99877,100,100040,200,99080,100,100055,100,99022,100,100085,100,98977,100,100103,100,98945,100,100121,100,98919,200
2019-06-28 09:47:00.000000000,99907,398,99905,398,99908,100,99900,100,99912,100,99896,100,99934,100,99895,100,99993,100,99877,100,100040,200,99080,100,100055,100,99022,100,100085,100,98977,100,100103,100,98945,100,100121,100,98919,200
2019-06-28 09:47:00.870619495,99907,398,99905,398,99908,100,99900,100,99912,100,99896,100,99934,100,99895,100,99993,100,99877,100,100040,200,99080,100,100055,100,99022,100,100085,100,99003,100,100103,100,98977,100,100121,100,98945,100
2019-06-28 09:47:01.588874600,99907,398,99905,398,99908,100,99900,100,99912,100,99896,100,99934,100,99895,100,99993,100,99877,100,100040,200,99356,100,100055,100,99080,100,100085,100,99022,100,100103,100,99003,100,100121,100,98977,100
2019-06-28 09:47:04.390817525,99907,498,99905,398,99908,100,99900,100,99912,100,99896,100,99934,100,99895,100,99993,100,99877,100,100040,200,99356,100,100055,100,99080,100,100085,100,99022,100,100103,100,99003,100,100121,100,98977,100
2019-06-28 09:47:10.000000000,99907,349,99905,249,99908,249,99900,249,99912,100,99896,100,99934,100,99895,100,99993,100,99877,100,100040,200,99356,100,100055,100,99080,100,100085,100,99022,100,100103,100,99003,100,100121,100,98977,100
2019-06-28 09:47:18.425749114,99907,349,99905,249,99908,149,99900,249,99912,100,99896,100,99934,100,99895,100,99993,100,99877,100,100040,200,99356,100,100055,100,99080,100,100085,100,99022,100,100103,100,99003,100,100121,100,98977,100
2019-06-28 09:47:20.000000000,99907,260,99905,160,99912,160,99900,160,99934,160,99896,160,99993,160,99895,160,100040,260,99877,160,100055,100,99356,100,100085,100,99080,100,100103,100,99022,100,100121,100,99003,100,100176,100,98977,100
2019-06-28 09:47:30.000000000,99907,301,99905,201,99912,198,99900,198,99934,198,99896,198,99993,100,99895,100,100040,200,99877,100,100055,100,99356,100,100085,100,99080,100,100103,100,99022,100,100121,100,99003,100,100176,100,98977,100
2019-06-28 09:47:40.000000000,99907,260,99905,160,99912,160,99900,160,99934,160,99896,160,99993,160,99895,160,100040,260,99877,160,100055,100,99356,100,100085,100,99080,100,100103,100,99022,100,100121,100,99003,100,100176,100,98977,100
2019-06-28 09:47:40.574503637,99907,160,99905,160,99912,160,99900,160,99934,160,99896,160,99993,160,99895,160,100040,260,99877,160,100055,100,99356,100,100085,100,99080,100,100103,100,99022,100,100121,100,99003,100,100176,100,98977,100
2019-06-28 09:47:41.402193911,99907,160,99905,60,99912,160,99900,160,99934,160,99896,160,99993,160,99895,160,100040,260,99877,160,100055,100,99356,100,100085,100,99080,100,100103,100,99022,100,100121,100,99003,100,100176,100,98977,100
2019-06-28 09:47:50.000000000,99907,160,99900,160,99912,160,99896,160,99934,160,99895,160,99993,160,99877,160,100040,260,99356,160,100055,100,99080,100,100085,100,99022,100,100103,100,99003,100,100121,100,98977,100,100176,100,98945,100
2019-06-28 09:48:00.000000000,99907,398,99900,398,99912,100,99896,100,99934,100,99895,100,99993,100,99877,100,100040,200,99356,100,100055,100,99080,100,100085,100,99022,100,100103,100,99003,100,100121,100,98977,100,100176,100,98945,100
2019-06-28 09:48:10.000000000,99907,249,99900,249,99912,249,99896,249,99934,100,99895,100,99993,100,99877,100,100040,200,99356,100,100055,100,99080,100,100085,100,99022,100,100103,100,99003,100,100121,100,98977,100,100176,100,98945,100
2019-06-28 09:48:20.000000000,99907,201,99900,201,99912,198,99896,198,99934,198,99895,198,99993,100,99877,100,100040,200,99356,100,100055,100,99080,100,100085,100,99022,100,100103,100,99003,100,100121,100,98977,100,100176,100,98945,100
2019-06-28 09:48:30.000000000,99907,160,99900,160,99912,160,99896,160,99934,160,99895,160,99993,160,99877,160,100040,260,99356,160,100055,100,99080,100,100085,100,99022,100,100103,100,99003,100,100121,100,98977,100,100176,100,98945,100
2019-06-28 09:48:40.000000000,99907,174,99900,174,99912,174,99896,174,99934,174,99895,174,99993,174,99877,174,100040,200,99356,100,100055,100,99080,100,100085,100,99022,100,100103,100,99003,100,100121,100,98977,100,100176,100,98945,100
2019-06-28 09:48:47.364485457,99907,174,99900,74,99912,174,99896,174,99934,174,99895,174,99993,174,99877,174,100040,200,99356,100,100055,100,99080,100,100085,100,99022,100,100103,100,99003,100,100121,100,98977,100,100176,100,98945,100
2019-06-28 09:48:50.000000000,99907,160,99896,160,99912,160,99895,160,99934,160,99877,160,99993,160,99356,160,100040,260,99080,160,100055,100,99022,100,100085,100,99003,100,100103,100,98977,100,100121,100,98945,100,100176,100,98919,200
2019-06-28 09:48:56.264010230,99907,160,99896,160,99912,160,99895,160,99934,160,99877,160,99993,160,99356,160,100040,260,99080,60,100055,100,99022,100,100085,100,99003,100,100103,100,98977,100,100121,100,98945,100,100176,100,98919,200
2019-06-28 09:49:00.000000000,99907,174,99896,174,99912,174,99895,174,99934,174,99877,174,99993,174,99356,174,100040,200,99022,100,100055,100,99003,100,100085,100,98977,100,100103,100,98945,100,100121,100,98919,200,100176,100,98872,100
2019-06-28 09:49:06.128331259,99907,174,99896,174,99912,174,99895,174,99934,174,99877,174,99993,174,99356,174,100040,200,99022,100,100055,100,99003,100,100085,100,98977,100,100103,100,98945,100,100121,100,98919,200,100176,100,98872,100
2019-06-28 09:49:10.000000000,99907,160,99896,160,99912,160,99895,160,99934,160,99877,160,99993,160,99356,160,100040,260,99022,160,100055,100,99003,100,100085,100,98977,100,100103,100,98945,100,100121,100,98919,200,100176,100,98872,100
2019-06-28 09:49:20.000000000,99907,160,99896,160,99912,160,99895,160,99934,160,99877,160,99993,160,99356,160,100040,260,99022,160,100055,100,99003,100,100085,100,98977,100,100103,100,98945,100,100121,100,98919,200,100176,100,98872,100
2019-06-28 09:49:24.507110748,99905,100,99896,160,99907,160,99895,160,99912,160,99877,160,99934,160,99356,160,99993,60,99022,160,100040,260,99003,100,100055,100,98977,100,100085,100,98945,100,100103,100,98919,200,100121,100,98872,100
2019-06-28 09:49:30.000000000,99905,201,99896,201,99907,198,99895,198,99912,198,99877,198,99934,100,99356,100,100040,200,99022,100,100055,100,99003,100,100085,100,98977,100,100103,100,98945,100,100121,100,98919,200,100176,100,98872,100
2019-06-28 09:49:30.326761997,99905,201,99896,201,99907,198,99895,198,99912,198,99877,198,99934,100,99356,100,100040,200,99022,100,100055,100,99003,100,100085,100,98977,100,100103,100,98945,100,100121,100,98919,200,100176,100,98872,100
2019-06-28 09:49:40.000000000,99905,398,99896,398,99907,100,99895,100,99912,100,99877,100,99934,100,99356,100,100040,200,99022,100,100055,100,99003,100,100085,100,98977,100,100103,100,98945,100,100121,100,98919,200,100176,100,98872,100
2019-06-28 09:49:50.000000000,99905,201,99896,201,99907,198,99895,198,99912,198,99877,198,99934,100,99356,100,100040,200,99022,100,100055,100,99003,100,100085,100,98977,100,100103,100,98945,100,100121,100,98919,200,100176,100,98872,100
2019-06-28 09:50:00.000000000,99905,174,99896,174,99907,174,99895,174,99912,174,99877,174,99934,174,99356,174,100040,200,99022,100,100055,100,99003,100,100085,100,98977,100,100103,100,98945,100,100121,100,98919,200,100176,100,98872,100
2019-06-28 09:50:01.373555230,99905,174,99896,74,99907,174,99895,174,99912,174,99877,174,99934,174,99356,174,100040,200,99022,100,100055,100,99003,100,100085,100,98977,100,100103,100,98945,100,100121,100,98919,200,100176,100,98872,100
2019-06-28 09:50:10.000000000,99905,160,99895,160,99907,160,99877,160,99912,160,99356,160,99934,160,99022,160,100040,260,99003,160,100055,100,98977,100,100085,100,98945,100,100103,100,98919,200,100121,100,98872,100,100176,100,98326,100
2019-06-28 09:50:20.000000000,99905,249,99895,249,99907,249,99877,249,99912,100,99356,100,99934,100,99022,100,100040,200,99003,100,100055,100,98977,100,100085,100,98945,100,100103,100,98919,200,100121,100,98872,100,100176,100,98326,100
2019-06-28 09:50:21.605640792,99905,249,99895,149,99907,249,99877,249,99912,100,99356,100,99934,100,99022,100,100040,200,99003,100,100055,100,98977,100,100085,100,98945,100,100103,100,98919,200,100121,100,98872,100,100176,100,98326,100
2019-06-28 09:50:21.670186230,99905,249,99895,149,99907,249,99877,249,99912,100,99356,100,99934,100,99022,100,100040,200,99003,100,100055,100,98977,100,100085,100,98945,100,100103,100,98919,200,100121,100,98872,100,100176,100,98330,100
2019-06-28 09:50:30.000000000,99905,174,99877,174,99907,174,99356,174,99912,174,99022,174,99934,174,99003,174,100040,200,98977,100,100055,100,98945,100,100085,100,98919,200,100103,100,98872,100,100121,100,98330,100,100176,100,98326,100
2019-06-28 09:50:40.000000000,99905,174,99877,174,99907,174,99356,174,99912,174,99022,174,99934,174,99003,174,100040,200,98977,100,100055,100,98945,100,100085,100,98919,200,100103,100,98872,100,100121,100,98330,100,100176,100,98326,100
2019-06-28 09:50:46.264762931,99896,100,99877,174,99905,174,99356,174,99907,174,99022,174,99912,174,99003,174,99934,174,98977,100,100040,200,98945,100,100055,100,98919,200,100085,100,98872,100,100103,100,98330,100,100121,100,98326,100
2019-06-28 09:50:50.000000000,99896,174,99877,174,99905,174,99356,174,99907,174,99022,174,99912,174,99003,174,99934,100,98977,100,100040,200,98945,100,100055,100,98919,200,100085,100,98872,100,100103,100,98330,100,100121,100,98326,100
2019-06-28 09:51:00.000000000,99896,174,99877,174,99905,174,99356,174,99907,174,99022,174,99912,174,99003,174,99934,100,98977,100,100040,200,98945,100,100055,100,98919,200,100085,100,98872,100,100103,100,98330,100,100121,100,98326,100
2019-06-28 09:51:02.094310469,99896,274,99877,174,99905,174,99356,174,99907,174,99022,174,99912,174,99003,174,99934,100,98977,100,100040,200,98945,100,100055,100,98919,200,100085,100,98872,100,100103,100,98330,100,100121,100,98326,100
2019-06-28 09:51:10.000000000,99896,260,99877,160,99905,160,99356,160,99907,160,99022,160,99912,160,99003,160,99934,160,98977,160,100040,200,98945,100,100055,100,98919,200,100085,100,98872,100,100103,100,98330,100,100121,100,98326,100
2019-06-28 09:51:10.764044484,99896,260,99877,60,99905,160,99356,160,99907,160,99022,160,99912,160,99003,160,99934,160,98977,160,100040,200,98945,100,100085,100,98919,200,100103,100,98872,100,100121,100,98330,100,100176,100,98326,100
2019-06-28 09:51:20.000000000,99896,498,99356,398,99905,100,99022,100,99907,100,99003,100,99912,100,98977,100,99934,100,98945,100,100040,200,98919,200,100085,100,98872,100,100103,100,98330,100,100121,100,98326,100,100176,100,98120,100
2019-06-28 09:51:28.801980865,99896,498,99356,398,99905,100,99022,100,99907,100,99003,100,99912,100,98977,100,99934,100,98945,100,100040,200,98919,200,100085,100,98872,100,100103,100,98330,100,100121,100,98326,100,100176,100,98319,100
2019-06-28 09:51:30.000000000,99896,301,99356,201,99905,198,99022,198,99907,198,99003,198,99912,100,98977,100,99934,100,98945,100,100040,200,98919,200,100085,100,98872,100,100103,100,98330,100,100121,100,98326,100,100176,100,98319,100
2019-06-28 09:51:40.000000000,99896,260,99356,160,99905,160,99022,160,99907,160,99003,160,99912,160,98977,160,99934,160,98945,160,100040,200,98919,200,100085,100,98872,100,100103,100,98330,100,100121,100,98326,100,100176,100,98319,100
2019-06-28 09:51:50.000000000,99896,498,99356,398,99905,100,99022,100,99907,100,99003,100,99912,100,98977,100,99934,100,98945,100,100040,200,98919,200,100085,100,98872,100,100103,100,98330,100,100121,100,98326,100,100176,100,98319,100
2019-06-28 09:51:51.986295879,99896,498,99356,298,99905,100,99022,100,99907,100,99003,100,99912,100,98977,100,99934,100,98945,100,100040,200,98919,200,100085,100,98872,100,100103,100,98330,100,100176,100,98326,100,100206,100,98319,100
2019-06-28 09:52:00.000000000,99896,274,99022,174,99905,174,99003,174,99907,174,98977,174,99912,174,98945,174,99934,100,98919,200,100040,200,98872,100,100085,100,98330,100,100103,100,98326,100,100176,100,98319,100,100206,100,98120,100
2019-06-28 09:52:10.000000000,99896,301,99022,201,99905,198,99003,198,99907,198,98977,198,99912,100,98945,100,99934,100,98919,200,100040,200,98872,100,100085,100,98330,100,100103,100,98326,100,100176,100,98319,100,100206,100,98120,100
2019-06-28 09:52:13.042752514,99896,301,99022,101,99905,198,99003,198,99907,198,98977,198,99912,100,98945,100,99934,100,98919,100,100040,200,98872,100,100085,100,98330,100,100103,100,98326,100,100176,100,98319,100,100206,100,98120,100
2019-06-28 09:52:19.661233703,99896,301,99022,101,99905,198,99003,198,99907,198,98977,198,99912,100,98945,100,99934,100,98919,100,100040,200,98872,100,100085,100,98485,100,100103,100,98330,100,100176,100,98326,100,100206,100,98319,100
2019-06-28 09:52:20.000000000,99896,498,99003,398,99905,100,98977,100,99907,100,98945,100,99912,100,98919,100,99934,100,98872,100,100040,200,98485,100,100085,100,98330,100,100103,100,98326,100,100176,100,98319,100,100206,100,98120,100
2019-06-28 09:52:25.997711775,99896,498,99003,298,99905,100,98977,100,99907,100,98945,100,99912,100,98919,100,99934,100,98872,100,100040,200,98485,100,100085,100,98330,100,100103,100,98326,100,100176,100,98319,100,100206,100,98120,100
2019-06-28 09:52:30.000000000,99896,274,98977,174,99905,174,98945,174,99907,174,98919,174,99912,174,98872,174,99934,100,98485,100,100040,200,98330,100,100085,100,98326,100,100103,100,98319,100,100176,100,98120,100,100206,100,97749,100
2019-06-28 09:52:36.410343167,99896,274,98977,174,99905,174,98945,174,99907,174,98919,174,99912,174,98872,174,99934,100,98736,100,100040,200,98485,100,100103,100,98330,100,100176,100,98326,100,100206,100,98319,100,100209,100,98120,100
2019-06-28 09:52:40.000000000,99896,260,98977,160,99905,160,98945,160,99907,160,98919,160,99912,160,98872,160,99934,160,98736,160,100040,200,98485,100,100103,100,98330,100,100176,100,98326,100,100206,100,98319,100,100209,100,98120,100
2019-06-28 09:52:50.000000000,99896,260,98977,160,99905,160,98945,160,99907,160,98919,160,99912,160,98872,160,99934,160,98736,160,100040,200,98485,100,100103,100,98330,100,100176,100,98326,100,100206,100,98319,100,100209,100,98120,100
2019-06-28 09:53:00.000000000,99896,301,98977,201,99905,198,98945,198,99907,198,98919,198,99912,100,98872,100,99934,100,98736,100,100040,200,98485,100,100103,100,98330,100,100176,100,98326,100,100206,100,98319,100,100209,100,98120,100
2019-06-28 09:53:10.000000000,99896,498,98977,398,99905,100,98945,100,99907,100,98919,100,99912,100,98872,100,99934,100,98736,100,100040,200,98485,100,100103,100,98330,100,100176,100,98326,100,100206,100,98319,100,100209,100,98120,100
2019-06-28 09:53:20.000000000,99896,274,98977,174,99905,174,98945,174,99907,174,98919,174,99912,174,98872,174,99934,100,98736,100,100040,200,98485,100,100103,100,98330,100,100176,100,98326,100,100206,100,98319,100,100209,100,98120,100
2019-06-28 09:53:30.000000000,99896,301,98977,201,99905,198,98945,198,99907,198,98919,198,99912,100,98872,100,99934,100,98736,100,100040,200,98485,100,100103,100,98330,100,100176,100,98326,100,100206,100,98319,100,100209,100,98120,100
2019-06-28 09:53:40.000000000,99896,260,98977,160,99905,160,98945,160,99907,160,98919,160,99912,160,98872,160,99934,160,98736,160,100040,200,98485,100,100103,100,98330,100,100176,100,98326,100,100206,100,98319,100,100209,100,98120,100
2019-06-28 09:53:43.997218112,99896,260,98977,60,99905,160,98945,160,99907,160,98919,160,99912,160,98872,160,99934,160,98736,160,100040,200,98485,100,100103,100,98330,100,100176,100,98326,100,100206,100,98319,100,100209,100,98120,100
2019-06-28 09:53:50.000000000,99896,260,98945,160,99905,160,98919,160,99907,160,98872,160,99912,160,98736,160,99934,160,98485,160,100040,200,98330,100,100103,100,98326,100,100176,100,98319,100,100206,100,98120,100,100209,100,97749,100
2019-06-28 09:53:56.502859734,99896,260,98945,160,99905,160,98919,160,99907,160,98872,160,99912,160,98736,160,99934,160,98591,100,100040,200,98485,160,100103,100,98330,100,100176,100,98326,100,100206,100,98319,100,100209,100,98120,100
2019-06-28 09:54:00.000000000,99896,274,98945,174,99905,174,98919,174,99907,174,98872,174,99912,174,98736,174,99934,100,98591,100,100040,200,98485,100,100103,100,98330,100,100176,100,98326,100,100206,100,98319,100,100209,100,98120,100
2019-06-28 09:54:10.000000000,99896,260,98945,160,99905,160,98919,160,99907,160,98872,160,99912,160,98736,160,99934,160,98591,160,100040,200,98485,100,100103,100,98330,100,100176,100,98326,100,100206,100,98319,100,100209,100,98120,100
2019-06-28 09:54:13.293357639,99003,100,98945,160,99896,260,98919,160,99905,160,98872,160,99907,160,98736,160,99912,160,98591,160,99934,160,98485,100,100040,200,98330,100,100103,100,98326,100,100176,100,98319,100,100206,100,98120,100
2019-06-28 09:54:20.000000000,99003,201,98945,201,99896,298,98919,198,99905,198,98872,198,99907,100,98736,100,99912,100,98591,100,99934,100,98485,100,100040,200,98330,100,100103,100,98326,100,100176,100,98319,100,100206,100,98120,100
2019-06-28 09:54:30.000000000,99003,201,98945,201,99896,298,98919,198,99905,198,98872,198,99907,100,98736,100,99912,100,98591,100,99934,100,98485,100,100040,200,98330,100,100103,100,98326,100,100176,100,98319,100,100206,100,98120,100
2019-06-28 09:54:40.000000000,99003,160,98945,160,99896,260,98919,160,99905,160,98872,160,99907,160,98736,160,99912,160,98591,160,99934,100,98485,100,100040,200,98330,100,100103,100,98326,100,100176,100,98319,100,100206,100,98120,100
2019-06-28 09:54:40.890192039,99003,160,98945,160,99896,260,98919,160,99905,160,98872,160,99907,160,98771,100,99912,160,98736,160,99934,100,98591,160,100040,200,98485,100,100103,100,98330,100,100176,100,98326,100,100206,100,98319,100
2019-06-28 09:54:50.000000000,99003,398,98945,398,99896,200,98919,100,99905,100,98872,100,99907,100,98771,100,99912,100,98736,100,99934,100,98591,100,100040,200,98485,100,100103,100,98330,100,100176,100,98326,100,100206,100,98319,100
2019-06-28 09:54:51.178320858,99003,498,98945,398,99896,200,98919,100,99905,100,98872,100,99907,100,98771,100,99912,100,98736,100,99934,100,98591,100,100040,200,98485,100,100103,100,98330,100,100176,100,98326,100,100206,100,98319,100
2019-06-28 09:54:53.555142162,99003,498,98945,398,99060,100,98919,100,99896,200,98872,100,99905,100,98771,100,99907,100,98736,100,99912,100,98591,100,99934,100,98485,100,100040,200,98330,100,100103,100,98326,100,100176,100,98319,100
2019-06-28 09:55:00.000000000,99003,260,98945,160,99060,160,98919,160,99896,260,98872,160,99905,160,98771,160,99907,160,98736,160,99912,100,98591,100,99934,100,98485,100,100040,200,98330,100,100103,100,98326,100,100176,100,98319,100
2019-06-28 09:55:10.000000000,99003,349,98945,249,99060,249,98919,249,99896,200,98872,100,99905,100,98771,100,99907,100,98736,100,99912,100,98591,100,99934,100,98485,100,100040,200,98330,100,100103,100,98326,100,100176,100,98319,100
2019-06-28 09:55:20.000000000,99003,274,98945,174,99060,174,98919,174,99896,274,98872,174,99905,174,98771,174,99907,100,98736,100,99912,100,98591,100,99934,100,98485,100,100040,200,98330,100,100103,100,98326,100,100176,100,98319,100
2019-06-28 09:55:24.360771824,99003,174,98945,174,99060,174,98919,174,99896,274,98872,174,99905,174,98771,174,99907,100,98736,100,99912,100,98591,100,99934,100,98485,100,100040,200,98330,100,100103,100,98326,100,100206,100,98319,100
2019-06-28 09:55:30.000000000,99003,160,98945,160,99060,160,98919,160,99896,260,98872,160,99905,160,98771,160,99907,160,98736,160,99912,100,98591,100,99934,100,98485,100,100040,200,98330,100,100103,100,98326,100,100206,100,98319,100
2019-06-28 09:55:40.000000000,99003,174,98945,174,99060,174,98919,174,99896,274,98872,174,99905,174,98771,174,99907,100,98736,100,99912,100,98591,100,99934,100,98485,100,100040,200,98330,100,100103,100,98326,100,100206,100,98319,100
2019-06-28 09:55:47.781855234,99003,174,98945,174,99060,174,98919,174,99521,100,98872,174,99896,274,98771,174,99905,174,98736,100,99907,100,98591,100,99912,100,98485,100,99934,100,98330,100,100040,200,98326,100,100103,100,98319,100
2019-06-28 09:55:50.000000000,99003,398,98945,398,99060,100,98919,100,99521,100,98872,100,99896,200,98771,100,99905,100,98736,100,99907,100,98591,100,99912,100,98485,100,99934,100,98330,100,100040,200,98326,100,100103,100,98319,100
2019-06-28 09:55:59.638074177,99003,398,98945,398,99060,100,98919,100,99521,100,98872,100,99896,200,98771,100,99905,100,98736,100,99907,100,98591,100,99912,100,98485,100,100040,200,98330,100,100103,100,98326,100,100206,100,98319,100
2019-06-28 09:56:00.000000000,99003,174,98945,174,99060,174,98919,174,99521,174,98872,174,99896,274,98771,174,99905,100,98736,100,99907,100,98591,100,99912,100,98485,100,100040,200,98330,100,100103,100,98326,100,100206,100,98319,100
2019-06-28 09:56:10.000000000,99003,398,98945,398,99060,100,98919,100,99521,100,98872,100,99896,200,98771,100,99905,100,98736,100,99907,100,98591,100,99912,100,98485,100,100040,200,98330,100,100103,100,98326,100,100206,100,98319,100
2019-06-28 09:56:13.759476053,99003,398,98945,398,99060,100,98919,100,99521,100,98872,100,99896,100,98771,100,99905,100,98736,100,99907,100,98591,100,99912,100,98485,100,100040,200,98330,100,100103,100,98326,100,100206,100,98319,100
2019-06-28 09:56:17.631641082,99003,298,98945,398,99060,100,98919,100,99896,100,98872,100,99905,100,98771,100,99907,100,98736,100,99912,100,98591,100,100040,200,98485,100,100103,100,98330,100,100206,100,98326,100,100209,100,98319,100
2019-06-28 09:56:20.000000000,99060,249,98945,249,99896,249,98919,249,99905,100,98872,100,99907,100,98771,100,99912,100,98736,100,100040,200,98591,100,100103,100,98485,100,100206,100,98330,100,100209,100,98326,100,100355,100,98319,100
2019-06-28 09:56:30.000000000,99060,174,98945,174,99896,174,98919,174,99905,174,98872,174,99907,174,98771,174,99912,100,98736,100,100040,200,98591,100,100103,100,98485,100,100206,100,98330,100,100209,100,98326,100,100355,100,98319,100
2019-06-28 09:56:40.000000000,99060,398,98945,398,99896,100,98919,100,99905,100,98872,100,99907,100,98771,100,99912,100,98736,100,100040,200,98591,100,100103,100,98485,100,100206,100,98330,100,100209,100,98326,100,100355,100,98319,100
2019-06-28 09:56:49.031160164,99060,398,98945,398,99369,100,98919,100,99896,100,98872,100,99905,100,98771,100,99907,100,98736,100,99912,100,98591,100,100040,200,98485,100,100103,100,98330,100,100206,100,98326,100,100209,100,98319,100
2019-06-28 09:56:50.000000000,99060,249,98945,249,99369,249,98919,249,99896,100,98872,100,99905,100,98771,100,99907,100,98736,100,99912,100,98591,100,100040,200,98485,100,100103,100,98330,100,100206,100,98326,100,100209,100,98319,100
2019-06-28 09:56:54.277003890,99060,249,98945,249,99297,100,98919,249,99369,249,98872,100,99896,100,98771,100,99905,100,98736,100,99907,100,98591,100,99912,100,98485,100,100040,200,98330,100,100103,100,98326,100,100206,100,98120,100
2019-06-28 09:56:55.840615754,99060,249,98945,249,99297,100,98919,249,99349,100,98872,100,99369,249,98771,100,99896,100,98736,100,99905,100,98591,100,99907,100,98485,100,99912,100,98330,100,100040,200,98326,100,100103,100,98120,100
2019-06-28 09:57:00.000000000,99060,249,98945,249,99297,249,98919,249,99349,100,98872,100,99369,100,98771,100,99896,100,98736,100,99905,100,98591,100,99907,100,98485,100,99912,100,98330,100,100040,200,98326,100,100103,100,98120,100
2019-06-28 09:57:10.000000000,99060,249,98945,249,99297,249,98919,249,99349,100,98872,100,99369,100,98771,100,99896,100,98736,100,99905,100,98591,100,99907,100,98485,100,99912,100,98330,100,100040,200,98326,100,100103,100,98120,100
2019-06-28 09:57:12.443058132,99060,249,99003,100,99297,249,98945,249,99349,100,98919,249,99369,100,98872,100,99896,100,98771,100,99905,100,98736,100,99907,100,98591,100,99912,100,98485,100,100040,200,98330,100,100103,100,98326,100
2019-06-28 09:57:16.582601252,99060,149,99003,100,99297,249,98945,249,99349,100,98919,249,99369,100,98872,100,99896,100,98736,100,99905,100,98591,100,99907,100,98485,100,99912,100,98330,100,100040,200,98326,100,100103,100,98120,100
2019-06-28 09:57:19.158776705,99060,49,99003,100,99297,249,98945,249,99349,100,98919,249,99369,100,98872,100,99896,100,98591,100,99905,100,98485,100,99907,100,98330,100,99912,100,98326,100,100040,200,98120,100,100103,100,97749,100
2019-06-28 09:57:20.000000000,99297,201,99003,201,99349,198,98945,198,99369,198,98919,198,99896,100,98872,100,99905,100,98591,100,99907,100,98485,100,99912,100,98330,100,100040,200,98326,100,100103,100,98120,100,100206,100,97749,100
2019-06-28 09:57:30.000000000,99297,160,99003,160,99349,160,98945,160,99369,160,98919,160,99896,160,98872,160,99905,160,98591,160,99907,100,98485,100,99912,100,98330,100,100040,200,98326,100,100103,100,98120,100,100206,100,97749,100
2019-06-28 09:57:40.000000000,99297,174,99003,174,99349,174,98945,174,99369,174,98919,174,99896,174,98872,174,99905,100,98591,100,99907,100,98485,100,99912,100,98330,100,100040,200,98326,100,100103,100,98120,100,100206,100,97749,100
2019-06-28 09:57:50.000000000,99297,249,99003,249,99349,249,98945,249,99369,100,98919,100,99896,100,98872,100,99905,100,98591,100,99907,100,98485,100,99912,100,98330,100,100040,200,98326,100,100103,100,98120,100,100206,100,97749,100
2019-06-28 09:57:54.952188363,99297,249,99035,100,99349,249,99003,249,99369,100,98945,249,99896,100,98919,100,99905,100,98872,100,99907,100,98591,100,99912,100,98485,100,100040,200,98330,100,100103,100,98326,100,100206,100,98120,100
2019-06-28 09:58:00.000000000,99297,398,99035,398,99349,100,99003,100,99369,100,98945,100,99896,100,98919,100,99905,100,98872,100,99907,100,98591,100,99912,100,98485,100,100040,200,98330,100,100103,100,98326,100,100206,100,98120,100
2019-06-28 09:58:08.658591590,99297,398,99035,398,99349,100,99003,100,99369,100,98975,100,99896,100,98945,100,99905,100,98919,100,99907,100,98872,100,99912,100,98591,100,100040,200,98485,100,100103,100,98330,100,100206,100,98326,100
2019-06-28 09:58:10.000000000,99297,249,99035,249,99349,249,99003,249,99369,100,98975,100,99896,100,98945,100,99905,100,98919,100,99907,100,98872,100,99912,100,98591,100,100040,200,98485,100,100103,100,98330,100,100206,100,98326,100
2019-06-28 09:58:20.000000000,99297,398,99035,398,99349,100,99003,100,99369,100,98975,100,99896,100,98945,100,99905,100,98919,100,99907,100,98872,100,99912,100,98591,100,100040,200,98485,100,100103,100,98330,100,100206,100,98326,100
2019-06-28 09:58:27.598804150,99297,398,99035,398,99349,100,99003,100,99369,100,98975,100,99725,100,98945,100,99896,100,98919,100,99905,100,98872,100,99907,100,98591,100,99912,100,98485,100,100040,200,98330,100,100103,100,98326,100
2019-06-28 09:58:29.910774660,99297,398,99060,100,99349,100,99035,398,99369,100,99003,100,99725,100,98975,100,99905,100,98945,100,99907,100,98919,100,99912,100,98872,100,100040,200,98591,100,100103,100,98485,100,100206,100,98330,100
2019-06-28 09:58:30.000000000,99297,160,99060,160,99349,160,99035,160,99369,160,99003,160,99725,160,98975,160,99905,160,98945,160,99907,100,98919,100,99912,100,98872,100,100040,200,98591,100,100103,100,98485,100,100206,100,98330,100
2019-06-28 09:58:40.000000000,99297,174,99060,174,99349,174,99035,174,99369,174,99003,174,99725,174,98975,174,99905,100,98945,100,99907,100,98919,100,99912,100,98872,100,100040,200,98591,100,100103,100,98485,100,100206,100,98330,100
2019-06-28 09:58:43.207733809,99297,74,99060,174,99349,174,99035,174,99369,174,99003,174,99725,174,98975,174,99905,100,98945,100,99907,100,98919,100,99912,100,98872,100,100040,200,98591,100,100103,100,98485,100,100206,100,98330,100
2019-06-28 09:58:46.399678327,99349,174,99297,26,99369,174,99060,174,99725,174,99035,174,99905,100,99003,174,99907,100,98975,174,99912,100,98945,100,100040,200,98919,100,100103,100,98872,100,100206,100,98591,100,100209,100,98485,100
2019-06-28 09:58:50.000000000,99349,174,99297,100,99369,174,99060,174,99725,174,99035,174,99905,174,99003,174,99907,100,98975,100,99912,100,98945,100,100040,200,98919,100,100103,100,98872,100,100206,100,98591,100,100209,100,98485,100
2019-06-28 09:59:00.000000000,99349,174,99297,100,99369,174,99060,174,99725,174,99035,174,99905,174,99003,174,99907,100,98975,100,99912,100,98945,100,100040,200,98919,100,100103,100,98872,100,100206,100,98591,100,100209,100,98485,100
2019-06-28 09:59:10.000000000,99349,160,99297,86,99369,160,99060,160,99725,160,99035,160,99905,160,99003,160,99907,160,98975,160,99912,100,98945,100,100040,200,98919,100,100103,100,98872,100,100206,100,98591,100,100209,100,98485,100
2019-06-28 09:59:20.000000000,99349,249,99297,175,99369,249,99060,249,99725,100,99035,100,99905,100,99003,100,99907,100,98975,100,99912,100,98945,100,100040,200,98919,100,100103,100,98872,100,100206,100,98591,100,100209,100,98485,100
2019-06-28 09:59:22.096890622,99349,249,99297,175,99369,249,99060,249,99580,100,99035,100,99725,100,99003,100,99905,100,98975,100,99907,100,98945,100,99912,100,98919,100,100040,200,98872,100,100103,100,98591,100,100206,100,98485,100
2019-06-28 09:59:28.634494177,99349,149,99297,175,99369,249,99060,249,99580,100,99035,100,99725,100,99003,100,99905,100,98975,100,99907,100,98945,100,99912,100,98919,100,100040,200,98872,100,100103,100,98591,100,100209,100,98485,100
2019-06-28 09:59:30.000000000,99369,174,99297,100,99580,174,99060,174,99725,174,99035,174,99905,174,99003,174,99907,100,98975,100,99912,100,98945,100,100040,200,98919,100,100103,100,98872,100,100209,100,98591,100,100355,100,98485,100
2019-06-28 09:59:40.000000000,99369,201,99297,127,99580,198,99060,198,99725,198,99035,198,99905,100,99003,100,99907,100,98975,100,99912,100,98945,100,100040,200,98919,100,100103,100,98872,100,100209,100,98591,100,100355,100,98485,100
2019-06-28 09:59:43.930767183,99369,201,99297,127,99580,198,99060,198,99713,100,99035,198,99725,198,99003,100,99905,100,98975,100,99907,100,98945,100,99912,100,98919,100,100040,200,98872,100,100103,100,98591,100,100209,100,98485,100
2019-06-28 09:59:50.000000000,99369,160,99297,86,99580,160,99060,160,99713,160,99035,160,99725,160,99003,160,99905,160,98975,160,99907,100,98945,100,99912,100,98919,100,100040,200,98872,100,100103,100,98591,100,100209,100,98485,100
2019-06-28 10:00:00.000000000,99369,249,99297,175,99580,249,99060,249,99713,100,99035,100,99725,100,99003,100,99905,100,98975,100,99907,100,98945,100,99912,100,98919,100,100040,200,98872,100,100103,100,98591,100,100209,100,98485,100
2019-06-28 10:00:02.346935029,99369,249,99297,175,99580,249,99060,249,99713,100,99035,100,99725,100,98975,100,99905,100,98945,100,99907,100,98919,100,99912,100,98872,100,100040,200,98591,100,100103,100,98485,100,100209,100,98330,100
2019-06-28 10:00:10.000000000,99369,398,99297,324,99580,100,99060,100,99713,100,99035,100,99725,100,98975,100,99905,100,98945,100,99907,100,98919,100,99912,100,98872,100,100040,200,98591,100,100103,100,98485,100,100209,100,98330,100
2019-06-28 10:00:20.000000000,99369,160,99297,86,99580,160,99060,160,99713,160,99035,160,99725,160,98975,160,99905,160,98945,160,99907,100,98919,100,99912,100,98872,100,100040,200,98591,100,100103,100,98485,100,100209,100,98330,100
2019-06-28 10:00:30.000000000,99369,160,99297,86,99580,160,99060,160,99713,160,99035,160,99725,160,98975,160,99905,160,98945,160,99907,100,98919,100,99912,100,98872,100,100040,200,98591,100,100103,100,98485,100,100209,100,98330,100
2019-06-28 10:00:35.448083138,99369,160,99298,100,99580,160,99297,86,99713,160,99060,160,99725,160,99035,160,99905,160,98975,160,99907,100,98945,160,99912,100,98919,100,100040,200,98872,100,100103,100,98591,100,100209,100,98485,100
2019-06-28 10:00:40.000000000,99369,160,99298,160,99580,160,99297,86,99713,160,99060,160,99725,160,99035,160,99905,160,98975,160,99907,100,98945,100,99912,100,98919,100,100040,200,98872,100,100103,100,98591,100,100209,100,98485,100
2019-06-28 10:00:42.774080694,99369,160,99298,160,99580,160,99297,86,99713,160,99060,160,99725,160,99035,160,99905,160,98975,160,99912,100,98945,100,100040,200,98919,100,100103,100,98872,100,100209,100,98591,100,100355,100,98485,100
2019-06-28 10:00:46.732934146,99369,160,99298,160,99580,160,99297,86,99618,100,99060,160,99713,60,99035,160,99725,160,98975,160,99905,160,98945,100,99912,100,98919,100,100040,200,98872,100,100103,100,98591,100,100209,100,98485,100
2019-06-28 10:00:50.000000000,99369,160,99298,160,99580,160,99297,86,99618,160,99060,160,99725,160,99035,160,99905,160,98975,160,99912,100,98945,100,100040,200,98919,100,100103,100,98872,100,100209,100,98591,100,100355,100,98485,100
2019-06-28 10:00:59.249766012,99369,160,99298,160,99580,160,99297,86,99618,160,99060,160,99725,160,99035,160,99798,100,98975,160,99905,160,98945,100,99912,100,98919,100,100040,200,98872,100,100103,100,98591,100,100209,100,98485,100
2019-06-28 10:01:00.000000000,99369,249,99298,249,99580,249,99297,175,99618,100,99060,100,99725,100,99035,100,99798,100,98975,100,99905,100,98945,100,99912,100,98919,100,100040,200,98872,100,100103,100,98591,100,100209,100,98485,100
2019-06-28 10:01:02.331859221,99369,149,99298,249,99580,249,99297,175,99618,100,99060,100,99725,100,99035,100,99798,100,98975,100,99905,100,98945,100,99912,100,98919,100,100040,200,98872,100,100103,100,98485,100,100209,100,98330,100
2019-06-28 10:01:10.000000000,99580,174,99298,174,99618,174,99297,100,99725,174,99060,174,99798,174,99035,174,99905,100,98975,100,99912,100,98945,100,100040,200,98919,100,100103,100,98872,100,100209,100,98485,100,100355,100,98330,100
2019-06-28 10:01:20.000000000,99580,174,99298,174,99618,174,99297,100,99725,174,99060,174,99798,174,99035,174,99905,100,98975,100,99912,100,98945,100,100040,200,98919,100,100103,100,98872,100,100209,100,98485,100,100355,100,98330,100
2019-06-28 10:01:21.806825770,99580,74,99298,174,99618,174,99297,100,99725,174,99060,174,99798,174,99035,174,99905,100,98975,100,99912,100,98945,100,100040,200,98919,100,100103,100,98872,100,100209,100,98485,100,100355,100,98330,100
2019-06-28 10:01:30.000000000,99618,249,99298,249,99725,249,99297,175,99798,100,99060,100,99905,100,99035,100,99912,100,98975,100,100040,200,98945,100,100103,100,98919,100,100209,100,98872,100,100355,100,98485,100,,,98330,100
2019-06-28 10:01:40.000000000,99618,201,99298,201,99725,198,99297,124,99798,198,99060,198,99905,100,99035,100,99912,100,98975,100,100040,200,98945,100,100103,100,98919,100,100209,100,98872,100,100355,100,98485,100,,,98330,100
2019-06-28 10:01:41.704649548,99618,101,99298,201,99725,198,99297,124,99798,198,99060,198,99905,100,99035,100,99912,100,98975,100,100040,200,98945,100,100103,100,98919,100,100209,100,98872,100,100355,100,98485,100,,,98330,100
2019-06-28 10:01:46.028457823,99618,101,99298,201,99725,198,99297,124,99798,198,99060,198,99877,100,99035,100,99905,100,98975,100,99912,100,98945,100,100040,200,98919,100,100103,100,98872,100,100209,100,98485,100,100355,100,98330,100
2019-06-28 10:01:50.000000000,99725,174,99298,174,99798,174,99297,100,99877,174,99060,174,99905,174,99035,174,99912,100,98975,100,100040,200,98945,100,100103,100,98919,100,100209,100,98872,100,100355,100,98485,100,,,98330,100
2019-06-28 10:01:55.862884080,99725,174,99682,100,99798,174,99298,174,99877,174,99297,100,99905,174,99060,174,99912,100,99035,174,100040,200,98975,100,100103,100,98945,100,100209,100,98919,100,100355,100,98872,100,,,98485,100
2019-06-28 10:02:00.000000000,99725,201,99682,201,99798,198,99298,198,99877,198,99297,124,99905,100,99060,100,99912,100,99035,100,100040,200,98975,100,100103,100,98945,100,100209,100,98919,100,100355,100,98872,100,,,98485,100
2019-06-28 10:02:10.000000000,99725,398,99682,398,99798,100,99298,100,99877,100,99297,26,99905,100,99060,100,99912,100,99035,100,100040,200,98975,100,100103,100,98945,100,100209,100,98919,100,100355,100,98872,100,,,98485,100
2019-06-28 10:02:20.000000000,99725,174,99682,174,99798,174,99298,174,99877,174,99297,100,99905,174,99060,174,99912,100,99035,100,100040,200,98975,100,100103,100,98945,100,100209,100,98919,100,100355,100,98872,100,,,98485,100
2019-06-28 10:02:30.000000000,99725,201,99682,201,99798,198,99298,198,99877,198,99297,124,99905,100,99060,100,99912,100,99035,100,100040,200,98975,100,100103,100,98945,100,100209,100,98919,100,100355,100,98872,100,,,98485,100
2019-06-28 10:02:40.000000000,99725,174,99682,174,99798,174,99298,174,99877,174,99297,100,99905,174,99060,174,99912,100,99035,100,100040,200,98975,100,100103,100,98945,100,100209,100,98919,100,100355,100,98872,100,,,98485,100
2019-06-28 10:02:50.000000000,99725,201,99682,201,99798,198,99298,198,99877,198,99297,124,99905,100,99060,100,99912,100,99035,100,100040,200,98975,100,100103,100,98945,100,100209,100,98919,100,100355,100,98872,100,,,98485,100
2019-06-28 10:03:00.000000000,99725,398,99682,398,99798,100,99298,100,99877,100,99297,26,99905,100,99060,100,99912,100,99035,100,100040,200,98975,100,100103,100,98945,100,100209,100,98919,100,100355,100,98872,100,,,98485,100
2019-06-28 10:03:10.000000000,99725,201,99682,201,99798,198,99298,198,99877,198,99297,124,99905,100,99060,100,99912,100,99035,100,100040,200,98975,100,100103,100,98945,100,100209,100,98919,100,100355,100,98872,100,,,98485,100
2019-06-28 10:03:20.000000000,99725,201,99682,201,99798,198,99298,198,99877,198,99297,124,99905,100,99060,100,99912,100,99035,100,100040,200,98975,100,100103,100,98945,100,100209,100,98919,100,100355,100,98872,100,,,98485,100
2019-06-28 10:03:23.121975995,99725,201,99682,201,99798,198,99298,198,99877,198,99297,124,99905,100,99060,100,99912,100,99035,100,100040,200,98975,100,100103,100,98945,100,100251,100,98919,100,100355,100,98872,100,,,98485,100
2019-06-28 10:03:30.000000000,99725,249,99682,249,99798,249,99298,249,99877,100,99297,26,99905,100,99060,100,99912,100,99035,100,100040,200,98975,100,100103,100,98945,100,100251,100,98919,100,100355,100,98872,100,,,98485,100
2019-06-28 10:03:30.182370867,99725,149,99682,249,99798,249,99298,249,99877,100,99297,26,99905,100,99060,100,99912,100,99035,100,100040,200,98975,100,100103,100,98945,100,100251,100,98919,100,100355,100,98872,100,,,98485,100
2019-06-28 10:03:40.000000000,99798,160,99682,160,99877,160,99298,160,99905,160,99297,86,99912,160,99060,160,100040,260,99035,160,100103,100,98975,100,100251,100,98945,100,100355,100,98919,100,,,98872,100,,,98485,100
2019-06-28 10:03:41.871861008,99798,60,99682,160,99877,160,99298,160,99905,160,99297,86,99912,160,99060,160,100040,260,99035,160,100103,100,98975,100,100251,100,98945,100,100355,100,98919,100,,,98872,100,,,98485,100
2019-06-28 10:03:50.000000000,99877,398,99682,398,99905,100,99298,100,99912,100,99297,26,100040,200,99060,100,100103,100,99035,100,100251,100,98975,100,100355,100,98945,100,,,98919,100,,,98872,100,,,98485,100
2019-06-28 10:04:00.000000000,99877,174,99682,174,99905,174,99298,174,99912,174,99297,100,100040,274,99060,174,100103,100,99035,100,100251,100,98975,100,100355,100,98945,100,,,98919,100,,,98872,100,,,98485,100
2019-06-28 10:04:10.000000000,99877,160,99682,160,99905,160,99298,160,99912,160,99297,86,100040,260,99060,160,100103,160,99035,160,100251,100,98975,100,100355,100,98945,100,,,98919,100,,,98872,100,,,98485,100
2019-06-28 10:04:15.702701194,99877,160,99725,100,99905,160,99682,160,99912,160,99298,160,100040,260,99297,86,100103,160,99060,160,100251,100,99035,160,100355,100,98975,100,,,98945,100,,,98919,100,,,98872,100
2019-06-28 10:04:20.000000000,99877,398,99725,398,99905,100,99682,100,99912,100,99298,100,100040,200,99297,26,100103,100,99060,100,100251,100,99035,100,100355,100,98975,100,,,98945,100,,,98919,100,,,98872,100
2019-06-28 10:04:30.000000000,99877,398,99725,398,99905,100,99682,100,99912,100,99298,100,100040,200,99297,26,100103,100,99060,100,100251,100,99035,100,100355,100,98975,100,,,98945,100,,,98919,100,,,98872,100
2019-06-28 10:04:40.000000000,99877,201,99725,201,99905,198,99682,198,99912,198,99298,198,100040,200,99297,26,100103,100,99060,100,100251,100,99035,100,100355,100,98975,100,,,98945,100,,,98919,100,,,98872,100
2019-06-28 10:04:50.000000000,99877,174,99725,174,99905,174,99682,174,99912,174,99298,174,100040,274,99297,100,100103,100,99060,100,100251,100,99035,100,100355,100,98975,100,,,98945,100,,,98919,100,,,98872,100
2019-06-28 10:04:57.177018085,99877,174,99725,174,99905,174,99682,174,99912,174,99298,174,100040,274,99297,100,100103,100,99060,100,100251,100,99035,100,100355,100,98975,100,100507,100,98945,100,,,98919,100,,,98872,100
2019-06-28 10:04:59.556793595,99877,74,99725,174,99905,174,99682,174,99912,174,99298,174,100040,274,99297,100,100103,100,99060,100,100251,100,99035,100,100355,100,98975,100,100507,100,98945,100,,,98919,100,,,98872,100
2019-06-28 10:05:00.000000000,99905,398,99725,398,99912,100,99682,100,100040,200,99298,100,100103,100,99297,26,100251,100,99060,100,100355,100,99035,100,100507,100,98975,100,,,98945,100,,,98919,100,,,98872,100
2019-06-28 10:05:10.000000000,99905,398,99725,398,99912,100,99682,100,100040,200,99298,100,100103,100,99297,26,100251,100,99060,100,100355,100,99035,100,100507,100,98975,100,,,98945,100,,,98919,100,,,98872,100
2019-06-28 10:05:20.000000000,99905,201,99725,201,99912,198,99682,198,100040,298,99298,198,100103,100,99297,26,100251,100,99060,100,100355,100,99035,100,100507,100,98975,100,,,98945,100,,,98919,100,,,98872,100
2019-06-28 10:05:20.254993033,99905,101,99725,201,99912,198,99682,98,100040,298,99298,198,100103,100,99297,26,100251,100,99060,100,100355,100,99035,100,100507,100,98975,100,,,98945,100,,,98919,100,,,98872,100
2019-06-28 10:05:23.450749299,99905,1,99725,201,99912,198,99682,98,100040,298,99298,198,100103,100,99297,26,100251,100,99060,100,100355,100,99035,100,100507,100,98975,100,,,98945,100,,,98919,100,,,98872,100
2019-06-28 10:05:30.000000000,99912,160,99725,160,100040,260,99298,160,100103,160,99297,86,100251,160,99060,160,100355,160,99035,160,100507,100,98975,100,,,98945,100,,,98919,100,,,98872,100,,,98330,100
2019-06-28 10:05:40.000000000,99912,398,99725,398,100040,200,99298,100,100103,100,99297,26,100251,100,99060,100,100355,100,99035,100,100507,100,98975,100,,,98945,100,,,98919,100,,,98872,100,,,98330,100
2019-06-28 10:05:50.000000000,99912,174,99725,174,100040,274,99298,174,100103,174,99297,100,100251,174,99060,174,100355,100,99035,100,100507,100,98975,100,,,98945,100,,,98919,100,,,98872,100,,,98330,100
2019-06-28 10:05:51.935917041,99912,174,99725,174,100040,274,99298,174,100103,174,99297,100,100251,174,99060,174,100355,100,99035,100,100507,100,98975,100,101634,100,98945,100,,,98919,100,,,98872,100,,,98330,100
2019-06-28 10:06:00.000000000,99912,160,99725,160,100040,260,99298,160,100103,160,99297,86,100251,160,99060,160,100355,160,99035,160,100507,100,98975,100,101634,100,98945,100,,,98919,100,,,98872,100,,,98330,100
2019-06-28 10:06:10.000000000,99912,249,99725,249,100040,349,99298,249,100103,100,99297,26,100251,100,99060,100,100355,100,99035,100,100507,100,98975,100,101634,100,98945,100,,,98919,100,,,98872,100,,,98330,100
2019-06-28 10:06:10.524875480,99912,249,99725,249,100040,349,99298,249,100103,100,99297,26,100355,100,99060,100,100507,100,99035,100,101634,100,98975,100,102152,100,98945,100,,,98919,100,,,98872,100,,,98330,100
2019-06-28 10:06:20.000000000,99912,160,99725,160,100040,260,99298,160,100103,160,99297,86,100355,160,99060,160,100507,160,99035,160,101634,100,98975,100,102152,100,98945,100,,,98919,100,,,98872,100,,,98330,100
2019-06-28 10:06:30.000000000,99912,201,99725,201,100040,298,99298,198,100103,198,99297,124,100355,100,99060,100,100507,100,99035,100,101634,100,98975,100,102152,100,98945,100,,,98919,100,,,98872,100,,,98330,100
2019-06-28 10:06:34.962398649,99912,201,99725,201,100040,298,99298,198,100103,198,99297,124,100355,100,99060,100,100507,100,99035,100,101634,100,98975,100,101766,100,98945,100,102152,100,98919,100,,,98872,100,,,98330,100
2019-06-28 10:06:39.383214994,99912,201,99905,100,100040,298,99725,201,100103,198,99298,198,100355,100,99297,124,100507,100,99060,100,101634,100,99035,100,101766,100,98975,100,102152,100,98945,100,,,98919,100,,,98872,100
2019-06-28 10:06:40.000000000,99912,398,99905,398,100040,200,99725,100,100103,100,99298,100,100355,100,99297,26,100507,100,99060,100,101634,100,99035,100,101766,100,98975,100,102152,100,98945,100,,,98919,100,,,98872,100
2019-06-28 10:06:41.514029591,99912,398,99905,398,100040,200,99725,100,100103,100,99298,100,100355,100,99297,26,100507,100,99060,100,101634,100,99035,100,101659,100,98945,100,101766,100,98919,100,102152,100,98872,100,,,98330,100
2019-06-28 10:06:48.625607482,99912,298,99905,398,100040,200,99725,100,100103,100,99298,100,100355,100,99297,26,100507,100,99060,100,101634,100,98945,100,101659,100,98919,100,101766,100,98872,100,102152,100,98330,100,,,98326,100
2019-06-28 10:06:50.000000000,100040,349,99905,249,100103,249,99725,249,100355,100,99298,100,100507,100,99297,26,101634,100,99060,100,101659,100,98945,100,101766,100,98919,100,102152,100,98872,100,,,98330,100,,,98326,100
2019-06-28 10:07:00.000000000,100040,349,99905,249,100103,249,99725,249,100355,100,99298,100,100507,100,99297,26,101634,100,99060,100,101659,100,98945,100,101766,100,98919,100,102152,100,98872,100,,,98330,100,,,98326,100
2019-06-28 10:07:06.674578812,100040,349,99905,249,100103,249,99725,249,100355,100,99298,100,100507,100,99297,26,101634,100,99060,100,101659,100,98945,100,101749,100,98919,100,101766,100,98872,100,102152,100,98330,100,,,98326,100
2019-06-28 10:07:10.000000000,100040,498,99905,398,100103,100,99725,100,100355,100,99298,100,100507,100,99297,26,101634,100,99060,100,101659,100,98945,100,101749,100,98919,100,101766,100,98872,100,102152,100,98330,100,,,98326,100
2019-06-28 10:07:20.000000000,100040,274,99905,174,100103,174,99725,174,100355,174,99298,174,100507,174,99297,100,101634,100,99060,100,101659,100,98945,100,101749,100,98919,100,101766,100,98872,100,102152,100,98330,100,,,98326,100
2019-06-28 10:07:30.000000000,100040,498,99905,398,100103,100,99725,100,100355,100,99298,100,100507,100,99297,26,101634,100,99060,100,101659,100,98945,100,101749,100,98919,100,101766,100,98872,100,102152,100,98330,100,,,98326,100
2019-06-28 10:07:40.000000000,100040,260,99905,160,100103,160,99725,160,100355,160,99298,160,100507,160,99297,86,101634,160,99060,160,101659,100,98945,100,101749,100,98919,100,101766,100,98872,100,102152,100,98330,100,,,98326,100
2019-06-28 10:07:50.000000000,100040,349,99905,249,100103,249,99725,249,100355,100,99298,100,100507,100,99297,26,101634,100,99060,100,101659,100,98945,100,101749,100,98919,100,101766,100,98872,100,102152,100,98330,100,,,98326,100
2019-06-28 10:07:50.269645877,100040,349,99906,100,100103,249,99905,249,100355,100,99725,249,100507,100,99298,100,101634,100,99297,26,101659,100,99060,100,101749,100,98945,100,101766,100,98919,100,102152,100,98872,100,,,98330,100
2019-06-28 10:08:00.000000000,100040,498,99906,398,100103,100,99905,100,100355,100,99725,100,100507,100,99298,100,101634,100,99297,26,101659,100,99060,100,101749,100,98945,100,101766,100,98919,100,102152,100,98872,100,,,98330,100
2019-06-28 10:08:02.455946478,100040,398,99906,398,100103,100,99905,100,100355,100,99725,100,100507,100,99298,100,101634,100,99297,26,101659,100,99060,100,101749,100,98945,100,101766,100,98919,100,102152,100,98872,100,,,98330,100
2019-06-28 10:08:04.863516948,100040,398,99906,398,100103,100,99905,100,100355,100,99725,100,100507,100,99298,100,101634,100,99297,26,101659,100,99060,100,101749,100,98945,100,101766,100,98919,100,101988,100,98872,100,102152,100,98330,100
2019-06-28 10:08:05.205394606,100040,398,99912,100,100103,100,99906,398,100355,100,99905,100,100507,100,99725,100,101634,100,99298,100,101659,100,99297,26,101749,100,99060,100,101766,100,98945,100,101988,100,98919,100,102152,100,98872,100
2019-06-28 10:08:10.000000000,100040,174,99912,174,100103,174,99906,174,100355,174,99905,174,100507,174,99725,174,101634,100,99298,100,101659,100,99297,26,101749,100,99060,100,101766,100,98945,100,101988,100,98919,100,102152,100,98872,100
2019-06-28 10:08:20.000000000,100040,249,99912,249,100103,249,99906,249,100355,100,99905,100,100507,100,99725,100,101634,100,99298,100,101659,100,99297,26,101749,100,99060,100,101766,100,98945,100,101988,100,98919,100,102152,100,98872,100
2019-06-28 10:08:30.000000000,100040,249,99912,249,100103,249,99906,249,100355,100,99905,100,100507,100,99725,100,101634,100,99298,100,101659,100,99297,26,101749,100,99060,100,101766,100,98945,100,101988,100,98919,100,102152,100,98872,100
2019-06-28 10:08:40.000000000,100040,201,99912,201,100103,198,99906,198,100355,198,99905,198,100507,100,99725,100,101634,100,99298,100,101659,100,99297,26,101749,100,99060,100,101766,100,98945,100,101988,100,98919,100,102152,100,98872,100
2019-06-28 10:08:41.570781652,100040,101,99912,201,100103,198,99906,198,100355,198,99905,198,100507,100,99725,100,101634,100,99298,100,101659,100,99297,26,101749,100,99060,100,101766,100,98945,100,101988,100,98919,100,102152,100,98872,100
2019-06-28 10:08:50.000000000,100103,398,99912,398,100355,100,99906,100,100507,100,99905,100,101634,100,99725,100,101659,100,99298,100,101749,100,99297,26,101766,100,99060,100,101988,100,98945,100,102152,100,98919,100,,,98872,100
2019-06-28 10:09:00.000000000,100103,249,99912,249,100355,249,99906,249,100507,100,99905,100,101634,100,99725,100,101659,100,99298,100,101749,100,99297,26,101766,100,99060,100,101988,100,98945,100,102152,100,98919,100,,,98872,100
2019-06-28 10:09:09.887359200,100103,149,99912,249,100355,249,99906,249,100507,100,99905,100,101634,100,99725,100,101659,100,99298,100,101749,100,99297,26,101766,100,99060,100,101975,100,98945,100,101988,100,98919,100,102152,100,98872,100
2019-06-28 10:09:10.000000000,100355,160,99912,160,100507,160,99906,160,101634,160,99905,160,101659,160,99725,160,101749,160,99298,160,101766,100,99297,26,101975,100,99060,100,101988,100,98945,100,102152,100,98919,100,,,98872,100
2019-06-28 10:09:20.000000000,100355,160,99912,160,100507,160,99906,160,101634,160,99905,160,101659,160,99725,160,101749,160,99298,160,101766,100,99297,26,101975,100,99060,100,101988,100,98945,100,102152,100,98919,100,,,98872,100
2019-06-28 10:09:22.235980981,100355,160,99912,160,100507,160,99906,160,101634,160,99905,160,101659,160,99725,160,101749,160,99298,160,101766,100,99297,26,101813,100,99060,100,101975,100,98945,100,101988,100,98919,100,102152,100,98872,100
2019-06-28 10:09:30.000000000,100355,174,99912,174,100507,174,99906,174,101634,174,99905,174,101659,174,99725,174,101749,100,99298,100,101766,100,99297,26,101813,100,99060,100,101975,100,98945,100,101988,100,98919,100,102152,100,98872,100
