,ask_price_1,ask_size_1,bid_price_1,bid_size_1,ask_price_2,ask_size_2,bid_price_2,bid_size_2,ask_price_3,ask_size_3,bid_price_3,bid_size_3,ask_price_4,ask_size_4,bid_price_4,bid_size_4,ask_price_5,ask_size_5,bid_price_5,bid_size_5,ask_price_6,ask_size_6,bid_price_6,bid_size_6,ask_price_7,ask_size_7,bid_price_7,bid_size_7,ask_price_8,ask_size_8,bid_price_8,bid_size_8,ask_price_9,ask_size_9,bid_price_9,bid_size_9,ask_price_10,ask_size_10,bid_price_10,bid_size_10
2019-06-28 09:30:00.000000000,,,100031,100,,,,,,,,,,,,,,,,,,,,,,,,,,,,,,,,,,,,
2019-06-28 09:30:00.000000001,,,100031,100,,,99890,100,,,,,,,,,,,,,,,,,,,,,,,,,,,,,,,,
2019-06-28 09:30:00.000000002,100058,100,100031,100,,,99963,100,,,99890,100,,,,,,,,,,,,,,,,,,,,,,,,,,,,
2019-06-28 09:30:00.000000003,100058,100,100031,100,,,99968,100,,,99963,100,,,99946,100,,,99890,100,,,,,,,,,,,,,,,,,,,,
2019-06-28 09:30:00.000000007,100058,100,100031,100,100065,100,99968,100,,,99963,100,,,99946,100,,,99916,100,,,99890,100,,,,,,,,,,,,,,,,
2019-06-28 09:30:00.000000012,100036,100,99968,100,100058,100,99963,100,100065,100,99946,100,,,99916,100,,,99890,100,,,,,,,,,,,,,,,,,,,,
2019-06-28 09:30:00.000000013,100023,100,99968,100,100036,100,99963,100,100058,100,99946,100,100065,100,99916,100,,,99890,100,,,99860,100,,,,,,,,,,,,,,,,
2019-06-28 09:30:00.000000016,100023,100,99968,100,100036,100,99963,100,100055,100,99946,100,100058,100,99916,100,100065,100,99890,100,,,99860,100,,,,,,,,,,,,,,,,
2019-06-28 09:30:00.000000017,100023,100,100015,100,100036,100,99968,100,100055,100,99963,100,100058,100,99946,100,100065,100,99916,100,,,99890,100,,,99860,100,,,,,,,,,,,,
2019-06-28 09:30:00.000000020,100036,100,100015,100,100055,100,99968,100,100058,100,99963,100,100065,100,99946,100,100084,100,99916,100,,,99890,100,,,99860,100,,,,,,,,,,,,
2019-06-28 09:30:00.000000023,100036,100,100015,100,100055,100,99968,100,100058,100,99963,100,100065,100,99946,100,100084,100,99916,100,100139,100,99890,100,,,99860,100,,,,,,,,,,,,
2019-06-28 09:30:00.000000024,100036,100,100015,100,100055,100,99968,100,100058,100,99963,100,100065,100,99946,100,100068,100,99916,100,100084,100,99890,100,100139,100,99860,100,,,,,,,,,,,,
2019-06-28 09:30:00.000000025,100055,100,100015,100,100058,100,99968,100,100065,100,99963,100,100068,100,99946,100,100084,100,99916,100,100139,100,99890,100,100146,100,99860,100,,,,,,,,,,,,
2019-06-28 09:30:00.000000030,100055,100,100023,100,100058,100,100015,100,100065,100,99968,100,100068,100,99963,100,100084,100,99946,100,100139,100,99916,100,100146,100,99890,100,,,99860,100,,,,,,,,
2019-06-28 09:30:00.000000033,100055,100,100023,100,100058,100,100015,100,100065,100,99968,100,100068,100,99963,100,100084,100,99946,100,100139,100,99916,100,100146,100,99890,100,100237,100,99860,100,,,,,,,,
2019-06-28 09:30:00.000000034,100055,100,100023,100,100058,100,100015,100,100065,100,99972,100,100068,100,99968,100,100084,100,99963,100,100139,100,99946,100,100146,100,99916,100,100237,100,99890,100,,,99860,100,,,,
2019-06-28 09:30:00.000000036,100055,100,100023,100,100058,100,100015,100,100065,100,99972,100,100068,100,99968,100,100084,100,99963,100,100139,100,99946,100,100146,100,99916,100,100237,100,99890,100,,,99860,100,,,99785,100
2019-06-28 09:30:00.000000039,100055,100,100023,200,100058,100,100015,100,100065,100,99972,100,100068,100,99968,100,100084,100,99963,100,100139,100,99946,100,100146,100,99916,100,100237,100,99890,100,,,99860,100,,,99785,100
2019-06-28 09:30:00.000000040,100058,100,100023,200,100065,100,100015,100,100068,100,99972,100,100084,100,99968,100,100139,100,99963,100,100146,100,99946,100,100237,100,99916,100,,,99890,100,,,99860,100,,,99785,100
2019-06-28 09:30:00.000000042,100058,100,100023,200,100065,100,100015,100,100068,100,99972,100,100084,100,99968,100,100139,100,99963,100,100146,100,99946,100,100237,100,99916,100,,,99909,100,,,99890,100,,,99872,100
2019-06-28 09:30:00.000000045,100058,100,100023,200,100065,100,100015,100,100068,100,99972,100,100084,100,99968,100,100139,100,99963,100,100146,100,99946,100,100237,100,99916,100,,,99909,100,,,99907,100,,,99890,100
2019-06-28 09:30:00.000000047,100058,100,100023,200,100065,100,100015,100,100068,100,99972,100,100084,100,99968,100,100123,100,99963,100,100139,100,99946,100,100146,100,99916,100,100237,100,99909,100,,,99907,100,,,99890,100
2019-06-28 09:30:00.000000048,100055,100,100023,200,100058,100,100015,100,100065,100,99972,100,100068,100,99968,100,100084,100,99963,100,100123,100,99946,100,100139,100,99916,100,100146,100,99909,100,100237,100,99907,100,,,99890,100
2019-06-28 09:30:00.000000050,100055,200,100023,200,100058,100,100015,100,100065,100,99972,100,100068,100,99968,100,100084,100,99963,100,100123,100,99946,100,100139,100,99916,100,100146,100,99909,100,100237,100,99907,100,,,99890,100
2019-06-28 09:30:00.000000051,100034,100,100023,200,100055,200,100015,100,100058,100,99972,100,100065,100,99968,100,100068,100,99963,100,100084,100,99946,100,100123,100,99916,100,100139,100,99909,100,100146,100,99907,100,100237,100,99890,100
2019-06-28 09:30:00.000000053,100034,100,100023,200,100055,200,100015,100,100058,100,99972,100,100065,100,99968,100,100068,100,99963,100,100084,100,99946,100,100123,100,99916,100,100135,100,99909,100,100139,100,99907,100,100146,100,99890,100
2019-06-28 09:30:00.000000054,100034,100,100023,200,100055,300,100015,100,100058,100,99972,100,100065,100,99968,100,100068,100,99963,100,100084,100,99946,100,100123,100,99916,100,100135,100,99909,100,100139,100,99907,100,100146,100,99890,100
2019-06-28 09:30:00.000000055,100034,100,100023,200,100055,400,100015,100,100058,100,99972,100,100065,100,99968,100,100068,100,99963,100,100084,100,99946,100,100123,100,99916,100,100135,100,99909,100,100139,100,99907,100,100146,100,99890,100
2019-06-28 09:30:00.000000056,100034,100,100023,200,100055,400,100015,100,100058,100,99995,100,100065,100,99972,100,100068,100,99968,100,100084,100,99963,100,100123,100,99946,100,100135,100,99916,100,100139,100,99909,100,100146,100,99907,100
2019-06-28 09:30:00.000000059,100034,100,100023,200,100055,400,100015,100,100058,100,99995,100,100065,100,99972,100,100068,100,99968,100,100084,100,99963,100,100114,100,99946,100,100123,100,99916,100,100135,100,99909,100,100139,100,99907,100
2019-06-28 09:30:00.000000061,100033,100,100023,100,100034,100,100015,100,100055,400,99995,100,100058,100,99972,100,100065,100,99968,100,100068,100,99963,100,100084,100,99946,100,100114,100,99916,100,100123,100,99909,100,100135,100,99907,100
2019-06-28 09:30:00.000000064,100033,100,100024,100,100034,100,100023,100,100055,400,100015,100,100058,100,99995,100,100065,100,99972,100,100068,100,99968,100,100084,100,99963,100,100114,100,99946,100,100123,100,99916,100,100135,100,99909,100
2019-06-28 09:30:00.000000066,100033,100,100023,100,100034,100,100015,100,100055,400,99995,100,100058,100,99972,100,100065,100,99968,200,100068,100,99963,100,100084,100,99946,100,100114,100,99916,100,100123,100,99909,100,100135,100,99907,100
2019-06-28 09:30:00.000000068,100024,100,100023,100,100033,100,100015,100,100034,100,99995,100,100055,400,99972,100,100058,100,99968,200,100065,100,99963,100,100068,100,99946,100,100084,100,99916,100,100114,100,99909,100,100123,100,99907,100
2019-06-28 09:30:00.000000070,100024,100,100023,100,100033,100,100015,100,100034,100,99995,100,100055,400,99972,100,100058,100,99968,200,100065,100,99963,100,100068,100,99955,100,100084,100,99946,100,100114,100,99916,100,100123,100,99909,100
2019-06-28 09:30:00.000000071,100024,100,100023,100,100033,100,100015,100,100034,100,99995,100,100055,400,99972,100,100058,100,99968,200,100065,100,99963,100,100068,100,99955,100,100084,100,99946,100,100114,100,99916,100,100123,100,99909,100
2019-06-28 09:30:00.000000073,100024,100,100015,100,100033,100,99995,100,100034,100,99972,100,100055,400,99968,200,100058,100,99963,100,100065,100,99955,100,100068,100,99946,100,100084,100,99918,100,100114,100,99916,100,100123,100,99909,100
2019-06-28 09:30:00.000000076,100024,100,100015,100,100033,100,99995,100,100034,100,99972,100,100055,400,99968,200,100058,100,99963,100,100065,100,99955,100,100068,100,99946,100,100084,100,99918,100,100105,100,99916,100,100114,100,99909,100
2019-06-28 09:30:00.000000078,100024,100,100015,100,100033,100,99995,100,100034,100,99972,100,100055,400,99968,200,100058,100,99963,100,100065,100,99955,100,100068,100,99946,100,100084,100,99918,100,100102,100,99916,100,100105,100,99909,100
2019-06-28 09:30:00.000000079,100019,100,100015,100,100024,100,99995,100,100033,100,99972,100,100034,100,99968,200,100055,400,99963,100,100058,100,99955,100,100065,100,99946,100,100068,100,99940,100,100084,100,99918,100,100102,100,99916,100
2019-06-28 09:30:00.000000083,100019,100,100015,100,100024,100,99996,100,100033,100,99995,100,100034,100,99972,100,100055,400,99968,200,100058,100,99963,100,100065,100,99955,100,100068,100,99946,100,100084,100,99940,100,100102,100,99918,100
2019-06-28 09:30:00.000000088,100019,100,100015,100,100024,100,99996,100,100033,100,99995,100,100034,100,99972,100,100055,400,99968,200,100058,100,99963,100,100065,100,99955,100,100068,100,99946,100,100084,100,99940,100,100102,100,99918,100
2019-06-28 09:30:00.000000089,100019,100,100015,100,100024,100,99996,100,100033,100,99995,100,100034,100,99972,100,100055,400,99968,200,100058,100,99963,100,100065,100,99955,100,100068,100,99946,100,100084,100,99940,100,100102,100,99918,100
2019-06-28 09:30:00.000000090,100019,100,100015,100,100024,100,99996,100,100029,100,99995,100,100033,100,99972,100,100034,100,99968,200,100055,400,99963,100,100058,100,99955,100,100065,100,99946,100,100068,100,99940,100,100084,100,99918,100
2019-06-28 09:30:00.000000091,100019,100,100015,100,100024,100,99996,100,100029,100,99995,100,100033,100,99972,100,100034,100,99968,200,100055,400,99963,100,100058,100,99955,100,100065,100,99946,100,100068,100,99940,100,100084,100,99918,100
2019-06-28 09:30:00.000000094,100019,100,100015,100,100024,100,99996,100,100029,100,99995,100,100033,100,99972,100,100034,100,99968,200,100055,400,99963,100,100058,100,99955,100,100065,100,99946,100,100068,100,99940,100,100084,100,99930,100
2019-06-28 09:30:00.000000096,100019,100,100015,100,100024,100,99996,100,100029,100,99995,100,100033,100,99972,100,100034,100,99968,200,100055,400,99963,100,100057,100,99955,100,100058,100,99946,100,100065,100,99940,100,100068,100,99930,100
2019-06-28 09:30:06.432002215,100019,100,99996,100,100024,100,99995,100,100029,100,99972,100,100033,100,99968,200,100034,100,99963,100,100055,400,99955,100,100057,100,99946,100,100058,100,99940,100,100065,100,99930,100,100068,100,99916,100
2019-06-28 09:30:08.357956725,100019,100,99995,100,100024,100,99972,100,100029,100,99968,200,100033,100,99963,100,100034,100,99955,100,100055,400,99946,100,100057,100,99940,100,100058,100,99930,100,100065,100,99916,100,100068,100,99914,100
2019-06-28 09:30:10.000000000,100019,580,99995,580,100024,100,99972,100,100029,100,99968,200,100033,100,99963,100,100034,100,99955,100,100055,400,99946,100,100057,100,99940,100,100058,100,99930,100,100065,100,99916,100,100068,100,99914,100
2019-06-28 09:30:10.311022085,100019,580,99995,580,100024,100,99972,100,100029,100,99968,200,100033,100,99963,100,100034,100,99955,100,100055,400,99946,100,100057,100,99940,100,100058,100,99930,100,100065,100,99916,100,100068,100,99914,100
2019-06-28 09:30:19.357678880,100019,580,99995,580,100024,100,99972,100,100029,100,99968,100,100033,100,99963,100,100034,100,99956,100,100055,400,99955,100,100057,100,99946,100,100058,100,99940,100,100065,100,99930,100,100068,100,99916,100
2019-06-28 09:30:20.000000000,100019,263,99995,263,100024,258,99972,258,100029,258,99968,258,100033,100,99963,100,100034,100,99956,100,100055,400,99955,100,100057,100,99946,100,100058,100,99940,100,100065,100,99930,100,100068,100,99916,100
2019-06-28 09:30:28.302409798,100019,263,99995,163,100024,258,99972,258,100029,258,99968,258,100033,100,99963,100,100034,100,99956,100,100055,400,99955,100,100057,100,99946,100,100058,100,99940,100,100065,100,99930,100,100068,100,99916,100
2019-06-28 09:30:30.000000000,100019,340,99972,340,100024,340,99968,340,100029,100,99963,100,100033,100,99956,100,100034,100,99955,100,100055,400,99946,100,100057,100,99940,100,100058,100,99930,100,100065,100,99916,100,100068,100,99914,100
2019-06-28 09:30:33.730437263,100019,240,99972,340,100024,340,99968,340,100029,100,99963,100,100033,100,99956,100,100034,100,99955,100,100055,400,99946,100,100057,100,99940,100,100058,100,99930,100,100065,100,99916,100,100068,100,99914,100
2019-06-28 09:30:36.779745952,100019,240,99972,240,100024,340,99968,340,100029,100,99963,100,100033,100,99956,100,100034,100,99955,100,100055,400,99946,100,100058,100,99940,100,100065,100,99930,100,100068,100,99916,100,100084,100,99914,100
2019-06-28 09:30:40.000000000,100024,220,99968,220,100029,220,99963,220,100033,220,99956,220,100034,220,99955,220,100055,400,99946,100,100058,100,99940,100,100065,100,99930,100,100068,100,99916,100,100084,100,99914,100,100102,100,99909,100
2019-06-28 09:30:50.000000000,100024,340,99968,340,100029,340,99963,340,100033,100,99956,100,100034,100,99955,100,100055,400,99946,100,100058,100,99940,100,100065,100,99930,100,100068,100,99916,100,100084,100,99914,100,100102,100,99909,100
2019-06-28 09:31:00.000000000,100024,220,99968,220,100029,220,99963,220,100033,220,99956,220,100034,220,99955,220,100055,400,99946,100,100058,100,99940,100,100065,100,99930,100,100068,100,99916,100,100084,100,99914,100,100102,100,99909,100
2019-06-28 09:31:10.000000000,100024,196,99968,196,100029,196,99963,196,100033,196,99956,196,100034,196,99955,196,100055,496,99946,196,100058,100,99940,100,100065,100,99930,100,100068,100,99916,100,100084,100,99914,100,100102,100,99909,100
2019-06-28 09:31:18.095430793,100024,196,99968,96,100029,196,99963,196,100033,196,99956,196,100034,196,99955,196,100055,496,99946,196,100058,100,99940,100,100065,100,99930,100,100068,100,99916,100,100084,100,99914,100,100102,100,99909,100
2019-06-28 09:31:20.000000000,100024,340,99963,340,100029,340,99956,340,100033,100,99955,100,100034,100,99946,100,100055,400,99940,100,100058,100,99930,100,100065,100,99916,100,100068,100,99914,100,100084,100,99909,100,100102,100,99907,100
2019-06-28 09:31:30.000000000,100024,196,99963,196,100029,196,99956,196,100033,196,99955,196,100034,196,99946,196,100055,496,99940,196,100058,100,99930,100,100065,100,99916,100,100068,100,99914,100,100084,100,99909,100,100102,100,99907,100
2019-06-28 09:31:40.000000000,100024,220,99963,220,100029,220,99956,220,100033,220,99955,220,100034,220,99946,220,100055,400,99940,100,100058,100,99930,100,100065,100,99916,100,100068,100,99914,100,100084,100,99909,100,100102,100,99907,100
2019-06-28 09:31:41.647400549,100024,220,99963,120,100029,220,99956,220,100033,220,99955,220,100034,220,99946,220,100055,400,99940,100,100058,100,99930,100,100065,100,99916,100,100068,100,99909,100,100084,100,99907,100,100102,100,99898,100
2019-06-28 09:31:42.930081257,100024,220,99963,20,100029,220,99956,220,100033,220,99955,220,100034,220,99946,220,100055,400,99940,100,100058,100,99930,100,100065,100,99916,100,100068,100,99909,100,100084,100,99907,100,100102,100,99898,100
2019-06-28 09:31:50.000000000,100024,220,99956,220,100029,220,99955,220,100033,220,99946,220,100034,220,99940,220,100055,400,99930,100,100058,100,99916,100,100065,100,99909,100,100068,100,99907,100,100084,100,99898,100,100102,100,99890,100
2019-06-28 09:31:52.428044634,99963,100,99956,220,100024,120,99955,220,100029,220,99946,220,100033,220,99940,220,100034,220,99930,100,100055,400,99916,100,100058,100,99909,100,100065,100,99907,100,100068,100,99898,100,100084,100,99890,100
2019-06-28 09:32:00.000000000,99963,220,99956,220,100029,220,99955,220,100033,220,99946,220,100034,220,99940,220,100055,400,99930,100,100058,100,99916,100,100065,100,99909,100,100068,100,99907,100,100084,100,99898,100,100102,100,99890,100
2019-06-28 09:32:10.000000000,99963,220,99956,220,100029,220,99955,220,100033,220,99946,220,100034,220,99940,220,100055,400,99930,100,100058,100,99916,100,100065,100,99909,100,100068,100,99907,100,100084,100,99898,100,100102,100,99890,100
2019-06-28 09:32:20.000000000,99963,263,99956,263,100029,258,99955,258,100033,258,99946,258,100034,100,99940,100,100055,400,99930,100,100058,100,99916,100,100065,100,99909,100,100068,100,99907,100,100084,100,99898,100,100102,100,99890,100
2019-06-28 09:32:20.847088637,99963,263,99956,263,100029,258,99955,258,100033,258,99946,258,100034,100,99940,100,100055,400,99930,100,100058,100,99916,100,100065,100,99909,100,100068,100,99907,100,100084,100,99898,100,100102,100,99890,100
2019-06-28 09:32:30.000000000,99963,263,99956,263,100029,258,99955,258,100033,258,99946,258,100034,100,99940,100,100055,400,99930,100,100058,100,99916,100,100065,100,99909,100,100068,100,99907,100,100084,100,99898,100,100102,100,99890,100
2019-06-28 09:32:32.632233706,99963,263,99956,263,100029,258,99955,258,100033,258,99946,258,100034,100,99940,100,100055,400,99930,100,100058,100,99916,100,100065,100,99909,100,100084,100,99907,100,100102,100,99898,100,100123,100,99890,100
2019-06-28 09:32:40.000000000,99963,196,99956,196,100029,196,99955,196,100033,196,99946,196,100034,196,99940,196,100055,496,99930,196,100058,100,99916,100,100065,100,99909,100,100084,100,99907,100,100102,100,99898,100,100123,100,99890,100
2019-06-28 09:32:50.000000000,99963,580,99956,580,100029,100,99955,100,100033,100,99946,100,100034,100,99940,100,100055,400,99930,100,100058,100,99916,100,100065,100,99909,100,100084,100,99907,100,100102,100,99898,100,100123,100,99890,100
2019-06-28 09:33:00.000000000,99963,263,99956,263,100029,258,99955,258,100033,258,99946,258,100034,100,99940,100,100055,400,99930,100,100058,100,99916,100,100065,100,99909,100,100084,100,99907,100,100102,100,99898,100,100123,100,99890,100
2019-06-28 09:33:10.000000000,99963,340,99956,340,100029,340,99955,340,100033,100,99946,100,100034,100,99940,100,100055,400,99930,100,100058,100,99916,100,100065,100,99909,100,100084,100,99907,100,100102,100,99898,100,100123,100,99890,100
2019-06-28 09:33:20.000000000,99963,263,99956,263,100029,258,99955,258,100033,258,99946,258,100034,100,99940,100,100055,400,99930,100,100058,100,99916,100,100065,100,99909,100,100084,100,99907,100,100102,100,99898,100,100123,100,99890,100
2019-06-28 09:33:30.000000000,99963,263,99956,263,100029,258,99955,258,100033,258,99946,258,100034,100,99940,100,100055,400,99930,100,100058,100,99916,100,100065,100,99909,100,100084,100,99907,100,100102,100,99898,100,100123,100,99890,100
2019-06-28 09:33:36.286854262,99963,263,99956,263,100029,258,99955,258,100033,258,99946,258,100034,100,99940,100,100055,400,99930,100,100058,100,99916,100,100065,100,99909,100,100084,100,99907,100,100102,100,99898,100,100123,100,99890,100
2019-06-28 09:33:40.000000000,99963,220,99956,220,100029,220,99955,220,100033,220,99946,220,100034,220,99940,220,100055,400,99930,100,100058,100,99916,100,100065,100,99909,100,100084,100,99907,100,100102,100,99898,100,100123,100,99890,100
2019-06-28 09:33:43.930299597,99963,220,99956,220,100029,220,99955,220,100033,220,99946,220,100034,220,99940,220,100055,400,99930,100,100058,100,99916,100,100065,100,99909,100,100084,100,99907,100,100102,100,99898,100,100123,100,99890,100
2019-06-28 09:33:50.000000000,99963,196,99956,196,100029,196,99955,196,100033,196,99946,196,100034,196,99940,196,100055,496,99930,196,100058,100,99916,100,100065,100,99909,100,100084,100,99907,100,100102,100,99898,100,100123,100,99890,100
2019-06-28 09:34:00.000000000,99963,220,99956,220,100029,220,99955,220,100033,220,99946,220,100034,220,99940,220,100055,400,99930,100,100058,100,99916,100,100065,100,99909,100,100084,100,99907,100,100102,100,99898,100,100123,100,99890,100
2019-06-28 09:34:05.948997759,99963,320,99956,220,100029,220,99955,220,100033,220,99946,220,100034,220,99940,220,100055,300,99930,100,100058,100,99916,100,100065,100,99909,100,100084,100,99907,100,100102,100,99898,100,100123,100,99890,100
2019-06-28 09:34:10.000000000,99963,440,99956,340,100029,340,99955,340,100033,100,99946,100,100034,100,99940,100,100055,300,99930,100,100058,100,99916,100,100065,100,99909,100,100084,100,99907,100,100102,100,99898,100,100123,100,99890,100
2019-06-28 09:34:17.700520689,99963,440,99956,240,100029,340,99955,340,100033,100,99946,100,100034,100,99940,100,100055,300,99930,100,100058,100,99916,100,100065,100,99909,100,100084,100,99907,100,100102,100,99890,100,100123,100,99882,100
2019-06-28 09:34:20.000000000,99963,680,99955,580,100029,100,99946,100,100033,100,99940,100,100034,100,99930,100,100055,300,99916,100,100058,100,99909,100,100065,100,99907,100,100084,100,99890,100,100102,100,99882,100,100123,100,99877,100
2019-06-28 09:34:30.000000000,99963,680,99955,580,100029,100,99946,100,100033,100,99940,100,100034,100,99930,100,100055,300,99916,100,100058,100,99909,100,100065,100,99907,100,100084,100,99890,100,100102,100,99882,100,100123,100,99877,100
2019-06-28 09:34:36.752649355,99963,680,99955,580,100029,100,99946,100,100033,100,99940,100,100034,100,99930,100,100055,300,99916,100,100058,100,99909,100,100065,100,99907,100,100102,100,99890,100,100123,100,99882,100,100135,100,99877,100
2019-06-28 09:34:39.294946643,99963,680,99955,580,100029,100,99946,100,100033,100,99940,100,100034,100,99930,100,100055,200,99916,100,100058,100,99909,100,100065,100,99907,100,100102,100,99890,100,100123,100,99882,100,100135,100,99877,100
2019-06-28 09:34:39.720278958,99963,680,99955,480,100029,100,99946,100,100033,100,99940,100,100034,100,99930,100,100055,200,99916,100,100058,100,99909,100,100065,100,99907,100,100102,100,99890,100,100135,100,99882,100,100139,100,99877,100
2019-06-28 09:34:40.000000000,99963,440,99946,340,100029,340,99940,340,100033,100,99930,100,100034,100,99916,100,100055,200,99909,100,100058,100,99907,100,100065,100,99890,100,100102,100,99882,100,100135,100,99877,100,100139,100,99874,100
2019-06-28 09:34:43.739368609,99963,440,99946,240,100029,340,99940,340,100033,100,99930,100,100034,100,99916,100,100055,200,99909,100,100058,100,99907,100,100065,100,99890,100,100102,100,99882,100,100135,100,99877,100,100139,100,99874,100
2019-06-28 09:34:50.000000000,99963,680,99940,580,100029,100,99930,100,100033,100,99916,100,100034,100,99909,100,100055,200,99907,100,100058,100,99890,100,100065,100,99882,100,100102,100,99877,100,100135,100,99874,100,100139,100,99872,100
2019-06-28 09:34:57.658874622,99963,680,99940,580,100029,100,99930,100,100033,100,99916,100,100034,100,99909,100,100055,200,99907,100,100058,100,99890,100,100065,100,99882,100,100102,100,99877,100,100135,100,99874,100,100139,100,99872,100
2019-06-28 09:35:00.000000000,99963,296,99940,196,100029,196,99930,196,100033,196,99916,196,100034,196,99909,196,100055,296,99907,196,100058,100,99890,100,100065,100,99882,100,100102,100,99877,100,100135,100,99874,100,100139,100,99872,100
2019-06-28 09:35:10.000000000,99963,296,99940,196,100029,196,99930,196,100033,196,99916,196,100034,196,99909,196,100055,296,99907,196,100058,100,99890,100,100065,100,99882,100,100102,100,99877,100,100135,100,99874,100,100139,100,99872,100
2019-06-28 09:35:18.161370851,99955,100,99940,196,99963,296,99930,196,100029,196,99916,196,100033,196,99909,196,100034,196,99907,196,100055,296,99890,100,100058,100,99882,100,100065,100,99877,100,100102,100,99874,100,100135,100,99872,100
2019-06-28 09:35:20.000000000,99955,340,99940,340,99963,440,99930,340,100029,100,99916,100,100033,100,99909,100,100034,100,99907,100,100055,200,99890,100,100058,100,99882,100,100065,100,99877,100,100102,100,99874,100,100135,100,99872,100
2019-06-28 09:35:28.274824862,99955,340,99940,240,99963,440,99930,340,100029,100,99916,100,100033,100,99909,100,100034,100,99907,100,100055,200,99890,100,100065,100,99882,100,100102,100,99877,100,100135,100,99874,100,100139,100,99872,100
2019-06-28 09:35:30.000000000,99955,196,99930,196,99963,296,99916,196,100029,196,99909,196,100033,196,99907,196,100034,196,99890,196,100055,200,99882,100,100065,100,99877,100,100102,100,99874,100,100135,100,99872,100,100139,100,99785,100
2019-06-28 09:35:40.000000000,99955,196,99930,196,99963,296,99916,196,100029,196,99909,196,100033,196,99907,196,100034,196,99890,196,100055,200,99882,100,100065,100,99877,100,100102,100,99874,100,100135,100,99872,100,100139,100,99785,100
2019-06-28 09:35:50.000000000,99955,340,99930,340,99963,440,99916,340,100029,100,99909,100,100033,100,99907,100,100034,100,99890,100,100055,200,99882,100,100065,100,99877,100,100102,100,99874,100,100135,100,99872,100,100139,100,99785,100
2019-06-28 09:36:00.000000000,99955,580,99930,580,99963,200,99916,100,100029,100,99909,100,100033,100,99907,100,100034,100,99890,100,100055,200,99882,100,100065,100,99877,100,100102,100,99874,100,100135,100,99872,100,100139,100,99785,100
2019-06-28 09:36:06.507976629,99955,580,99930,580,99963,100,99916,100,100029,100,99909,100,100033,100,99907,100,100034,100,99890,100,100055,200,99882,100,100065,100,99877,100,100102,100,99874,100,100135,100,99872,100,100139,100,99785,100
2019-06-28 09:36:10.000000000,99955,220,99930,220,99963,220,99916,220,100029,220,99909,220,100033,220,99907,220,100034,100,99890,100,100055,200,99882,100,100065,100,99877,100,100102,100,99874,100,100135,100,99872,100,100139,100,99785,100
2019-06-28 09:36:10.235818202,99955,220,99930,220,99963,220,99916,220,100029,220,99909,220,100033,220,99907,220,100034,100,99890,100,100055,200,99882,100,100065,100,99877,100,100102,100,99874,100,100135,100,99872,100,100139,100,99785,100
2019-06-28 09:36:14.828627056,99955,220,99930,120,99963,220,99916,220,100029,220,99909,220,100033,220,99907,220,100034,100,99890,100,100055,200,99882,100,100065,100,99877,100,100102,100,99874,100,100135,100,99872,100,100139,100,99785,100
2019-06-28 09:36:20.000000000,99955,580,99916,580,99963,100,99909,100,100029,100,99907,100,100033,100,99890,100,100034,100,99882,100,100055,200,99877,100,100065,100,99874,100,100102,100,99872,100,100135,100,99785,100,100139,100,99769,100
2019-06-28 09:36:30.000000000,99955,340,99916,340,99963,340,99909,340,100029,100,99907,100,100033,100,99890,100,100034,100,99882,100,100055,200,99877,100,100065,100,99874,100,100102,100,99872,100,100135,100,99785,100,100139,100,99769,100
2019-06-28 09:36:31.850290317,99955,340,99916,240,99963,340,99909,340,100029,100,99907,100,100033,100,99890,100,100034,100,99882,100,100055,200,99877,100,100065,100,99874,100,100102,100,99872,100,100135,100,99785,100,100146,100,99769,100
2019-06-28 09:36:40.000000000,99955,340,99909,340,99963,340,99907,340,100029,100,99890,100,100033,100,99882,100,100034,100,99877,100,100055,200,99874,100,100065,100,99872,100,100102,100,99785,100,100135,100,99769,100,100146,100,99766,100
2019-06-28 09:36:40.253334567,99930,100,99909,340,99955,340,99907,340,99963,340,99890,100,100029,100,99882,100,100033,100,99877,100,100034,100,99874,100,100055,100,99872,100,100065,100,99785,100,100102,100,99769,100,100135,100,99766,100
2019-06-28 09:36:45.255928642,99930,100,99909,340,99955,340,99907,340,99963,340,99890,100,100029,100,99882,100,100033,100,99877,100,100034,100,99874,100,100055,100,99872,100,100065,100,99785,100,100102,100,99769,100,100135,100,99766,100
2019-06-28 09:36:50.000000000,99930,263,99909,263,99955,258,99907,258,99963,258,99890,258,100029,100,99882,100,100033,100,99877,100,100034,100,99874,100,100055,100,99872,100,100065,100,99785,100,100102,100,99769,100,100135,100,99766,100
2019-06-28 09:37:00.000000000,99930,196,99909,196,99955,196,99907,196,99963,196,99890,196,100029,196,99882,196,100033,196,99877,196,100034,100,99874,100,100055,100,99872,100,100065,100,99785,100,100102,100,99769,100,100135,100,99766,100
2019-06-28 09:37:10.000000000,99930,196,99909,196,99955,196,99907,196,99963,196,99890,196,100029,196,99882,196,100033,196,99877,196,100034,100,99874,100,100055,100,99872,100,100065,100,99785,100,100102,100,99769,100,100135,100,99766,100
2019-06-28 09:37:16.432992454,99930,196,99909,96,99955,196,99907,196,99963,196,99890,196,100029,196,99882,196,100033,196,99877,196,100034,100,99874,100,100055,100,99872,100,100065,100,99785,100,100102,100,99769,100,100135,100,99766,100
2019-06-28 09:37:20.000000000,99930,263,99907,263,99955,258,99890,258,99963,258,99882,258,100029,100,99877,100,100033,100,99874,100,100034,100,99872,100,100055,100,99785,100,100065,100,99769,100,100102,100,99766,100,100135,100,98669,100
2019-06-28 09:37:24.370320864,99916,100,99907,263,99930,263,99890,258,99955,258,99882,258,99963,258,99877,100,100029,100,99874,100,100033,100,99872,100,100034,100,99785,100,100055,100,99769,100,100065,100,99766,100,100102,100,98669,100
2019-06-28 09:37:30.000000000,99916,220,99907,220,99930,220,99890,220,99955,220,99882,220,99963,220,99877,220,100029,100,99874,100,100033,100,99872,100,100034,100,99785,100,100055,100,99769,100,100065,100,99766,100,100102,100,98669,100
2019-06-28 09:37:40.000000000,99916,263,99907,263,99930,258,99890,258,99955,258,99882,258,99963,100,99877,100,100029,100,99874,100,100033,100,99872,100,100034,100,99785,100,100055,100,99769,100,100065,100,99766,100,100102,100,98669,100
2019-06-28 09:37:50.000000000,99916,580,99907,580,99930,100,99890,100,99955,100,99882,100,99963,100,99877,100,100029,100,99874,100,100033,100,99872,100,100034,100,99785,100,100055,100,99769,100,100065,100,99766,100,100102,100,98669,100
2019-06-28 09:38:00.000000000,99916,220,99907,220,99930,220,99890,220,99955,220,99882,220,99963,220,99877,220,100029,100,99874,100,100033,100,99872,100,100034,100,99785,100,100055,100,99769,100,100065,100,99766,100,100102,100,98669,100
2019-06-28 09:38:10.000000000,99916,263,99907,263,99930,258,99890,258,99955,258,99882,258,99963,100,99877,100,100029,100,99874,100,100033,100,99872,100,100034,100,99785,100,100055,100,99769,100,100065,100,99766,100,100102,100,98669,100
2019-06-28 09:38:19.546294208,99916,263,99907,263,99930,258,99890,258,99955,258,99882,258,99963,100,99877,100,100029,100,99874,100,100033,100,99872,100,100034,100,99785,100,100055,100,99769,100,100065,100,99766,100,100102,100,98946,100
2019-06-28 09:38:20.000000000,99916,263,99907,263,99930,258,99890,258,99955,258,99882,258,99963,100,99877,100,100029,100,99874,100,100033,100,99872,100,100034,100,99785,100,100055,100,99769,100,100065,100,99766,100,100102,100,98946,100
2019-06-28 09:38:30.000000000,99916,263,99907,263,99930,258,99890,258,99955,258,99882,258,99963,100,99877,100,100029,100,99874,100,100033,100,99872,100,100034,100,99785,100,100055,100,99769,100,100065,100,99766,100,100102,100,98946,100
2019-06-28 09:38:40.000000000,99916,340,99907,340,99930,340,99890,340,99955,100,99882,100,99963,100,99877,100,100029,100,99874,100,100033,100,99872,100,100034,100,99785,100,100055,100,99769,100,100065,100,99766,100,100102,100,98946,100
2019-06-28 09:38:50.000000000,99916,263,99907,263,99930,258,99890,258,99955,258,99882,258,99963,100,99877,100,100029,100,99874,100,100033,100,99872,100,100034,100,99785,100,100055,100,99769,100,100065,100,99766,100,100102,100,98946,100
2019-06-28 09:39:00.000000000,99916,220,99907,220,99930,220,99890,220,99955,220,99882,220,99963,220,99877,220,100029,100,99874,100,100033,100,99872,100,100034,100,99785,100,100055,100,99769,100,100065,100,99766,100,100102,100,98946,100
2019-06-28 09:39:10.000000000,99916,220,99907,220,99930,220,99890,220,99955,220,99882,220,99963,220,99877,220,100029,100,99874,100,100033,100,99872,100,100034,100,99785,100,100055,100,99769,100,100065,100,99766,100,100102,100,98946,100
2019-06-28 09:39:13.322025957,99916,320,99907,220,99930,220,99890,220,99955,220,99882,220,99963,220,99877,220,100029,100,99874,100,100033,100,99872,100,100034,100,99785,100,100055,100,99769,100,100065,100,99766,100,100102,100,98946,100
2019-06-28 09:39:20.000000000,99916,296,99907,196,99930,196,99890,196,99955,196,99882,196,99963,196,99877,196,100029,196,99874,196,100033,100,99872,100,100034,100,99785,100,100055,100,99769,100,100065,100,99766,100,100102,100,98946,100
2019-06-28 09:39:30.000000000,99916,320,99907,220,99930,220,99890,220,99955,220,99882,220,99963,220,99877,220,100029,100,99874,100,100033,100,99872,100,100034,100,99785,100,100055,100,99769,100,100065,100,99766,100,100102,100,98946,100
2019-06-28 09:39:32.666728799,99916,320,99907,220,99930,220,99890,220,99955,220,99882,220,99963,220,99877,220,100029,100,99872,100,100033,100,99785,100,100034,100,99769,100,100055,100,99766,100,100065,100,98946,100,100102,100,98669,100
2019-06-28 09:39:40.000000000,99916,320,99907,220,99930,220,99890,220,99955,220,99882,220,99963,220,99877,220,100029,100,99872,100,100033,100,99785,100,100034,100,99769,100,100055,100,99766,100,100065,100,98946,100,100102,100,98669,100
2019-06-28 09:39:47.602737574,99916,320,99907,120,99930,220,99890,220,99955,220,99882,220,99963,220,99877,220,100029,100,99872,100,100033,100,99785,100,100034,100,99769,100,100055,100,99766,100,100065,100,98946,100,100102,100,98669,100
2019-06-28 09:39:50.000000000,99916,296,99890,196,99930,196,99882,196,99955,196,99877,196,99963,196,99872,196,100029,196,99785,196,100033,100,99769,100,100034,100,99766,100,100055,100,98946,100,100065,100,98669,100,100102,100,98632,100
2019-06-28 09:40:00.000000000,99916,296,99890,196,99930,196,99882,196,99955,196,99877,196,99963,196,99872,196,100029,196,99785,196,100033,100,99769,100,100034,100,99766,100,100055,100,98946,100,100065,100,98669,100,100102,100,98632,100
2019-06-28 09:40:10.000000000,99916,680,99890,580,99930,100,99882,100,99955,100,99877,100,99963,100,99872,100,100029,100,99785,100,100033,100,99769,100,100034,100,99766,100,100055,100,98946,100,100065,100,98669,100,100102,100,98632,100
2019-06-28 09:40:17.654774885,99916,680,99890,480,99930,100,99882,100,99955,100,99877,100,99963,100,99872,100,100029,100,99785,100,100033,100,99769,100,100034,100,99766,100,100055,100,98946,100,100065,100,98669,100,100135,100,98632,100
2019-06-28 09:40:20.000000000,99916,680,99882,580,99930,100,99877,100,99955,100,99872,100,99963,100,99785,100,100029,100,99769,100,100033,100,99766,100,100034,100,98946,100,100055,100,98669,100,100065,100,98632,100,100135,100,98434,100
2019-06-28 09:40:30.000000000,99916,296,99882,196,99930,196,99877,196,99955,196,99872,196,99963,196,99785,196,100029,196,99769,196,100033,100,99766,100,100034,100,98946,100,100055,100,98669,100,100065,100,98632,100,100135,100,98434,100
2019-06-28 09:40:40.000000000,99916,680,99882,580,99930,100,99877,100,99955,100,99872,100,99963,100,99785,100,100029,100,99769,100,100033,100,99766,100,100034,100,98946,100,100055,100,98669,100,100065,100,98632,100,100135,100,98434,100
2019-06-28 09:40:50.000000000,99916,440,99882,340,99930,340,99877,340,99955,100,99872,100,99963,100,99785,100,100029,100,99769,100,100033,100,99766,100,100034,100,98946,100,100055,100,98669,100,100065,100,98632,100,100135,100,98434,100
2019-06-28 09:40:52.180826622,99916,440,99882,240,99930,340,99877,340,99955,100,99872,100,99963,100,99785,100,100029,100,99769,100,100033,100,99766,100,100034,100,98946,100,100055,100,98669,100,100065,100,98632,100,100135,100,98434,100
2019-06-28 09:41:00.000000000,99916,440,99877,340,99930,340,99872,340,99955,100,99785,100,99963,100,99769,100,100029,100,99766,100,100033,100,98946,100,100034,100,98669,100,100055,100,98632,100,100065,100,98434,100,100135,100,98336,100
2019-06-28 09:41:10.000000000,99916,680,99877,580,99930,100,99872,100,99955,100,99785,100,99963,100,99769,100,100029,100,99766,100,100033,100,98946,100,100034,100,98669,100,100055,100,98632,100,100065,100,98434,100,100135,100,98336,100
2019-06-28 09:41:16.509836473,99916,680,99877,480,99930,100,99872,100,99955,100,99785,100,99963,100,99769,100,100029,100,99766,100,100033,100,98946,100,100034,100,98669,100,100055,100,98632,100,100065,100,98434,100,100135,100,98336,100
2019-06-28 09:41:20.000000000,99916,363,99872,263,99930,258,99785,258,99955,258,99769,258,99963,100,99766,100,100029,100,98946,100,100033,100,98669,100,100034,100,98632,100,100055,100,98434,100,100065,100,98336,100,100135,100,98322,100
2019-06-28 09:41:30.000000000,99916,296,99872,196,99930,196,99785,196,99955,196,99769,196,99963,196,99766,196,100029,196,98946,196,100033,100,98669,100,100034,100,98632,100,100055,100,98434,100,100065,100,98336,100,100135,100,98322,100
2019-06-28 09:41:35.336241111,99916,296,99872,96,99930,196,99785,196,99955,196,99769,196,99963,196,99766,196,100029,196,98946,196,100033,100,98669,100,100034,100,98632,100,100055,100,98434,100,100065,100,98336,100,100135,100,98322,100
2019-06-28 09:41:35.391512681,99872,4,99785,196,99916,296,99769,196,99930,196,99766,196,99955,196,98946,196,99963,196,98669,100,100029,196,98632,100,100033,100,98434,100,100034,100,98336,100,100055,100,98322,100,100065,100,98229,100
2019-06-28 09:41:40.000000000,99872,167,99785,263,99916,358,99769,258,99930,258,99766,258,99955,100,98946,100,99963,100,98669,100,100029,100,98632,100,100033,100,98434,100,100034,100,98336,100,100055,100,98322,100,100065,100,98229,100
2019-06-28 09:41:42.114121418,99872,167,99785,163,99916,358,99769,258,99930,258,99766,258,99955,100,98946,100,99963,100,98669,100,100029,100,98632,100,100033,100,98434,100,100034,100,98336,100,100055,100,98322,100,100065,100,98229,100
2019-06-28 09:41:50.000000000,99872,100,99769,196,99916,296,99766,196,99930,196,98946,196,99955,196,98669,196,99963,196,98632,196,100029,100,98434,100,100033,100,98336,100,100034,100,98322,100,100055,100,98229,100,100065,100,,
2019-06-28 09:42:00.000000000,99872,100,99769,196,99916,296,99766,196,99930,196,98946,196,99955,196,98669,196,99963,196,98632,196,100029,100,98434,100,100033,100,98336,100,100034,100,98322,100,100055,100,98229,100,100065,100,,
2019-06-28 09:42:10.000000000,99872,124,99769,220,99916,320,99766,220,99930,220,98946,220,99955,220,98669,220,99963,100,98632,100,100029,100,98434,100,100033,100,98336,100,100034,100,98322,100,100055,100,98229,100,100065,100,,
2019-06-28 09:42:20.000000000,99872,484,99769,580,99916,200,99766,100,99930,100,98946,100,99955,100,98669,100,99963,100,98632,100,100029,100,98434,100,100033,100,98336,100,100034,100,98322,100,100055,100,98229,100,100065,100,,
2019-06-28 09:42:27.520012704,99872,484,99769,580,99916,200,99766,100,99930,100,99055,100,99955,100,98946,100,99963,100,98669,100,100029,100,98632,100,100033,100,98434,100,100034,100,98336,100,100055,100,98322,100,100065,100,98229,100
2019-06-28 09:42:30.000000000,99872,167,99769,263,99916,358,99766,258,99930,258,99055,258,99955,100,98946,100,99963,100,98669,100,100029,100,98632,100,100033,100,98434,100,100034,100,98336,100,100055,100,98322,100,100065,100,98229,100
2019-06-28 09:42:40.000000000,99872,244,99769,340,99916,440,99766,340,99930,100,99055,100,99955,100,98946,100,99963,100,98669,100,100029,100,98632,100,100033,100,98434,100,100034,100,98336,100,100055,100,98322,100,100065,100,98229,100
2019-06-28 09:42:46.313359955,99872,244,99769,240,99916,440,99766,340,99930,100,99055,100,99955,100,98946,100,99963,100,98669,100,100029,100,98632,100,100033,100,98434,100,100034,100,98336,100,100055,100,98322,100,100065,100,98229,100
2019-06-28 09:42:50.000000000,99872,484,99766,580,99916,200,99055,100,99930,100,98946,100,99955,100,98669,100,99963,100,98632,100,100029,100,98434,100,100033,100,98336,100,100034,100,98322,100,100055,100,98229,100,100065,100,,
2019-06-28 09:42:58.059847456,99872,484,99766,480,99916,200,99055,100,99930,100,98946,100,99955,100,98669,100,99963,100,98632,100,100029,100,98434,100,100033,100,98336,100,100034,100,98322,100,100055,100,98229,100,100065,100,,
2019-06-28 09:43:00.000000000,99872,100,99055,196,99916,296,98946,196,99930,196,98669,196,99955,196,98632,196,99963,196,98434,196,100029,100,98336,100,100033,100,98322,100,100034,100,98229,100,100055,100,,,100065,100,,
2019-06-28 09:43:10.000000000,99872,124,99055,220,99916,320,98946,220,99930,220,98669,220,99955,220,98632,220,99963,100,98434,100,100029,100,98336,100,100033,100,98322,100,100034,100,98229,100,100055,100,,,100065,100,,
2019-06-28 09:43:18.269798841,99872,124,99372,100,99916,320,99055,220,99930,220,98946,220,99955,220,98669,220,99963,100,98632,220,100033,100,98434,100,100034,100,98336,100,100055,100,98322,100,100065,100,98229,100,100135,100,,
2019-06-28 09:43:20.000000000,99872,167,99372,263,99916,358,99055,258,99930,258,98946,258,99955,100,98669,100,99963,100,98632,100,100033,100,98434,100,100034,100,98336,100,100055,100,98322,100,100065,100,98229,100,100135,100,,
2019-06-28 09:43:25.163483497,99769,100,99372,263,99872,167,99055,258,99916,358,98946,258,99930,258,98669,100,99955,100,98632,100,99963,100,98434,100,100033,100,98336,100,100034,100,98322,100,100055,100,98229,100,100065,100,,
2019-06-28 09:43:30.000000000,99769,580,99372,580,99872,4,99055,100,99916,200,98946,100,99930,100,98669,100,99955,100,98632,100,99963,100,98434,100,100033,100,98336,100,100034,100,98322,100,100055,100,98229,100,100065,100,,
2019-06-28 09:43:40.000000000,99769,340,99372,340,99872,244,99055,340,99916,200,98946,100,99930,100,98669,100,99955,100,98632,100,99963,100,98434,100,100033,100,98336,100,100034,100,98322,100,100055,100,98229,100,100065,100,,
2019-06-28 09:43:50.000000000,99769,196,99372,196,99872,100,99055,196,99916,296,98946,196,99930,196,98669,196,99955,196,98632,196,99963,100,98434,100,100033,100,98336,100,100034,100,98322,100,100055,100,98229,100,100065,100,,
2019-06-28 09:43:53.021114693,99478,100,99372,196,99769,196,99055,196,99872,100,98946,196,99916,296,98669,196,99930,196,98632,196,99955,196,98434,100,99963,100,98336,100,100033,100,98322,100,100034,100,98229,100,100055,100,,
2019-06-28 09:44:00.000000000,99478,196,99372,196,99769,196,99055,196,99872,100,98946,196,99916,296,98669,196,99930,196,98632,196,99955,100,98434,100,99963,100,98336,100,100033,100,98322,100,100034,100,98229,100,100055,100,,
2019-06-28 09:44:00.671778463,99478,196,99372,196,99769,196,99158,100,99872,100,99055,196,99916,296,98946,196,99930,196,98669,196,99955,100,98632,196,99963,100,98434,100,100033,100,98336,100,100034,100,98322,100,100055,100,98229,100
2019-06-28 09:44:08.578897290,99478,196,99372,196,99769,296,99158,100,99872,100,99055,196,99916,296,98946,196,99930,196,98669,196,99955,100,98632,196,99963,100,98434,100,100033,100,98336,100,100034,100,98322,100,100055,100,98229,100
2019-06-28 09:44:10.000000000,99478,263,99372,263,99769,358,99158,258,99872,162,99055,258,99916,200,98946,100,99930,100,98669,100,99955,100,98632,100,99963,100,98434,100,100033,100,98336,100,100034,100,98322,100,100055,100,98229,100
2019-06-28 09:44:19.046518275,99478,263,99372,263,99769,458,99158,258,99872,162,99055,258,99916,200,98946,100,99930,100,98669,100,99963,100,98632,100,100033,100,98434,100,100034,100,98336,100,100055,100,98322,100,100065,100,98229,100
2019-06-28 09:44:20.000000000,99478,263,99372,263,99769,458,99158,258,99872,162,99055,258,99916,200,98946,100,99930,100,98669,100,99963,100,98632,100,100033,100,98434,100,100034,100,98336,100,100055,100,98322,100,100065,100,98229,100
2019-06-28 09:44:23.827373458,99478,263,99372,263,99769,458,99158,258,99872,162,99055,258,99916,200,98946,100,99930,100,98669,100,99963,100,98632,100,100034,100,98434,100,100055,100,98336,100,100065,100,98322,100,100135,100,98229,100
2019-06-28 09:44:30.000000000,99478,340,99372,340,99769,540,99158,340,99872,4,99055,100,99916,200,98946,100,99930,100,98669,100,99963,100,98632,100,100034,100,98434,100,100055,100,98336,100,100065,100,98322,100,100135,100,98229,100
2019-06-28 09:44:40.000000000,99478,580,99372,580,99769,300,99158,100,99872,4,99055,100,99916,200,98946,100,99930,100,98669,100,99963,100,98632,100,100034,100,98434,100,100055,100,98336,100,100065,100,98322,100,100135,100,98229,100
2019-06-28 09:44:50.000000000,99478,580,99372,580,99769,300,99158,100,99872,4,99055,100,99916,200,98946,100,99930,100,98669,100,99963,100,98632,100,100034,100,98434,100,100055,100,98336,100,100065,100,98322,100,100135,100,98229,100
2019-06-28 09:45:00.000000000,99478,220,99372,220,99769,420,99158,220,99872,124,99055,220,99916,320,98946,220,99930,100,98669,100,99963,100,98632,100,100034,100,98434,100,100055,100,98336,100,100065,100,98322,100,100135,100,98229,100
2019-06-28 09:45:00.842650408,99478,220,99372,220,99769,420,99368,100,99872,124,99158,220,99916,320,99055,220,99930,100,98946,220,99963,100,98669,100,100034,100,98632,100,100055,100,98434,100,100065,100,98336,100,100135,100,98229,100
2019-06-28 09:45:10.000000000,99478,220,99372,220,99769,420,99368,220,99872,124,99158,220,99916,320,99055,220,99930,100,98946,100,99963,100,98669,100,100034,100,98632,100,100055,100,98434,100,100065,100,98336,100,100135,100,98229,100
2019-06-28 09:45:10.700368977,99478,220,99372,220,99769,420,99368,220,99872,124,99312,100,99916,320,99158,220,99930,100,99055,220,99963,100,98946,100,100034,100,98669,100,100055,100,98632,100,100065,100,98434,100,100135,100,98336,100
2019-06-28 09:45:14.581801050,99478,220,99372,220,99769,520,99368,220,99872,124,99312,100,99916,320,99158,220,99930,100,99055,220,99963,100,98946,100,100034,100,98669,100,100055,100,98632,100,100065,100,98434,100,100135,100,98336,100
2019-06-28 09:45:20.000000000,99478,340,99372,340,99769,640,99368,340,99872,4,99312,100,99916,200,99158,100,99930,100,99055,100,99963,100,98946,100,100034,100,98669,100,100055,100,98632,100,100065,100,98434,100,100135,100,98336,100
2019-06-28 09:45:30.000000000,99478,340,99372,340,99769,640,99368,340,99872,4,99312,100,99916,200,99158,100,99930,100,99055,100,99963,100,98946,100,100034,100,98669,100,100055,100,98632,100,100065,100,98434,100,100135,100,98336,100
2019-06-28 09:45:40.000000000,99478,220,99372,220,99769,520,99368,220,99872,124,99312,220,99916,320,99158,220,99930,100,99055,100,99963,100,98946,100,100034,100,98669,100,100055,100,98632,100,100065,100,98434,100,100135,100,98336,100
2019-06-28 09:45:50.000000000,99478,220,99372,220,99769,520,99368,220,99872,124,99312,220,99916,320,99158,220,99930,100,99055,100,99963,100,98946,100,100034,100,98669,100,100055,100,98632,100,100065,100,98434,100,100135,100,98336,100
2019-06-28 09:45:50.818365701,99478,220,99372,220,99769,520,99368,220,99872,124,99312,220,99916,320,99158,220,99930,100,99055,100,99963,100,98669,100,100003,100,98632,100,100034,100,98434,100,100055,100,98336,100,100065,100,98229,100
2019-06-28 09:46:00.000000000,99478,196,99372,196,99769,496,99368,196,99872,100,99312,196,99916,296,99158,196,99930,196,99055,196,99963,100,98669,100,100003,100,98632,100,100034,100,98434,100,100055,100,98336,100,100065,100,98229,100
2019-06-28 09:46:00.642978425,99478,96,99372,196,99769,496,99368,196,99872,100,99312,196,99916,296,99158,196,99930,196,99055,196,99963,100,98669,100,100003,100,98632,100,100034,100,98434,100,100055,100,98336,100,100065,100,98229,100
2019-06-28 09:46:10.000000000,99769,496,99372,196,99872,100,99368,196,99916,296,99312,196,99930,196,99158,196,99963,196,99055,196,100003,100,98669,100,100034,100,98632,100,100055,100,98434,100,100065,100,98336,100,100129,100,98229,100
2019-06-28 09:46:12.373281076,99769,496,99372,196,99872,96,99368,196,99916,296,99312,196,99930,196,99158,196,99963,196,99055,196,100003,100,98669,100,100034,100,98632,100,100055,100,98434,100,100065,100,98336,100,100105,100,98229,100
2019-06-28 09:46:20.000000000,99769,496,99372,196,99916,296,99368,196,99930,196,99312,196,99963,196,99158,196,100003,196,99055,196,100034,100,98669,100,100055,100,98632,100,100065,100,98434,100,100105,100,98336,100,100129,100,98229,100
2019-06-28 09:46:23.104131869,99769,496,99701,100,99916,296,99372,196,99930,196,99368,196,99963,196,99312,196,100003,196,99158,196,100034,100,99055,196,100055,100,98669,100,100105,100,98632,100,100129,100,98434,100,100135,100,98336,100
2019-06-28 09:46:26.776522804,99769,396,99701,100,99916,296,99372,196,99930,196,99368,196,99963,196,99312,196,100003,196,99158,196,100034,100,99055,196,100055,100,98669,100,100105,100,98632,100,100129,100,98434,100,100146,100,98336,100
2019-06-28 09:46:30.000000000,99769,540,99701,340,99916,440,99372,340,99930,100,99368,100,99963,100,99312,100,100003,100,99158,100,100034,100,99055,100,100055,100,98669,100,100105,100,98632,100,100129,100,98434,100,100146,100,98336,100
2019-06-28 09:46:38.946868561,99769,540,99701,340,99916,440,99617,100,99930,100,99372,340,99963,100,99368,100,100003,100,99312,100,100034,100,99055,100,100055,100,98669,100,100105,100,98632,100,100129,100,98434,100,100146,100,98336,100
2019-06-28 09:46:40.000000000,99769,540,99701,340,99916,440,99617,340,99930,100,99372,100,99963,100,99368,100,100003,100,99312,100,100034,100,99055,100,100055,100,98669,100,100105,100,98632,100,100129,100,98434,100,100146,100,98336,100
2019-06-28 09:46:50.000000000,99769,420,99701,220,99916,320,99617,220,99930,220,99372,220,99963,220,99368,220,100003,100,99312,100,100034,100,99055,100,100055,100,98669,100,100105,100,98632,100,100129,100,98434,100,100146,100,98336,100
2019-06-28 09:46:58.736688782,99769,420,99701,220,99916,320,99617,220,99930,220,99572,100,99963,220,99372,220,100003,100,99368,220,100034,100,99312,100,100055,100,99055,100,100105,100,98669,100,100129,100,98632,100,100146,100,98434,100
2019-06-28 09:47:00.000000000,99769,540,99701,340,99916,440,99617,340,99930,100,99572,100,99963,100,99372,100,100003,100,99368,100,100034,100,99312,100,100055,100,99055,100,100105,100,98669,100,100129,100,98632,100,100146,100,98434,100
2019-06-28 09:47:10.000000000,99769,396,99701,196,99916,296,99617,196,99930,196,99572,196,99963,196,99372,196,100003,196,99368,196,100034,100,99312,100,100055,100,99055,100,100105,100,98669,100,100129,100,98632,100,100146,100,98434,100
2019-06-28 09:47:15.929672105,99769,396,99701,96,99916,296,99617,196,99930,196,99572,196,99963,196,99372,196,100003,96,99368,196,100034,100,99312,100,100055,100,99055,100,100105,100,98669,100,100129,100,98632,100,100146,100,98434,100
2019-06-28 09:47:20.000000000,99769,420,99617,220,99916,320,99572,220,99930,220,99372,220,99963,220,99368,220,100034,100,99312,100,100055,100,99055,100,100105,100,98669,100,100129,100,98632,100,100146,100,98434,100,,,98336,100
2019-06-28 09:47:28.467542648,99769,420,99617,220,99916,320,99572,220,99930,220,99372,220,99963,220,99368,220,100034,100,99312,100,100055,100,99055,100,100105,100,99029,100,100129,100,98669,100,100146,100,98632,100,,,98434,100
2019-06-28 09:47:30.000000000,99769,396,99617,196,99916,296,99572,196,99930,196,99372,196,99963,196,99368,196,100034,196,99312,196,100055,100,99055,100,100105,100,99029,100,100129,100,98669,100,100146,100,98632,100,,,98434,100
2019-06-28 09:47:35.643446931,99769,396,99617,96,99916,296,99572,196,99930,196,99372,196,99963,196,99368,196,100034,196,99312,196,100055,100,99055,100,100105,100,99029,100,100129,100,98669,100,100146,100,98632,100,,,98434,100
2019-06-28 09:47:40.000000000,99769,780,99572,580,99916,200,99372,100,99930,100,99368,100,99963,100,99312,100,100034,100,99055,100,100055,100,99029,100,100105,100,98669,100,100129,100,98632,100,100146,100,98434,100,,,98336,100
2019-06-28 09:47:45.294391254,99769,780,99572,580,99916,200,99372,100,99930,100,99368,100,99963,100,99312,100,100034,100,99055,100,100105,100,99029,100,100129,100,98669,100,100146,100,98632,100,,,98434,100,,,98336,100
2019-06-28 09:47:50.000000000,99769,540,99572,340,99916,440,99372,340,99930,100,99368,100,99963,100,99312,100,100034,100,99055,100,100105,100,99029,100,100129,100,98669,100,100146,100,98632,100,,,98434,100,,,98336,100
2019-06-28 09:47:52.338565740,99769,540,99572,340,99916,440,99372,340,99930,100,99368,100,99963,100,99312,100,100034,100,99055,100,100105,100,99029,100,100129,100,99014,100,100146,100,98669,100,,,98632,100,,,98434,100
2019-06-28 09:47:55.928431874,99701,100,99572,340,99769,540,99372,340,99916,440,99368,100,99963,100,99312,100,100034,100,99055,100,100105,100,99029,100,100129,100,99014,100,100146,100,98669,100,,,98632,100,,,98434,100
2019-06-28 09:48:00.000000000,99701,263,99572,263,99769,458,99372,258,99916,358,99368,258,99963,100,99312,100,100034,100,99055,100,100105,100,99029,100,100129,100,99014,100,100146,100,98669,100,,,98632,100,,,98434,100
2019-06-28 09:48:10.000000000,99701,263,99572,263,99769,458,99372,258,99916,358,99368,258,99963,100,99312,100,100034,100,99055,100,100105,100,99029,100,100129,100,99014,100,100146,100,98669,100,,,98632,100,,,98434,100
2019-06-28 09:48:20.000000000,99701,196,99572,196,99769,396,99372,196,99916,296,99368,196,99963,196,99312,196,100034,196,99055,196,100105,100,99029,100,100129,100,99014,100,100146,100,98669,100,,,98632,100,,,98434,100
2019-06-28 09:48:22.770837401,99701,196,99572,196,99769,396,99372,196,99862,100,99368,196,99916,296,99312,196,99963,196,99055,196,100034,196,99029,100,100105,100,99014,100,100129,100,98669,100,100146,100,98632,100,,,98434,100
2019-06-28 09:48:30.000000000,99701,263,99572,263,99769,458,99372,258,99862,258,99368,258,99916,200,99312,100,99963,100,99055,100,100034,100,99029,100,100105,100,99014,100,100129,100,98669,100,100146,100,98632,100,,,98434,100
2019-06-28 09:48:40.000000000,99701,580,99572,580,99769,300,99372,100,99862,100,99368,100,99916,200,99312,100,99963,100,99055,100,100034,100,99029,100,100105,100,99014,100,100129,100,98669,100,100146,100,98632,100,,,98434,100
2019-06-28 09:48:50.000000000,99701,263,99572,263,99769,458,99372,258,99862,258,99368,258,99916,200,99312,100,99963,100,99055,100,100034,100,99029,100,100105,100,99014,100,100129,100,98669,100,100146,100,98632,100,,,98434,100
2019-06-28 09:48:57.850662782,99701,263,99572,263,99769,458,99564,100,99862,258,99372,158,99916,200,99368,258,99963,100,99312,100,100034,100,99055,100,100105,100,99029,100,100129,100,99014,100,100146,100,98669,100,,,98632,100
2019-06-28 09:49:00.000000000,99701,580,99572,580,99769,300,99564,100,99862,100,99368,100,99916,200,99312,100,99963,100,99055,100,100034,100,99029,100,100105,100,99014,100,100129,100,98669,100,100146,100,98632,100,,,98434,100
2019-06-28 09:49:10.000000000,99701,263,99572,263,99769,458,99564,258,99862,258,99368,258,99916,200,99312,100,99963,100,99055,100,100034,100,99029,100,100105,100,99014,100,100129,100,98669,100,100146,100,98632,100,,,98434,100
2019-06-28 09:49:12.237638759,99701,263,99618,100,99769,458,99572,263,99862,258,99564,258,99916,200,99368,258,99963,100,99312,100,100034,100,99055,100,100105,100,99029,100,100129,100,99014,100,100146,100,98669,100,,,98632,100
2019-06-28 09:49:18.098127848,99701,263,99618,100,99769,458,99572,263,99862,258,99564,258,99916,200,99368,258,99963,100,99312,100,99997,100,99055,100,100034,100,99029,100,100105,100,99014,100,100129,100,98669,100,100146,100,98632,100
2019-06-28 09:49:19.798462626,99701,163,99618,100,99769,458,99572,263,99862,258,99564,258,99916,200,99368,258,99963,100,99312,100,99997,100,99055,100,100034,100,99029,100,100105,100,99014,100,100129,100,98669,100,100146,100,98632,100
2019-06-28 09:49:20.000000000,99769,396,99618,196,99862,196,99572,196,99916,296,99564,196,99963,196,99368,196,99997,196,99312,196,100034,100,99055,100,100105,100,99029,100,100129,100,99014,100,100146,100,98669,100,,,98632,100
2019-06-28 09:49:24.260710366,99769,396,99618,196,99862,196,99612,100,99916,296,99572,196,99963,196,99564,196,99997,196,99368,196,100034,100,99312,96,100105,100,99055,100,100129,100,99029,100,100146,100,99014,100,,,98669,100
2019-06-28 09:49:29.181296290,99769,396,99618,196,99817,100,99612,100,99862,196,99572,196,99916,296,99564,196,99963,196,99368,196,99997,196,99312,96,100034,100,99029,100,100105,100,99014,100,100129,100,98669,100,100146,100,98632,100
2019-06-28 09:49:30.000000000,99769,463,99618,263,99817,258,99612,258,99862,258,99572,258,99916,200,99564,100,99963,100,99368,100,99997,100,99029,100,100034,100,99014,100,100105,100,98669,100,100129,100,98632,100,100146,100,98434,100
2019-06-28 09:49:40.000000000,99769,780,99618,580,99817,100,99612,100,99862,100,99572,100,99916,200,99564,100,99963,100,99368,100,99997,100,99029,100,100034,100,99014,100,100105,100,98669,100,100129,100,98632,100,100146,100,98434,100
2019-06-28 09:49:40.628725820,99769,780,99702,100,99817,100,99618,580,99862,100,99612,100,99916,200,99572,100,99963,100,99564,100,99997,100,99368,100,100034,100,99029,100,100105,100,99014,100,100129,100,98669,100,100146,100,98632,100
2019-06-28 09:49:44.868004750,99769,780,99702,100,99809,100,99618,580,99817,100,99612,100,99862,100,99572,100,99916,200,99564,100,99963,100,99368,100,99997,100,99029,100,100105,100,99014,100,100129,100,98669,100,100146,100,98632,100
2019-06-28 09:49:50.000000000,99769,420,99702,220,99809,220,99618,220,99817,220,99612,220,99862,220,99572,220,99916,200,99564,100,99963,100,99368,100,99997,100,99029,100,100105,100,99014,100,100129,100,98669,100,100146,100,98632,100
2019-06-28 09:49:50.370458707,99769,420,99702,320,99809,220,99618,220,99817,220,99612,220,99862,220,99572,220,99916,200,99564,100,99963,100,99368,100,99997,100,99029,100,100105,100,99014,100,100129,100,98669,100,100146,100,98632,100
2019-06-28 09:49:51.897683889,99769,420,99702,320,99809,220,99618,220,99817,220,99612,220,99862,220,99572,220,99916,200,99564,100,99963,100,99368,100,99993,100,99029,100,99997,100,99014,100,100105,100,98632,100,100129,100,98434,100
2019-06-28 09:49:59.927474696,99769,420,99702,420,99809,220,99618,120,99817,220,99612,220,99862,220,99572,220,99916,200,99564,100,99963,100,99368,100,99993,100,99029,100,99997,100,99014,100,100105,100,98632,100,100129,100,98434,100
2019-06-28 09:50:00.000000000,99769,463,99702,463,99809,258,99612,258,99817,258,99572,258,99862,100,99564,100,99916,200,99368,100,99963,100,99029,100,99993,100,99014,100,99997,100,98632,100,100105,100,98434,100,100129,100,98336,100
2019-06-28 09:50:06.304494864,99769,463,99702,563,99809,258,99612,258,99817,258,99572,258,99862,100,99564,100,99916,200,99368,100,99963,100,99029,100,99993,100,99014,100,99997,100,98632,100,100105,100,98434,100,100129,100,98336,100
2019-06-28 09:50:10.000000000,99769,420,99702,520,99809,220,99612,220,99817,220,99572,220,99862,220,99564,220,99916,200,99368,100,99963,100,99029,100,99993,100,99014,100,99997,100,98632,100,100105,100,98434,100,100129,100,98336,100
2019-06-28 09:50:11.803958951,99769,420,99702,520,99809,220,99612,120,99817,220,99572,220,99862,220,99564,220,99916,200,99368,100,99963,100,99029,100,99993,100,99014,100,99997,100,98632,100,100105,100,98434,100,100129,100,98336,100
2019-06-28 09:50:18.927905475,99769,320,99702,520,99809,220,99612,120,99817,220,99572,220,99862,220,99564,220,99916,200,99368,100,99963,100,99029,100,99993,100,99014,100,99997,100,98632,100,100105,100,98434,100,100129,100,98229,100
2019-06-28 09:50:20.000000000,99769,440,99702,640,99809,340,99572,340,99817,100,99564,100,99862,100,99368,100,99916,200,99029,100,99963,100,99014,100,99993,100,98632,100,99997,100,98434,100,100105,100,98229,100,100129,100,,
2019-06-28 09:50:27.824255734,99769,440,99702,640,99809,340,99572,340,99817,100,99564,100,99862,100,99368,100,99916,200,99029,100,99963,100,99014,100,99993,100,98632,100,99997,100,98434,100,100080,100,98229,100,100105,100,,
2019-06-28 09:50:30.000000000,99769,320,99702,520,99809,220,99572,220,99817,220,99564,220,99862,220,99368,220,99916,200,99029,100,99963,100,99014,100,99993,100,98632,100,99997,100,98434,100,100080,100,98229,100,100105,100,,
2019-06-28 09:50:40.000000000,99769,440,99702,640,99809,340,99572,340,99817,100,99564,100,99862,100,99368,100,99916,200,99029,100,99963,100,99014,100,99993,100,98632,100,99997,100,98434,100,100080,100,98229,100,100105,100,,
2019-06-28 09:50:43.004087543,99769,340,99702,640,99809,340,99572,340,99817,100,99564,100,99862,100,99368,100,99916,200,99029,100,99963,100,99014,100,99993,100,98632,100,99997,100,98434,100,100080,100,98229,100,100105,100,,
2019-06-28 09:50:50.000000000,99769,580,99702,880,99809,100,99572,100,99817,100,99564,100,99862,100,99368,100,99916,200,99029,100,99963,100,99014,100,99993,100,98632,100,99997,100,98434,100,100080,100,98229,100,100105,100,,
2019-06-28 09:50:51.746015403,99769,580,99703,100,99809,100,99702,780,99817,100,99572,100,99862,100,99564,100,99916,200,99368,100,99963,100,99029,100,99993,100,99014,100,99997,100,98632,100,100080,100,98434,100,100105,100,98229,100
2019-06-28 09:50:52.818290141,99769,580,99703,200,99809,100,99702,780,99817,100,99572,100,99862,100,99564,100,99916,200,99368,100,99963,100,99029,100,99993,100,99014,100,99997,100,98632,100,100080,100,98434,100,100105,100,98229,100
2019-06-28 09:51:00.000000000,99769,263,99703,363,99809,258,99702,458,99817,258,99572,258,99862,100,99564,100,99916,200,99368,100,99963,100,99029,100,99993,100,99014,100,99997,100,98632,100,100080,100,98434,100,100105,100,98229,100
2019-06-28 09:51:02.532422993,99769,263,99703,463,99809,258,99702,458,99817,258,99572,258,99862,100,99564,100,99916,200,99368,100,99963,100,99029,100,99993,100,99014,100,99997,100,98632,100,100080,100,98434,100,100105,100,98229,100
2019-06-28 09:51:03.496417424,99769,263,99703,463,99809,258,99702,458,99817,258,99572,258,99862,100,99564,100,99916,200,99368,100,99963,100,99029,100,99993,100,99014,100,99997,100,98632,100,100080,100,98434,100,100105,100,98229,100
2019-06-28 09:51:10.000000000,99769,340,99703,540,99809,340,99702,540,99817,100,99572,100,99862,100,99564,100,99916,200,99368,100,99963,100,99029,100,99993,100,99014,100,99997,100,98632,100,100080,100,98434,100,100105,100,98229,100
2019-06-28 09:51:20.000000000,99769,263,99703,463,99809,258,99702,458,99817,258,99572,258,99862,100,99564,100,99916,200,99368,100,99963,100,99029,100,99993,100,99014,100,99997,100,98632,100,100080,100,98434,100,100105,100,98229,100
2019-06-28 09:51:24.347215150,99769,163,99703,463,99809,258,99702,458,99817,258,99572,258,99862,100,99564,100,99916,200,99368,100,99963,100,99029,100,99993,100,99014,100,99997,100,98632,100,100105,100,98434,100,100129,100,98229,100
2019-06-28 09:51:30.000000000,99809,220,99703,420,99817,220,99702,420,99862,220,99572,220,99916,320,99564,220,99963,100,99368,100,99993,100,99029,100,99997,100,99014,100,100105,100,98632,100,100129,100,98434,100,100146,100,98229,100
2019-06-28 09:51:40.000000000,99809,220,99703,420,99817,220,99702,420,99862,220,99572,220,99916,320,99564,220,99963,100,99368,100,99993,100,99029,100,99997,100,99014,100,100105,100,98632,100,100129,100,98434,100,100146,100,98229,100
2019-06-28 09:51:46.895359337,99809,220,99703,420,99817,220,99702,420,99862,220,99572,220,99916,320,99564,220,99963,100,99368,100,99993,100,99029,100,99997,100,99014,100,100105,100,98632,100,100129,100,98434,100,100146,100,98229,100
2019-06-28 09:51:50.000000000,99809,340,99703,540,99817,340,99702,540,99862,100,99572,100,99916,200,99564,100,99963,100,99368,100,99993,100,99029,100,99997,100,99014,100,100105,100,98632,100,100129,100,98434,100,100146,100,98229,100
2019-06-28 09:51:50.737601719,99809,240,99703,540,99817,340,99702,540,99862,100,99572,100,99916,200,99564,100,99963,100,99368,100,99993,100,99029,100,99997,100,99014,100,100105,100,98632,100,100129,100,98434,100,100146,100,98229,100
2019-06-28 09:51:59.816758024,99809,140,99703,540,99817,340,99702,540,99862,100,99572,100,99916,200,99564,100,99963,100,99368,100,99993,100,99029,100,99997,100,99014,100,100105,100,98632,100,100129,100,98434,100,100146,100,98229,100
2019-06-28 09:52:00.000000000,99817,220,99703,420,99862,220,99702,420,99916,320,99572,220,99963,220,99564,220,99993,100,99368,100,99997,100,99029,100,100105,100,99014,100,100129,100,98632,100,100146,100,98434,100,100148,100,98229,100
2019-06-28 09:52:10.000000000,99817,220,99703,420,99862,220,99702,420,99916,320,99572,220,99963,220,99564,220,99993,100,99368,100,99997,100,99029,100,100105,100,99014,100,100129,100,98632,100,100146,100,98434,100,100148,100,98229,100
2019-06-28 09:52:20.000000000,99817,220,99703,420,99862,220,99702,420,99916,320,99572,220,99963,220,99564,220,99993,100,99368,100,99997,100,99029,100,100105,100,99014,100,100129,100,98632,100,100146,100,98434,100,100148,100,98229,100
2019-06-28 09:52:25.389039925,99817,220,99809,100,99862,220,99703,420,99916,220,99702,420,99963,220,99572,220,99993,100,99564,220,99997,100,99368,100,100105,100,99029,100,100129,100,99014,100,100146,100,98632,100,100148,100,98434,100
2019-06-28 09:52:25.841234348,99817,120,99809,100,99862,220,99703,420,99916,220,99702,420,99963,220,99572,220,99993,100,99564,220,99997,100,99368,100,100105,100,99029,100,100129,100,99014,100,100146,100,98632,100,100148,100,98434,100
2019-06-28 09:52:30.000000000,99862,220,99809,220,99916,220,99703,420,99963,220,99702,420,99993,220,99572,220,99997,100,99564,100,100105,100,99368,100,100129,100,99029,100,100146,100,99014,100,100148,100,98632,100,100290,100,98434,100
2019-06-28 09:52:40.000000000,99862,220,99809,220,99916,220,99703,420,99963,220,99702,420,99993,220,99572,220,99997,100,99564,100,100105,100,99368,100,100129,100,99029,100,100146,100,99014,100,100148,100,98632,100,100290,100,98434,100
2019-06-28 09:52:48.443198941,99862,120,99809,220,99916,220,99703,420,99963,220,99702,420,99993,220,99572,220,99997,100,99564,100,100105,100,99368,100,100129,100,99029,100,100146,100,99014,100,100148,100,98632,100,100290,100,98434,100
2019-06-28 09:52:50.000000000,99916,220,99809,220,99963,220,99703,420,99993,220,99702,420,99997,220,99572,220,100105,100,99564,100,100129,100,99368,100,100146,100,99029,100,100148,100,99014,100,100290,100,98632,100,,,98434,100
2019-06-28 09:53:00.000000000,99916,220,99809,220,99963,220,99703,420,99993,220,99702,420,99997,220,99572,220,100105,100,99564,100,100129,100,99368,100,100146,100,99029,100,100148,100,99014,100,100290,100,98632,100,,,98434,100
2019-06-28 09:53:10.000000000,99916,580,99809,580,99963,100,99703,300,99993,100,99702,300,99997,100,99572,100,100105,100,99564,100,100129,100,99368,100,100146,100,99029,100,100148,100,99014,100,100290,100,98632,100,,,98434,100
2019-06-28 09:53:20.000000000,99916,196,99809,196,99963,196,99703,396,99993,196,99702,396,99997,196,99572,196,100105,196,99564,196,100129,100,99368,100,100146,100,99029,100,100148,100,99014,100,100290,100,98632,100,,,98434,100
2019-06-28 09:53:20.842569823,99916,196,99809,196,99963,196,99703,396,99993,196,99702,396,99997,196,99572,196,100105,196,99564,196,100129,100,99368,100,100146,100,99029,100,100148,100,99014,100,100290,100,98434,100,100807,100,98229,100
2019-06-28 09:53:27.274765926,99916,196,99809,196,99963,196,99703,296,99993,196,99702,396,99997,196,99572,196,100105,196,99564,196,100129,100,99368,100,100146,100,99029,100,100148,100,99014,100,100290,100,98434,100,100807,100,98229,100
2019-06-28 09:53:30.000000000,99916,263,99809,263,99963,258,99703,358,99993,258,99702,458,99997,100,99572,100,100105,100,99564,100,100129,100,99368,100,100146,100,99029,100,100148,100,99014,100,100290,100,98434,100,100807,100,98229,100
2019-06-28 09:53:40.000000000,99916,580,99809,580,99963,100,99703,200,99993,100,99702,300,99997,100,99572,100,100105,100,99564,100,100129,100,99368,100,100146,100,99029,100,100148,100,99014,100,100290,100,98434,100,100807,100,98229,100
2019-06-28 09:53:50.000000000,99916,196,99809,196,99963,196,99703,296,99993,196,99702,396,99997,196,99572,196,100105,196,99564,196,100129,100,99368,100,100146,100,99029,100,100148,100,99014,100,100290,100,98434,100,100807,100,98229,100
2019-06-28 09:54:00.000000000,99916,196,99809,196,99963,196,99703,296,99993,196,99702,396,99997,196,99572,196,100105,196,99564,196,100129,100,99368,100,100146,100,99029,100,100148,100,99014,100,100290,100,98434,100,100807,100,98229,100
2019-06-28 09:54:10.000000000,99916,220,99809,220,99963,220,99703,320,99993,220,99702,420,99997,220,99572,220,100105,100,99564,100,100129,100,99368,100,100146,100,99029,100,100148,100,99014,100,100290,100,98434,100,100807,100,98229,100
2019-06-28 09:54:11.655584236,99916,120,99809,220,99963,220,99703,320,99993,220,99702,420,99997,220,99572,220,100105,100,99564,100,100129,100,99368,100,100146,100,99029,100,100148,100,99014,100,100290,100,98434,100,100807,100,98229,100
2019-06-28 09:54:12.567104699,99916,120,99809,220,99963,220,99703,320,99993,220,99702,420,99997,220,99572,220,100105,100,99564,100,100129,100,99368,100,100146,100,99029,100,100290,100,99014,100,100807,100,98434,100,100877,100,98229,100
2019-06-28 09:54:20.000000000,99963,220,99809,220,99993,220,99703,320,99997,220,99702,420,100105,220,99572,220,100129,100,99564,100,100146,100,99368,100,100290,100,99029,100,100807,100,99014,100,100877,100,98434,100,,,98229,100
2019-06-28 09:54:27.837047330,99963,220,99809,220,99993,220,99703,320,99997,220,99702,420,100105,220,99572,220,100129,100,99564,100,100146,100,99368,100,100290,100,99029,100,100807,100,99014,100,100827,100,98434,100,100877,100,98229,100
2019-06-28 09:54:30.000000000,99963,263,99809,263,99993,258,99703,358,99997,258,99702,458,100105,100,99572,100,100129,100,99564,100,100146,100,99368,100,100290,100,99029,100,100807,100,99014,100,100827,100,98434,100,100877,100,98229,100
2019-06-28 09:54:40.000000000,99963,340,99809,340,99993,340,99703,440,99997,100,99702,300,100105,100,99572,100,100129,100,99564,100,100146,100,99368,100,100290,100,99029,100,100807,100,99014,100,100827,100,98434,100,100877,100,98229,100
2019-06-28 09:54:50.000000000,99963,580,99809,580,99993,100,99703,200,99997,100,99702,300,100105,100,99572,100,100129,100,99564,100,100146,100,99368,100,100290,100,99029,100,100807,100,99014,100,100827,100,98434,100,100877,100,98229,100
2019-06-28 09:55:00.000000000,99963,220,99809,220,99993,220,99703,320,99997,220,99702,420,100105,220,99572,220,100129,100,99564,100,100146,100,99368,100,100290,100,99029,100,100807,100,99014,100,100827,100,98434,100,100877,100,98229,100
2019-06-28 09:55:10.000000000,99963,580,99809,580,99993,100,99703,200,99997,100,99702,300,100105,100,99572,100,100129,100,99564,100,100146,100,99368,100,100290,100,99029,100,100807,100,99014,100,100827,100,98434,100,100877,100,98229,100
2019-06-28 09:55:11.812792502,99963,580,99809,580,99993,100,99703,200,99997,100,99702,300,100105,100,99572,100,100129,100,99368,100,100146,100,99029,100,100290,100,99014,100,100807,100,98434,100,100827,100,98229,100,100877,100,,
2019-06-28 09:55:20.000000000,99963,263,99809,263,99993,258,99703,358,99997,258,99702,458,100105,100,99572,100,100129,100,99368,100,100146,100,99029,100,100290,100,99014,100,100807,100,98434,100,100827,100,98229,100,100877,100,,
2019-06-28 09:55:22.486666622,99963,263,99809,263,99993,258,99703,358,99997,258,99702,458,100105,100,99572,100,100129,100,99368,100,100146,100,99029,100,100290,100,99014,100,100807,100,98434,100,100822,100,98229,100,100827,100,,
2019-06-28 09:55:23.007490406,99963,163,99809,263,99993,258,99703,358,99997,258,99702,458,100105,100,99572,100,100129,100,99368,100,100146,100,99029,100,100290,100,99014,100,100807,100,98434,100,100822,100,98229,100,100827,100,,
2019-06-28 09:55:29.960830481,99963,163,99862,100,99993,258,99809,263,99997,258,99703,358,100105,100,99702,458,100129,100,99572,100,100146,100,99368,100,100290,100,99029,100,100807,100,99014,100,100822,100,98434,100,100827,100,98229,100
2019-06-28 09:55:30.000000000,99993,263,99862,263,99997,258,99809,258,100105,258,99703,358,100129,100,99702,300,100146,100,99572,100,100290,100,99368,100,100807,100,99029,100,100822,100,99014,100,100827,100,98434,100,100877,100,98229,100
2019-06-28 09:55:31.673436211,99993,263,99862,263,99997,258,99809,258,100105,258,99703,358,100129,100,99702,300,100146,100,99572,100,100290,100,99368,100,100803,100,99029,100,100807,100,99014,100,100822,100,98434,100,100827,100,98229,100
2019-06-28 09:55:32.732633353,99993,263,99862,263,99997,258,99809,258,100105,258,99703,358,100129,100,99702,300,100146,100,99572,100,100290,100,99368,100,100778,100,99029,100,100803,100,99014,100,100807,100,98434,100,100822,100,98229,100
2019-06-28 09:55:40.000000000,99993,220,99862,220,99997,220,99809,220,100105,220,99703,320,100129,220,99702,420,100146,100,99572,100,100290,100,99368,100,100778,100,99029,100,100803,100,99014,100,100807,100,98434,100,100822,100,98229,100
2019-06-28 09:55:47.417761088,99993,220,99862,220,99997,220,99809,220,100105,220,99703,320,100129,220,99702,420,100146,100,99572,100,100290,100,99368,100,100778,100,99029,100,100803,100,99014,100,100807,100,98434,100,100822,100,98229,100
2019-06-28 09:55:50.000000000,99993,263,99862,263,99997,258,99809,258,100105,258,99703,358,100129,100,99702,300,100146,100,99572,100,100290,100,99368,100,100778,100,99029,100,100803,100,99014,100,100807,100,98434,100,100822,100,98229,100
2019-06-28 09:55:54.439532463,99993,263,99862,263,99997,258,99809,258,100105,258,99703,358,100129,100,99702,300,100146,100,99572,100,100290,100,99368,100,100778,100,99029,100,100803,100,99014,100,100807,100,98434,100,100822,100,98229,100
2019-06-28 09:56:00.000000000,99993,196,99862,196,99997,196,99809,196,100105,196,99703,296,100129,196,99702,396,100146,196,99572,196,100290,100,99368,100,100778,100,99029,100,100803,100,99014,100,100807,100,98434,100,100822,100,98229,100
2019-06-28 09:56:03.132668153,99993,196,99862,196,99997,196,99809,196,100105,196,99703,296,100129,196,99702,396,100146,196,99572,196,100290,100,99368,100,100778,100,99029,100,100803,100,99014,100,100807,100,98434,100,100822,100,,
2019-06-28 09:56:10.000000000,99993,196,99862,196,99997,196,99809,196,100105,196,99703,296,100129,196,99702,396,100146,196,99572,196,100290,100,99368,100,100778,100,99029,100,100803,100,99014,100,100807,100,98434,100,100822,100,,
2019-06-28 09:56:20.000000000,99993,196,99862,196,99997,196,99809,196,100105,196,99703,296,100129,196,99702,396,100146,196,99572,196,100290,100,99368,100,100778,100,99029,100,100803,100,99014,100,100807,100,98434,100,100822,100,,
2019-06-28 09:56:30.000000000,99993,340,99862,340,99997,340,99809,340,100105,100,99703,200,100129,100,99702,300,100146,100,99572,100,100290,100,99368,100,100778,100,99029,100,100803,100,99014,100,100807,100,98434,100,100822,100,,
2019-06-28 09:56:39.616820143,99993,240,99862,340,99997,340,99809,340,100105,100,99703,200,100129,100,99702,300,100146,100,99572,100,100290,100,99368,100,100778,100,99014,100,100803,100,98434,100,100807,100,,,100822,100,,
2019-06-28 09:56:40.000000000,99997,580,99862,580,100105,100,99809,100,100129,100,99703,200,100146,100,99702,300,100290,100,99572,100,100778,100,99368,100,100803,100,99014,100,100807,100,98434,100,100822,100,,,100827,100,,
2019-06-28 09:56:41.913072540,99997,580,99862,580,100105,100,99809,100,100129,100,99703,100,100146,100,99702,300,100290,100,99572,100,100778,100,99368,100,100803,100,99014,100,100807,100,98434,100,100822,100,,,100827,100,,
2019-06-28 09:56:50.000000000,99997,220,99862,220,100105,220,99809,220,100129,220,99703,220,100146,220,99702,420,100290,100,99572,100,100778,100,99368,100,100803,100,99014,100,100807,100,98434,100,100822,100,,,100827,100,,
2019-06-28 09:56:51.301224604,99997,120,99862,220,100105,220,99809,220,100129,220,99703,220,100146,220,99702,420,100290,100,99572,100,100778,100,99368,100,100803,100,99014,100,100807,100,98434,100,100822,100,,,100827,100,,
2019-06-28 09:56:53.925257780,99997,120,99963,100,100105,220,99862,220,100129,220,99809,220,100146,220,99703,220,100290,100,99702,420,100778,100,99572,100,100803,100,99368,100,100807,100,99014,100,100822,100,98434,100,100827,100,,
2019-06-28 09:56:58.788685482,99997,120,99963,200,100105,220,99862,220,100129,220,99809,220,100146,220,99703,220,100290,100,99702,420,100778,100,99572,100,100803,100,99368,100,100807,100,99014,100,100822,100,98434,100,100827,100,,
2019-06-28 09:57:00.000000000,100105,263,99963,363,100129,258,99862,258,100146,258,99809,258,100290,100,99703,100,100778,100,99702,300,100803,100,99572,100,100807,100,99368,100,100822,100,99014,100,100827,100,98434,100,100899,100,,
2019-06-28 09:57:06.052087182,100105,263,99963,363,100129,258,99862,258,100146,258,99809,258,100778,100,99703,100,100803,100,99702,300,100807,100,99572,100,100822,100,99368,100,100827,100,99014,100,100899,100,98434,100,100954,100,,
2019-06-28 09:57:10.000000000,100105,196,99963,296,100129,196,99862,196,100146,196,99809,196,100778,196,99703,196,100803,196,99702,396,100807,100,99572,100,100822,100,99368,100,100827,100,99014,100,100899,100,98434,100,100954,100,,
2019-06-28 09:57:20.000000000,100105,196,99963,296,100129,196,99862,196,100146,196,99809,196,100778,196,99703,196,100803,196,99702,396,100807,100,99572,100,100822,100,99368,100,100827,100,99014,100,100899,100,98434,100,100954,100,,
2019-06-28 09:57:27.851862667,100105,196,99963,296,100129,196,99862,196,100146,196,99809,196,100778,196,99703,196,100803,196,99702,396,100807,100,99572,100,100822,100,99368,100,100827,100,99014,100,100899,100,98434,100,100954,100,,
2019-06-28 09:57:30.000000000,100105,580,99963,680,100129,100,99862,100,100146,100,99809,100,100778,100,99703,100,100803,100,99702,300,100807,100,99572,100,100822,100,99368,100,100827,100,99014,100,100899,100,98434,100,100954,100,,
2019-06-28 09:57:40.000000000,100105,580,99963,680,100129,100,99862,100,100146,100,99809,100,100778,100,99703,100,100803,100,99702,300,100807,100,99572,100,100822,100,99368,100,100827,100,99014,100,100899,100,98434,100,100954,100,,
2019-06-28 09:57:41.141346923,100105,480,99963,680,100129,100,99862,100,100146,100,99809,100,100778,100,99703,100,100803,100,99702,300,100807,100,99572,100,100822,100,99368,100,100827,100,99014,100,100899,100,98434,100,100954,100,,
2019-06-28 09:57:41.602576486,100105,380,99963,680,100129,100,99862,100,100146,100,99809,100,100778,100,99703,100,100803,100,99702,300,100807,100,99572,100,100822,100,99368,100,100899,100,99014,100,100954,100,98434,100,100982,100,,
2019-06-28 09:57:50.000000000,100129,263,99963,363,100146,258,99862,258,100778,258,99809,258,100803,100,99703,100,100807,100,99702,300,100822,100,99572,100,100899,100,99368,100,100954,100,99014,100,100982,100,98434,100,101080,100,,
2019-06-28 09:58:00.000000000,100129,340,99963,440,100146,340,99862,340,100778,100,99809,100,100803,100,99703,100,100807,100,99702,300,100822,100,99572,100,100899,100,99368,100,100954,100,99014,100,100982,100,98434,100,101080,100,,
2019-06-28 09:58:10.000000000,100129,340,99963,440,100146,340,99862,340,100778,100,99809,100,100803,100,99703,100,100807,100,99702,300,100822,100,99572,100,100899,100,99368,100,100954,100,99014,100,100982,100,98434,100,101080,100,,
2019-06-28 09:58:20.000000000,100129,580,99963,680,100146,100,99862,100,100778,100,99809,100,100803,100,99703,100,100807,100,99702,300,100822,100,99572,100,100899,100,99368,100,100954,100,99014,100,100982,100,98434,100,101080,100,,
2019-06-28 09:58:28.762415559,100129,580,99963,580,100146,100,99862,100,100778,100,99809,100,100803,100,99703,100,100807,100,99702,300,100822,100,99572,100,100899,100,99368,100,100954,100,99014,100,100982,100,98434,100,101080,100,,
2019-06-28 09:58:30.000000000,100129,580,99963,580,100146,100,99862,100,100778,100,99809,100,100803,100,99703,100,100807,100,99702,300,100822,100,99572,100,100899,100,99368,100,100954,100,99014,100,100982,100,98434,100,101080,100,,
2019-06-28 09:58:30.233412715,100129,480,99963,580,100146,100,99862,100,100778,100,99809,100,100803,100,99703,100,100807,100,99702,300,100899,100,99572,100,100954,100,99368,100,100982,100,99014,100,101080,100,98434,100,101118,100,,
2019-06-28 09:58:38.915476261,100129,480,99963,580,100146,100,99809,100,100778,100,99703,100,100803,100,99702,300,100807,100,99572,100,100899,100,99368,100,100954,100,99014,100,100982,100,98434,100,101080,100,,,101118,100,,
2019-06-28 09:58:40.000000000,100146,220,99963,220,100778,220,99809,220,100803,220,99703,220,100807,220,99702,420,100899,100,99572,100,100954,100,99368,100,100982,100,99014,100,101080,100,98434,100,101118,100,,,,,,
2019-06-28 09:58:50.000000000,100146,580,99963,580,100778,100,99809,100,100803,100,99703,100,100807,100,99702,300,100899,100,99572,100,100954,100,99368,100,100982,100,99014,100,101080,100,98434,100,101118,100,,,,,,
2019-06-28 09:59:00.000000000,100146,196,99963,196,100778,196,99809,196,100803,196,99703,196,100807,196,99702,396,100899,196,99572,196,100954,100,99368,100,100982,100,99014,100,101080,100,98434,100,101118,100,,,,,,
2019-06-28 09:59:10.000000000,100146,263,99963,263,100778,258,99809,258,100803,258,99703,258,100807,100,99702,300,100899,100,99572,100,100954,100,99368,100,100982,100,99014,100,101080,100,98434,100,101118,100,,,,,,
2019-06-28 09:59:20.000000000,100146,220,99963,220,100778,220,99809,220,100803,220,99703,220,100807,220,99702,420,100899,100,99572,100,100954,100,99368,100,100982,100,99014,100,101080,100,98434,100,101118,100,,,,,,
2019-06-28 09:59:23.504156553,100146,220,99963,220,100778,120,99809,220,100803,220,99703,220,100807,220,99702,420,100899,100,99572,100,100954,100,99368,100,100982,100,99014,100,101080,100,98434,100,101118,100,,,101214,100,,
2019-06-28 09:59:27.426066357,100146,120,99963,220,100778,120,99809,220,100803,220,99703,220,100807,220,99702,420,100899,100,99572,100,100954,100,99368,100,100982,100,99014,100,101080,100,98434,100,101118,100,,,101214,100,,
2019-06-28 09:59:30.000000000,100803,263,99963,263,100807,258,99809,258,100899,258,99703,258,100954,100,99702,300,100982,100,99572,100,101080,100,99368,100,101118,100,99014,100,101214,100,98434,100,,,,,,,,
2019-06-28 09:59:33.211709715,100803,263,99963,263,100807,258,99809,258,100899,258,99703,258,100954,100,99702,300,100982,100,99572,100,101080,100,99368,100,101118,100,99014,100,101167,100,98434,100,101214,100,,,,,,
2019-06-28 09:59:39.527014620,100803,163,99963,263,100807,258,99809,258,100899,258,99703,258,100954,100,99702,300,100982,100,99572,100,101080,100,99368,100,101118,100,99014,100,101167,100,98434,100,101214,100,,,,,,
2019-06-28 09:59:40.000000000,100807,263,99963,263,100899,258,99809,258,100954,258,99703,258,100982,100,99702,300,101080,100,99572,100,101118,100,99368,100,101167,100,99014,100,101214,100,98434,100,,,,,,,,
2019-06-28 09:59:50.000000000,100807,580,99963,580,100899,100,99809,100,100954,100,99703,100,100982,100,99702,300,101080,100,99572,100,101118,100,99368,100,101167,100,99014,100,101214,100,98434,100,,,,,,,,
2019-06-28 09:59:53.223102785,100807,480,99963,580,100899,100,99809,100,100954,100,99703,100,100982,100,99702,300,101080,100,99572,100,101118,100,99368,100,101167,100,99014,100,101214,100,98434,100,,,,,,,,
2019-06-28 10:00:00.000000000,100899,340,99963,340,100954,340,99809,340,100982,100,99703,100,101080,100,99702,300,101118,100,99572,100,101167,100,99368,100,101214,100,99014,100,,,98434,100,,,,,,,,
2019-06-28 10:00:10.000000000,100899,220,99963,220,100954,220,99809,220,100982,220,99703,220,101080,220,99702,420,101118,100,99572,100,101167,100,99368,100,101214,100,99014,100,,,98434,100,,,,,,,,
2019-06-28 10:00:20.000000000,100899,580,99963,580,100954,100,99809,100,100982,100,99703,100,101080,100,99702,300,101118,100,99572,100,101167,100,99368,100,101214,100,99014,100,,,98434,100,,,,,,,,
2019-06-28 10:00:28.173794549,100899,580,100803,100,100954,100,99963,580,100982,100,99809,100,101080,100,99703,100,101118,100,99702,300,101167,100,99572,100,101214,100,99368,100,,,99014,100,,,98434,100,,,,
2019-06-28 10:00:30.000000000,100899,196,100803,196,100954,196,99963,196,100982,196,99809,196,101080,196,99703,196,101118,196,99702,396,101167,100,99572,100,101214,100,99368,100,,,99014,100,,,98434,100,,,,
2019-06-28 10:00:40.000000000,100899,263,100803,263,100954,258,99963,258,100982,258,99809,258,101080,100,99703,100,101118,100,99702,300,101167,100,99572,100,101214,100,99368,100,,,99014,100,,,98434,100,,,,
2019-06-28 10:00:40.795112976,100899,263,100803,263,100954,258,99963,258,100982,258,99809,258,101080,100,99703,100,101118,100,99702,300,101167,100,99572,100,101214,100,99368,100,101257,100,99014,100,,,98434,100,,,,
2019-06-28 10:00:44.598502791,100899,263,100803,263,100954,258,99963,258,100982,258,99809,258,101080,100,99703,100,101118,100,99702,300,101167,100,99572,100,101214,100,99368,100,101257,100,99014,100,101273,100,98434,100,,,,
2019-06-28 10:00:49.530079404,100899,163,100803,263,100954,258,99963,258,100982,258,99809,258,101080,100,99703,100,101118,100,99702,300,101167,100,99572,100,101214,100,99368,100,101257,100,99014,100,101273,100,98434,100,,,,
2019-06-28 10:00:50.000000000,100954,580,100803,580,100982,100,99963,100,101080,100,99809,100,101118,100,99703,100,101167,100,99702,300,101214,100,99572,100,101257,100,99368,100,101273,100,99014,100,,,98434,100,,,,
2019-06-28 10:00:51.895416601,100954,580,100807,100,100982,100,100803,580,101080,100,99963,100,101118,100,99809,100,101167,100,99703,100,101214,100,99702,200,101257,100,99572,100,101273,100,99368,100,,,99014,100,,,98434,100
2019-06-28 10:00:58.919122607,100954,580,100807,100,100982,100,100803,580,101080,100,99963,100,101118,100,99809,100,101167,100,99703,100,101171,100,99702,200,101214,100,99572,100,101257,100,99368,100,101273,100,99014,100,,,98434,100
2019-06-28 10:01:00.000000000,100954,340,100807,340,100982,340,100803,340,101080,100,99963,100,101118,100,99809,100,101167,100,99703,100,101171,100,99702,200,101214,100,99572,100,101257,100,99368,100,101273,100,99014,100,,,98434,100
2019-06-28 10:01:10.000000000,100954,263,100807,263,100982,258,100803,258,101080,258,99963,258,101118,100,99809,100,101167,100,99703,100,101171,100,99702,200,101214,100,99572,100,101257,100,99368,100,101273,100,99014,100,,,98434,100
2019-06-28 10:01:18.321396647,100954,263,100807,263,100982,258,100803,258,101080,258,99963,258,101118,100,99809,100,101167,100,99703,100,101171,100,99702,200,101214,100,99572,100,101249,100,99368,100,101257,100,99014,100,101273,100,98434,100
2019-06-28 10:01:20.000000000,100954,580,100807,580,100982,100,100803,100,101080,100,99963,100,101118,100,99809,100,101167,100,99703,100,101171,100,99702,200,101214,100,99572,100,101249,100,99368,100,101257,100,99014,100,101273,100,98434,100
2019-06-28 10:01:21.544245625,100954,580,100807,680,100982,100,100803,100,101080,100,99963,100,101118,100,99809,100,101167,100,99703,100,101171,100,99702,200,101214,100,99572,100,101249,100,99368,100,101257,100,99014,100,101273,100,98434,100
2019-06-28 10:01:30.000000000,100954,340,100807,440,100982,340,100803,340,101080,100,99963,100,101118,100,99809,100,101167,100,99703,100,101171,100,99702,200,101214,100,99572,100,101249,100,99368,100,101257,100,99014,100,101273,100,98434,100
2019-06-28 10:01:31.690601818,100954,340,100862,100,100982,340,100807,440,101080,100,100803,340,101118,100,99963,100,101167,100,99809,100,101171,100,99703,100,101214,100,99702,200,101249,100,99572,100,101257,100,99368,100,101273,100,99014,100
2019-06-28 10:01:34.174873606,100954,340,100862,100,100982,340,100807,540,101080,100,100803,340,101118,100,99963,100,101167,100,99809,100,101171,100,99703,100,101214,100,99702,200,101249,100,99572,100,101257,100,99368,100,101273,100,99014,100
2019-06-28 10:01:34.759504718,100954,340,100862,100,100982,340,100807,540,101080,100,100803,340,101118,100,100698,100,101167,100,99963,100,101171,100,99809,100,101214,100,99703,100,101249,100,99702,200,101257,100,99572,100,101273,100,99368,100
2019-06-28 10:01:39.541986333,100954,340,100862,100,100982,340,100807,540,101080,100,100803,340,101118,100,100698,100,101167,100,99963,100,101171,100,99809,100,101214,100,99703,100,101249,100,99702,200,101257,100,99572,100,101273,100,99368,100
2019-06-28 10:01:40.000000000,100954,580,100862,580,100982,100,100807,300,101080,100,100803,100,101118,100,100698,100,101167,100,99963,100,101171,100,99809,100,101214,100,99703,100,101249,100,99702,200,101257,100,99572,100,101273,100,99368,100
2019-06-28 10:01:41.747627192,100954,480,100862,580,100982,100,100807,300,101080,100,100803,100,101118,100,100698,100,101167,100,99963,100,101171,100,99809,100,101214,100,99703,100,101249,100,99702,200,101257,100,99572,100,101273,100,99368,100
2019-06-28 10:01:50.000000000,100982,580,100862,580,101080,100,100807,300,101118,100,100803,100,101167,100,100698,100,101171,100,99963,100,101214,100,99809,100,101249,100,99703,100,101257,100,99702,200,101273,100,99572,100,,,99368,100
2019-06-28 10:02:00.000000000,100982,580,100862,580,101080,100,100807,300,101118,100,100803,100,101167,100,100698,100,101171,100,99963,100,101214,100,99809,100,101249,100,99703,100,101257,100,99702,200,101273,100,99572,100,,,99368,100
2019-06-28 10:02:10.000000000,100982,580,100862,580,101080,100,100807,300,101118,100,100803,100,101167,100,100698,100,101171,100,99963,100,101214,100,99809,100,101249,100,99703,100,101257,100,99702,200,101273,100,99572,100,,,99368,100
2019-06-28 10:02:20.000000000,100982,263,100862,263,101080,258,100807,458,101118,258,100803,258,101167,100,100698,100,101171,100,99963,100,101214,100,99809,100,101249,100,99703,100,101257,100,99702,200,101273,100,99572,100,,,99368,100
2019-06-28 10:02:22.367201504,100982,163,100862,263,101080,258,100807,458,101118,258,100803,258,101167,100,100698,100,101171,100,99963,100,101214,100,99809,100,101249,100,99703,100,101257,100,99702,200,101273,100,99572,100,,,99368,100
2019-06-28 10:02:23.105392767,100982,63,100862,263,101080,258,100807,458,101118,258,100803,258,101167,100,100698,100,101171,100,99963,100,101214,100,99809,100,101249,100,99703,100,101257,100,99702,200,101273,100,99572,100,,,99368,100
2019-06-28 10:02:30.000000000,101080,340,100862,340,101118,340,100807,540,101167,100,100803,100,101171,100,100698,100,101214,100,99963,100,101249,100,99809,100,101257,100,99703,100,101273,100,99702,200,,,99572,100,,,99368,100
2019-06-28 10:02:38.852470933,101080,340,100869,100,101118,340,100862,340,101167,100,100807,540,101171,100,100803,100,101214,100,100698,100,101249,100,99963,100,101257,100,99809,100,101273,100,99703,100,,,99702,200,,,99572,100
2019-06-28 10:02:40.000000000,101080,340,100869,340,101118,340,100862,340,101167,100,100807,300,101171,100,100803,100,101214,100,100698,100,101249,100,99963,100,101257,100,99809,100,101273,100,99703,100,,,99702,200,,,99572,100
2019-06-28 10:02:46.959337206,100981,100,100869,340,101080,340,100862,340,101118,340,100807,300,101167,100,100698,100,101171,100,99963,100,101214,100,99809,100,101249,100,99703,100,101257,100,99702,200,101273,100,99572,100,,,99368,100
2019-06-28 10:02:47.900269579,100981,100,100869,340,101080,340,100862,340,101118,340,100815,100,101167,100,100807,300,101171,100,100698,100,101214,100,99963,100,101249,100,99809,100,101257,100,99703,100,101273,100,99702,200,,,99572,100
2019-06-28 10:02:50.000000000,100981,580,100869,580,101080,100,100862,100,101118,100,100815,100,101167,100,100807,300,101171,100,100698,100,101214,100,99963,100,101249,100,99809,100,101257,100,99703,100,101273,100,99702,200,,,99572,100
2019-06-28 10:03:00.000000000,100981,580,100869,580,101080,100,100862,100,101118,100,100815,100,101167,100,100807,300,101171,100,100698,100,101214,100,99963,100,101249,100,99809,100,101257,100,99703,100,101273,100,99702,200,,,99572,100
2019-06-28 10:03:07.803607975,100981,580,100869,580,101080,100,100862,100,101118,100,100815,100,101167,100,100807,300,101171,100,100773,100,101214,100,100698,100,101249,100,99963,100,101257,100,99809,100,101273,100,99703,100,,,99702,200
2019-06-28 10:03:10.000000000,100981,263,100869,263,101080,258,100862,258,101118,258,100815,258,101167,100,100807,300,101171,100,100773,100,101214,100,100698,100,101249,100,99963,100,101257,100,99809,100,101273,100,99703,100,,,99702,200
2019-06-28 10:03:11.899096062,100981,363,100869,263,101080,258,100862,258,101118,258,100815,258,101167,100,100807,300,101171,100,100773,100,101214,100,100698,100,101249,100,99963,100,101257,100,99809,100,101273,100,99703,100,,,99702,200
2019-06-28 10:03:15.962372097,100981,363,100869,263,101047,100,100862,258,101080,258,100815,258,101118,258,100807,300,101167,100,100773,100,101171,100,100698,100,101214,100,99963,100,101249,100,99809,100,101273,100,99703,100,,,99702,200
2019-06-28 10:03:20.000000000,100981,680,100869,580,101047,100,100862,100,101080,100,100815,100,101118,100,100807,300,101167,100,100773,100,101171,100,100698,100,101214,100,99963,100,101249,100,99809,100,101273,100,99703,100,,,99702,200
2019-06-28 10:03:30.000000000,100981,680,100869,580,101047,100,100862,100,101080,100,100815,100,101118,100,100807,300,101167,100,100773,100,101171,100,100698,100,101214,100,99963,100,101249,100,99809,100,101273,100,99703,100,,,99702,200
2019-06-28 10:03:30.423624344,100981,680,100869,580,101019,100,100862,100,101047,100,100815,100,101080,100,100807,300,101118,100,100773,100,101167,100,100698,100,101171,100,99963,100,101214,100,99809,100,101249,100,99703,100,101273,100,99702,200
2019-06-28 10:03:38.373334739,100981,580,100869,580,101019,100,100862,100,101047,100,100815,100,101080,100,100807,300,101118,100,100773,100,101167,100,100698,100,101171,100,99963,100,101214,100,99809,100,101273,100,99703,100,,,99702,200
2019-06-28 10:03:40.000000000,100981,340,100869,340,101019,340,100862,340,101047,100,100815,100,101080,100,100807,300,101118,100,100773,100,101167,100,100698,100,101171,100,99963,100,101214,100,99809,100,101273,100,99703,100,,,99702,200
2019-06-28 10:03:49.781056486,100981,240,100869,340,101019,340,100862,340,101047,100,100815,100,101080,100,100807,300,101118,100,100773,100,101167,100,100698,100,101171,100,99963,100,101214,100,99809,100,101273,100,99703,100,,,99702,200
2019-06-28 10:03:50.000000000,101019,340,100869,340,101047,340,100862,340,101080,100,100815,100,101118,100,100807,300,101167,100,100773,100,101171,100,100698,100,101214,100,99963,100,101273,100,99809,100,,,99703,100,,,99702,200
2019-06-28 10:03:55.801394047,100980,100,100869,340,101019,340,100862,340,101047,340,100815,100,101080,100,100807,200,101118,100,100773,100,101167,100,100698,100,101171,100,99963,100,101214,100,99809,100,101273,100,99703,100,,,99702,200
2019-06-28 10:04:00.000000000,100980,340,100869,340,101019,340,100862,340,101047,100,100815,100,101080,100,100807,200,101118,100,100773,100,101167,100,100698,100,101171,100,99963,100,101214,100,99809,100,101273,100,99703,100,,,99702,200
2019-06-28 10:04:10.000000000,100980,340,100869,340,101019,340,100862,340,101047,100,100815,100,101080,100,100807,200,101118,100,100773,100,101167,100,100698,100,101171,100,99963,100,101214,100,99809,100,101273,100,99703,100,,,99702,200
2019-06-28 10:04:10.865241770,100980,340,100869,340,101019,340,100862,340,101047,100,100815,100,101080,100,100807,200,101118,100,100773,100,101167,100,100698,100,101171,100,99963,100,101187,100,99809,100,101214,100,99703,100,101273,100,99702,200
2019-06-28 10:04:20.000000000,100980,220,100869,220,101019,220,100862,220,101047,220,100815,220,101080,220,100807,320,101118,100,100773,100,101167,100,100698,100,101171,100,99963,100,101187,100,99809,100,101214,100,99703,100,101273,100,99702,200
2019-06-28 10:04:30.000000000,100980,263,100869,263,101019,258,100862,258,101047,258,100815,258,101080,100,100807,200,101118,100,100773,100,101167,100,100698,100,101171,100,99963,100,101187,100,99809,100,101214,100,99703,100,101273,100,99702,200
2019-06-28 10:04:35.951379383,100980,263,100869,263,101019,258,100862,258,101047,258,100815,258,101080,100,100807,200,101167,100,100773,100,101171,100,100698,100,101184,100,99963,100,101187,100,99809,100,101214,100,99703,100,101273,100,99702,200
2019-06-28 10:04:40.000000000,100980,196,100869,196,101019,196,100862,196,101047,196,100815,196,101080,196,100807,296,101167,196,100773,196,101171,100,100698,100,101184,100,99963,100,101187,100,99809,100,101214,100,99703,100,101273,100,99702,200
2019-06-28 10:04:50.000000000,100980,580,100869,580,101019,100,100862,100,101047,100,100815,100,101080,100,100807,200,101167,100,100773,100,101171,100,100698,100,101184,100,99963,100,101187,100,99809,100,101214,100,99703,100,101273,100,99702,200
2019-06-28 10:04:59.736303976,100980,580,100869,580,101019,100,100862,100,101047,100,100815,100,101080,100,100807,200,101167,100,100773,100,101171,100,100698,100,101184,100,100512,100,101187,100,99963,100,101214,100,99809,100,101273,100,99703,100
2019-06-28 10:05:00.000000000,100980,220,100869,220,101019,220,100862,220,101047,220,100815,220,101080,220,100807,320,101167,100,100773,100,101171,100,100698,100,101184,100,100512,100,101187,100,99963,100,101214,100,99809,100,101273,100,99703,100
2019-06-28 10:05:00.972072984,100980,220,100869,220,101019,220,100864,100,101047,220,100862,220,101080,220,100815,220,101167,100,100807,320,101171,100,100773,100,101184,100,100698,100,101187,100,100512,100,101214,100,99963,100,101273,100,99809,100
2019-06-28 10:05:10.000000000,100980,196,100869,196,101019,196,100864,196,101047,196,100862,196,101080,196,100815,196,101167,196,100807,296,101171,100,100773,100,101184,100,100698,100,101187,100,100512,100,101214,100,99963,100,101273,100,99809,100
2019-06-28 10:05:20.000000000,100980,580,100869,580,101019,100,100864,100,101047,100,100862,100,101080,100,100815,100,101167,100,100807,200,101171,100,100773,100,101184,100,100698,100,101187,100,100512,100,101214,100,99963,100,101273,100,99809,100
2019-06-28 10:05:20.917249066,100887,100,100869,580,100980,580,100864,100,101019,100,100862,100,101047,100,100815,100,101080,100,100807,200,101167,100,100773,100,101171,100,100698,100,101184,100,100512,100,101187,100,99963,100,101214,100,99809,100
2019-06-28 10:05:23.397581823,100887,100,100869,580,100980,580,100864,100,101019,100,100862,100,101047,100,100830,100,101080,100,100815,100,101167,100,100807,200,101171,100,100773,100,101184,100,100698,100,101187,100,100512,100,101214,100,99963,100
2019-06-28 10:05:23.524995162,100887,100,100876,100,100980,580,100869,580,101019,100,100864,100,101047,100,100862,100,101080,100,100830,100,101167,100,100815,100,101171,100,100807,200,101184,100,100773,100,101187,100,100698,100,101214,100,100512,100
2019-06-28 10:05:30.000000000,100887,263,100876,263,100980,258,100869,258,101019,258,100864,258,101047,100,100862,100,101080,100,100830,100,101167,100,100815,100,101171,100,100807,200,101184,100,100773,100,101187,100,100698,100,101214,100,100512,100
2019-06-28 10:05:40.000000000,100887,263,100876,263,100980,258,100869,258,101019,258,100864,258,101047,100,100862,100,101080,100,100830,100,101167,100,100815,100,101171,100,100807,200,101184,100,100773,100,101187,100,100698,100,101214,100,100512,100
2019-06-28 10:05:50.000000000,100887,196,100876,196,100980,196,100869,196,101019,196,100864,196,101047,196,100862,196,101080,196,100830,196,101167,100,100815,100,101171,100,100807,200,101184,100,100773,100,101187,100,100698,100,101214,100,100512,100
2019-06-28 10:05:59.389983203,100887,196,100876,196,100928,100,100869,196,100980,196,100864,196,101019,196,100862,196,101047,196,100830,196,101080,196,100815,100,101167,100,100807,200,101171,100,100773,100,101184,100,100698,100,101187,100,100512,100
2019-06-28 10:06:00.000000000,100887,220,100876,220,100928,220,100869,220,100980,220,100864,220,101019,220,100862,220,101047,100,100830,100,101080,100,100815,100,101167,100,100807,200,101171,100,100773,100,101184,100,100698,100,101187,100,100512,100
2019-06-28 10:06:10.000000000,100887,196,100876,196,100928,196,100869,196,100980,196,100864,196,101019,196,100862,196,101047,196,100830,196,101080,100,100815,100,101167,100,100807,200,101171,100,100773,100,101184,100,100698,100,101187,100,100512,100
2019-06-28 10:06:20.000000000,100887,340,100876,340,100928,340,100869,340,100980,100,100864,100,101019,100,100862,100,101047,100,100830,100,101080,100,100815,100,101167,100,100807,200,101171,100,100773,100,101184,100,100698,100,101187,100,100512,100
2019-06-28 10:06:30.000000000,100887,340,100876,340,100928,340,100869,340,100980,100,100864,100,101019,100,100862,100,101047,100,100830,100,101080,100,100815,100,101167,100,100807,200,101171,100,100773,100,101184,100,100698,100,101187,100,100512,100
2019-06-28 10:06:32.977622147,100887,340,100876,340,100928,340,100869,340,100980,100,100864,100,101019,100,100862,100,101028,100,100830,100,101047,100,100815,100,101080,100,100807,200,101167,100,100773,100,101171,100,100698,100,101184,100,100512,100
2019-06-28 10:06:34.301272102,100887,240,100876,340,100928,340,100869,340,100980,100,100864,100,101019,100,100862,100,101028,100,100830,100,101047,100,100815,100,101080,100,100807,200,101167,100,100773,100,101171,100,100698,100,101184,100,100512,100
2019-06-28 10:06:34.850163214,100887,140,100876,340,100928,340,100869,340,100980,100,100864,100,101019,100,100862,100,101028,100,100830,100,101047,100,100815,100,101080,100,100807,200,101167,100,100773,100,101171,100,100698,100,101184,100,100512,100
2019-06-28 10:06:40.000000000,100928,263,100876,263,100980,258,100869,258,101019,258,100864,258,101028,100,100862,100,101047,100,100830,100,101080,100,100815,100,101167,100,100807,200,101171,100,100773,100,101184,100,100698,100,101187,100,100512,100
