,ask_price_1,ask_size_1,bid_price_1,bid_size_1,ask_price_2,ask_size_2,bid_price_2,bid_size_2,ask_price_3,ask_size_3,bid_price_3,bid_size_3,ask_price_4,ask_size_4,bid_price_4,bid_size_4,ask_price_5,ask_size_5,bid_price_5,bid_size_5,ask_price_6,ask_size_6,bid_price_6,bid_size_6,ask_price_7,ask_size_7,bid_price_7,bid_size_7,ask_price_8,ask_size_8,bid_price_8,bid_size_8,ask_price_9,ask_size_9,bid_price_9,bid_size_9,ask_price_10,ask_size_10,bid_price_10,bid_size_10
2019-06-28 09:30:00.000000002,100039,100,,,,,,,,,,,,,,,,,,,,,,,,,,,,,,,,,,,,,,
2019-06-28 09:30:00.000000003,100039,100,100004,100,,,,,,,,,,,,,,,,,,,,,,,,,,,,,,,,,,,,
2019-06-28 09:30:00.000000004,100039,100,100004,100,,,99888,100,,,,,,,,,,,,,,,,,,,,,,,,,,,,,,,,
2019-06-28 09:30:00.000000005,100022,100,100004,100,100039,100,99888,100,,,99883,100,,,,,,,,,,,,,,,,,,,,,,,,,,,,
2019-06-28 09:30:00.000000009,100022,100,100004,100,100039,100,99888,100,100078,100,99883,100,,,99872,100,,,,,,,,,,,,,,,,,,,,,,,,
2019-06-28 09:30:00.000000011,100022,100,100004,100,100039,100,99888,100,100078,100,99883,100,100169,100,99872,100,,,99831,100,,,,,,,,,,,,,,,,,,,,
2019-06-28 09:30:00.000000012,100022,100,100004,100,100039,100,99897,100,100078,100,99888,100,100169,100,99883,100,,,99872,100,,,99831,100,,,,,,,,,,,,,,,,
2019-06-28 09:30:00.000000013,100022,100,100004,100,100039,100,99897,100,100078,100,99888,100,100169,100,99883,100,,,99872,100,,,99866,100,,,99836,100,,,99831,100,,,,,,,,
2019-06-28 09:30:00.000000014,100022,100,100004,100,100027,100,99904,100,100039,100,99897,100,100078,100,99888,100,100169,100,99883,100,,,99872,100,,,99866,100,,,99836,100,,,99831,100,,,,
2019-06-28 09:30:00.000000016,100022,100,100004,100,100027,100,99952,100,100039,100,99904,100,100078,100,99897,100,100169,100,99888,100,,,99883,100,,,99872,100,,,99866,100,,,99836,100,,,99831,100
2019-06-28 09:30:00.000000017,100022,100,100004,100,100027,100,99952,100,100039,100,99904,100,100078,100,99897,100,100106,100,99888,100,100169,100,99883,100,,,99872,100,,,99866,100,,,99836,100,,,99831,100
2019-06-28 09:30:00.000000020,100022,100,100004,100,100027,100,99952,100,100039,100,99904,100,100050,100,99897,100,100078,100,99888,100,100106,100,99883,100,100169,100,99872,100,,,99866,100,,,99836,100,,,99831,100
2019-06-28 09:30:00.000000022,100022,100,100004,100,100027,100,99952,100,100039,100,99904,100,100050,100,99897,100,100078,100,99888,100,100106,100,99883,100,100169,100,99872,100,100230,100,99866,100,,,99836,100,,,99831,100
2019-06-28 09:30:00.000000023,100022,100,100004,100,100027,100,99952,100,100039,100,99904,100,100050,100,99897,100,100078,100,99888,100,100106,100,99883,100,100169,100,99872,100,100230,100,99866,100,,,99851,100,,,99836,100
2019-06-28 09:30:00.000000026,100022,100,100004,100,100027,100,99952,100,100039,100,99949,100,100050,100,99904,100,100078,100,99897,100,100106,100,99888,100,100169,100,99883,100,100230,100,99872,100,,,99866,100,,,99851,100
2019-06-28 09:30:00.000000027,100022,100,100004,100,100027,100,99952,100,100039,100,99949,100,100050,100,99904,100,100078,100,99897,100,100106,100,99891,100,100169,100,99888,100,100230,100,99883,100,,,99872,100,,,99866,100
2019-06-28 09:30:00.000000029,100022,100,100004,100,100027,100,99993,100,100039,100,99952,100,100050,100,99949,100,100078,100,99904,100,100106,100,99897,100,100169,100,99891,100,100230,100,99888,100,,,99883,100,,,99872,100
2019-06-28 09:30:00.000000030,100027,100,100004,100,100039,100,99993,100,100050,100,99952,100,100078,100,99949,100,100106,100,99904,100,100169,100,99897,100,100230,100,99891,100,,,99888,100,,,99883,100,,,99872,100
2019-06-28 09:30:00.000000032,100027,100,100004,100,100039,100,99993,100,100050,100,99959,100,100078,100,99952,100,100106,100,99949,100,100169,100,99904,100,100230,100,99897,100,,,99891,100,,,99888,100,,,99883,100
2019-06-28 09:30:00.000000033,100027,100,100004,100,100039,100,99993,100,100050,100,99978,100,100078,100,99959,100,100106,100,99952,100,100169,100,99949,100,100230,100,99904,100,,,99897,100,,,99891,100,,,99888,100
2019-06-28 09:30:00.000000034,100027,100,100007,100,100039,100,100004,100,100050,100,99993,100,100078,100,99978,100,100106,100,99959,100,100169,100,99952,100,100230,100,99949,100,,,99904,100,,,99897,100,,,99891,100
2019-06-28 09:30:00.000000037,100027,100,100004,100,100039,100,99993,100,100050,100,99978,100,100078,100,99959,100,100106,100,99952,100,100169,100,99949,100,100230,100,99904,100,,,99897,100,,,99891,100,,,99888,100
2019-06-28 09:30:00.000000038,100027,100,100007,100,100039,100,100004,100,100050,100,99993,100,100078,100,99978,100,100106,100,99959,100,100169,100,99952,100,100230,100,99949,100,,,99904,100,,,99897,100,,,99891,100
2019-06-28 09:30:00.000000039,100027,100,100007,100,100039,100,100004,100,100050,100,99993,100,100078,100,99978,100,100106,100,99959,100,100113,100,99952,100,100169,100,99949,100,100230,100,99904,100,,,99897,100,,,99891,100
2019-06-28 09:30:00.000000042,100027,100,100007,100,100039,100,100004,100,100050,100,99993,100,100078,100,99978,100,100106,100,99959,100,100113,100,99952,100,100169,100,99949,100,100230,100,99904,100,,,99897,100,,,99891,100
2019-06-28 09:30:00.000000044,100027,100,100017,100,100039,100,100007,200,100050,100,100004,100,100078,100,99993,100,100106,100,99978,100,100113,100,99959,100,100169,100,99952,100,100230,100,99949,100,,,99904,100,,,99897,100
2019-06-28 09:30:00.000000047,100020,100,100017,100,100027,100,100007,200,100039,100,100004,100,100050,100,99993,100,100078,100,99978,100,100106,100,99959,100,100113,100,99952,100,100169,100,99949,100,100230,100,99904,100,,,99897,100
2019-06-28 09:30:00.000000049,100020,100,100017,100,100027,100,100007,200,100039,100,100004,100,100050,100,99993,100,100078,100,99978,100,100106,100,99964,100,100113,100,99959,100,100169,100,99952,100,100230,100,99949,100,,,99904,100
2019-06-28 09:30:00.000000050,100020,100,100007,200,100027,100,100004,100,100039,100,99993,100,100050,100,99978,100,100078,100,99964,100,100106,100,99959,100,100113,100,99952,100,100169,100,99949,100,100230,100,99904,100,,,99897,100
2019-06-28 09:30:00.000000051,100020,100,100007,100,100027,100,100004,100,100039,100,99993,100,100050,100,99978,100,100078,100,99964,100,100106,100,99959,100,100113,100,99952,100,100169,100,99949,100,100230,100,99904,100,,,99897,100
2019-06-28 09:30:00.000000053,100017,100,100007,100,100020,100,100004,100,100027,100,99993,100,100039,100,99978,100,100050,100,99964,100,100078,100,99959,100,100106,100,99952,100,100113,100,99949,100,100169,100,99904,100,100230,100,99897,100
2019-06-28 09:30:00.000000056,100017,100,100007,100,100020,100,100004,100,100027,100,99993,100,100039,100,99978,100,100050,100,99964,100,100078,100,99959,100,100106,100,99952,100,100113,100,99949,100,100169,100,99945,100,100230,100,99904,100
2019-06-28 09:30:00.000000057,100017,100,100007,100,100020,100,100004,100,100027,100,99993,100,100039,100,99978,100,100050,100,99964,100,100061,100,99959,100,100078,100,99952,100,100106,100,99949,100,100113,100,99945,100,100169,100,99904,100
2019-06-28 09:30:00.000000059,100017,100,100007,100,100020,100,100004,100,100027,100,99993,100,100039,100,99978,100,100050,100,99964,100,100061,100,99959,100,100078,100,99952,100,100086,100,99949,100,100106,100,99945,100,100113,100,99904,100
2019-06-28 09:30:00.000000060,100017,200,100007,100,100020,100,100004,100,100027,100,99993,100,100039,100,99978,100,100050,100,99964,100,100061,100,99959,100,100078,100,99952,100,100086,100,99949,100,100106,100,99945,100,100113,100,99904,100
2019-06-28 09:30:00.000000061,100017,200,100007,100,100020,100,100004,100,100027,100,99993,100,100039,100,99978,100,100050,100,99964,100,100061,100,99959,100,100078,100,99952,100,100086,100,99949,100,100106,100,99945,100,100113,100,99939,100
2019-06-28 09:30:00.000000065,100017,200,100008,100,100020,200,100007,100,100027,100,100004,100,100039,100,99993,100,100050,100,99978,100,100061,100,99964,100,100066,100,99959,100,100078,100,99952,100,100086,100,99949,100,100106,100,99945,100
2019-06-28 09:30:00.000000066,100017,300,100008,100,100020,200,100007,100,100027,100,100004,100,100039,100,99993,100,100050,100,99978,100,100061,100,99964,100,100066,100,99959,100,100078,100,99952,100,100086,100,99949,100,100106,100,99945,100
2019-06-28 09:30:00.000000068,100017,300,100008,100,100020,200,100007,100,100027,100,100004,100,100039,100,99993,100,100050,100,99978,100,100061,100,99964,100,100066,100,99959,100,100078,100,99952,100,100086,100,99949,100,100106,100,99945,100
2019-06-28 09:30:00.000000070,100017,300,100008,200,100020,200,100007,100,100027,100,100004,100,100039,100,99993,100,100050,100,99978,100,100061,100,99964,100,100066,100,99959,100,100078,100,99952,100,100086,100,99949,100,100106,100,99945,100
2019-06-28 09:30:00.000000071,100017,300,100008,200,100020,200,100007,100,100027,100,100004,100,100039,100,99993,100,100050,100,99978,100,100061,100,99964,100,100066,100,99959,100,100073,100,99952,100,100078,100,99949,100,100086,100,99945,100
2019-06-28 09:30:00.000000073,100017,300,100008,200,100020,200,100007,100,100027,100,100004,100,100039,100,99993,100,100043,100,99978,100,100050,100,99964,100,100061,100,99959,100,100066,100,99952,100,100073,100,99949,100,100078,100,99945,100
2019-06-28 09:30:00.000000074,100017,400,100008,200,100020,200,100007,100,100027,100,100004,100,100039,100,99993,100,100043,100,99978,100,100050,100,99964,100,100061,100,99959,100,100066,100,99952,100,100073,100,99949,100,100078,100,99945,100
2019-06-28 09:30:00.000000076,100017,400,100008,300,100020,200,100007,100,100027,100,100004,100,100039,100,99993,100,100043,100,99978,100,100050,100,99964,100,100061,100,99959,100,100066,100,99952,100,100073,100,99949,100,100078,100,99945,100
2019-06-28 09:30:00.000000077,100017,300,100008,300,100020,200,100007,100,100027,100,100004,100,100039,100,99993,100,100043,100,99978,100,100050,100,99964,100,100061,100,99959,100,100066,100,99952,100,100073,100,99949,100,100078,100,99945,100
2019-06-28 09:30:00.000000078,100017,300,100008,200,100020,200,100007,100,100027,100,100004,100,100039,100,99993,100,100043,100,99978,100,100050,100,99964,100,100061,100,99959,100,100066,100,99952,100,100073,100,99949,100,100078,100,99945,100
2019-06-28 09:30:00.000000080,100017,300,100008,200,100020,200,100007,100,100027,100,100004,100,100039,100,99993,100,100043,100,99978,100,100050,100,99964,100,100061,100,99959,100,100066,100,99952,100,100073,100,99949,100,100078,100,99945,100
2019-06-28 09:30:00.000000082,100017,300,100008,200,100020,200,100007,100,100027,100,100004,100,100039,100,99993,100,100043,100,99978,100,100050,100,99964,100,100061,100,99959,100,100066,100,99952,100,100073,100,99949,100,100078,100,99945,100
2019-06-28 09:30:00.000000083,100016,100,100008,200,100017,300,100007,100,100020,200,100004,100,100027,100,99993,100,100039,100,99978,100,100043,100,99964,100,100050,100,99959,100,100061,100,99952,100,100066,100,99949,100,100073,100,99945,100
2019-06-28 09:30:00.000000084,100016,200,100008,200,100017,300,100007,100,100020,200,100004,100,100027,100,99993,100,100039,100,99978,100,100043,100,99964,100,100050,100,99959,100,100061,100,99952,100,100066,100,99949,100,100073,100,99945,100
2019-06-28 09:30:00.000000085,100016,200,100008,200,100017,300,100007,100,100020,200,100004,100,100027,100,99993,100,100039,100,99978,100,100043,100,99964,100,100050,100,99959,100,100061,100,99952,100,100066,100,99949,100,100073,100,99945,100
2019-06-28 09:30:00.000000087,100016,200,100008,200,100017,300,100007,100,100020,200,100004,100,100027,100,99993,100,100039,100,99978,100,100043,100,99964,100,100050,100,99959,100,100061,100,99952,100,100066,100,99949,100,100073,100,99945,100
2019-06-28 09:30:00.000000088,100016,200,100008,100,100017,300,100007,100,100020,200,100004,100,100027,100,99993,100,100039,100,99978,100,100043,100,99964,100,100050,100,99959,100,100061,100,99952,100,100066,100,99949,100,100073,100,99945,100
2019-06-28 09:30:00.000000089,100016,200,100008,100,100017,300,100007,100,100020,200,100004,100,100027,100,99993,200,100039,100,99978,100,100043,100,99964,100,100050,100,99959,100,100061,100,99952,100,100066,100,99949,100,100073,100,99945,100
2019-06-28 09:30:00.000000090,100016,200,100008,200,100017,300,100007,100,100020,200,100004,100,100027,100,99993,200,100039,100,99978,100,100043,100,99964,100,100050,100,99959,100,100061,100,99952,100,100066,100,99949,100,100073,100,99945,100
2019-06-28 09:30:00.000000096,100016,200,100008,200,100017,300,100007,100,100020,200,100004,100,100027,100,99993,200,100039,100,99978,100,100043,100,99964,100,100050,100,99959,100,100061,100,99952,100,100066,100,99949,100,100073,100,99945,100
2019-06-28 09:30:00.000000098,100016,200,100008,300,100017,300,100007,100,100020,200,100004,100,100027,100,99993,200,100039,100,99978,100,100043,100,99964,100,100050,100,99959,100,100061,100,99952,100,100066,100,99949,100,100073,100,99945,100
2019-06-28 09:30:10.000000000,100016,282,100008,382,100017,382,100007,182,100020,282,100004,182,100027,182,99993,282,100039,100,99978,100,100043,100,99964,100,100050,100,99959,100,100061,100,99952,100,100066,100,99949,100,100073,100,99945,100
2019-06-28 09:30:20.000000000,100016,530,100008,630,100017,300,100007,100,100020,200,100004,100,100027,100,99993,200,100039,100,99978,100,100043,100,99964,100,100050,100,99959,100,100061,100,99952,100,100066,100,99949,100,100073,100,99945,100
2019-06-28 09:30:30.000000000,100016,530,100008,630,100017,300,100007,100,100020,200,100004,100,100027,100,99993,200,100039,100,99978,100,100043,100,99964,100,100050,100,99959,100,100061,100,99952,100,100066,100,99949,100,100073,100,99945,100
2019-06-28 09:30:32.513730530,100016,530,100008,730,100017,300,100007,100,100020,200,100004,100,100027,100,99993,200,100039,100,99978,100,100043,100,99964,100,100050,100,99959,100,100061,100,99952,100,100066,100,99949,100,100073,100,99945,100
2019-06-28 09:30:40.000000000,100016,282,100008,482,100017,382,100007,182,100020,282,100004,182,100027,182,99993,282,100039,100,99978,100,100043,100,99964,100,100050,100,99959,100,100061,100,99952,100,100066,100,99949,100,100073,100,99945,100
2019-06-28 09:30:50.000000000,100016,266,100008,466,100017,366,100007,166,100020,266,100004,166,100027,166,99993,266,100039,166,99978,166,100043,100,99964,100,100050,100,99959,100,100061,100,99952,100,100066,100,99949,100,100073,100,99945,100
2019-06-28 09:30:52.714233938,100016,266,100008,466,100017,366,100007,166,100020,266,100004,166,100027,166,99993,266,100039,166,99978,166,100043,100,99964,100,100050,100,99959,100,100061,100,99952,100,100066,100,99949,100,100073,100,99945,100
2019-06-28 09:31:00.000000000,100016,530,100008,730,100017,300,100007,100,100020,200,100004,100,100027,100,99993,200,100039,100,99978,100,100043,100,99964,100,100050,100,99959,100,100061,100,99952,100,100066,100,99949,100,100073,100,99945,100
2019-06-28 09:31:02.295278640,100016,530,100008,730,100017,300,100007,100,100020,200,100004,100,100027,100,99993,200,100039,100,99978,100,100043,100,99964,100,100050,100,99959,100,100061,100,99952,100,100066,100,99949,100,100073,100,99945,100
2019-06-28 09:31:02.434017269,100016,530,100008,730,100017,300,100007,100,100020,200,100004,100,100027,100,99993,200,100039,100,99978,100,100043,100,99964,100,100050,100,99952,100,100061,100,99949,100,100066,100,99945,100,100073,100,99939,100
2019-06-28 09:31:10.000000000,100016,530,100008,730,100017,300,100007,100,100020,200,100004,100,100027,100,99993,200,100039,100,99978,100,100043,100,99964,100,100050,100,99952,100,100061,100,99949,100,100066,100,99945,100,100073,100,99939,100
2019-06-28 09:31:20.000000000,100016,530,100008,730,100017,300,100007,100,100020,200,100004,100,100027,100,99993,200,100039,100,99978,100,100043,100,99964,100,100050,100,99952,100,100061,100,99949,100,100066,100,99945,100,100073,100,99939,100
2019-06-28 09:31:27.807502301,100016,530,100008,730,100017,300,100007,100,100020,200,100004,100,100027,100,99993,200,100039,100,99978,100,100043,100,99964,100,100050,100,99952,100,100061,100,99949,100,100066,100,99945,100,100073,100,99939,100
2019-06-28 09:31:30.000000000,100016,312,100008,512,100017,409,100007,209,100020,309,100004,209,100027,100,99993,200,100039,100,99978,100,100043,100,99964,100,100050,100,99952,100,100061,100,99949,100,100066,100,99945,100,100073,100,99939,100
2019-06-28 09:31:40.000000000,100016,530,100008,730,100017,300,100007,100,100020,200,100004,100,100027,100,99993,200,100039,100,99978,100,100043,100,99964,100,100050,100,99952,100,100061,100,99949,100,100066,100,99945,100,100073,100,99939,100
2019-06-28 09:31:43.780154857,100016,530,100008,730,100017,300,100007,100,100020,100,100004,100,100027,100,99993,200,100039,100,99978,100,100043,100,99964,100,100050,100,99952,100,100061,100,99949,100,100066,100,99945,100,100073,100,99939,100
2019-06-28 09:31:50.000000000,100016,282,100008,482,100017,382,100007,182,100020,182,100004,182,100027,182,99993,282,100039,100,99978,100,100043,100,99964,100,100050,100,99952,100,100061,100,99949,100,100066,100,99945,100,100073,100,99939,100
2019-06-28 09:32:00.000000000,100016,266,100008,466,100017,366,100007,166,100020,166,100004,166,100027,166,99993,266,100039,166,99978,166,100043,100,99964,100,100050,100,99952,100,100061,100,99949,100,100066,100,99945,100,100073,100,99939,100
2019-06-28 09:32:07.969657426,100016,166,100008,466,100017,366,100007,166,100020,166,100004,166,100027,166,99993,166,100039,166,99978,166,100043,100,99964,100,100050,100,99952,100,100061,100,99949,100,100066,100,99945,100,100073,100,99939,100
2019-06-28 09:32:10.000000000,100016,212,100008,512,100017,409,100007,209,100020,209,100004,209,100027,100,99993,100,100039,100,99978,100,100043,100,99964,100,100050,100,99952,100,100061,100,99949,100,100066,100,99945,100,100073,100,99939,100
2019-06-28 09:32:17.614837351,100016,112,100008,512,100017,409,100007,209,100020,209,100004,209,100027,100,99993,100,100039,100,99978,100,100043,100,99964,100,100050,100,99952,100,100061,100,99949,100,100066,100,99945,100,100073,100,99939,100
2019-06-28 09:32:20.000000000,100017,630,100008,730,100020,100,100007,100,100027,100,100004,100,100039,100,99993,100,100043,100,99978,100,100050,100,99964,100,100061,100,99952,100,100066,100,99949,100,100073,100,99945,100,100077,100,99939,100
2019-06-28 09:32:23.444402664,100017,630,100016,100,100020,100,100008,730,100027,100,100007,100,100039,100,100004,100,100043,100,99993,100,100050,100,99978,100,100061,100,99964,100,100066,100,99952,100,100073,100,99949,100,100077,100,99945,100
2019-06-28 09:32:25.046756923,100017,630,100016,200,100020,100,100008,730,100027,100,100007,100,100039,100,100004,100,100043,100,99993,100,100050,100,99978,100,100061,100,99964,100,100066,100,99952,100,100073,100,99949,100,100077,100,99945,100
2019-06-28 09:32:30.000000000,100017,630,100016,530,100020,100,100008,400,100027,100,100007,100,100039,100,100004,100,100043,100,99993,100,100050,100,99978,100,100061,100,99964,100,100066,100,99952,100,100073,100,99949,100,100077,100,99945,100
2019-06-28 09:32:37.439534815,100017,530,100016,530,100020,100,100008,400,100027,100,100007,100,100039,100,100004,100,100043,100,99993,100,100050,100,99978,100,100061,100,99964,100,100066,100,99952,100,100073,100,99949,100,100077,100,99945,100
2019-06-28 09:32:40.000000000,100017,266,100016,266,100020,166,100008,466,100027,166,100007,166,100039,166,100004,166,100043,166,99993,166,100050,100,99978,100,100061,100,99964,100,100066,100,99952,100,100073,100,99949,100,100077,100,99945,100
2019-06-28 09:32:50.000000000,100017,282,100016,282,100020,182,100008,482,100027,182,100007,182,100039,182,100004,182,100043,100,99993,100,100050,100,99978,100,100061,100,99964,100,100066,100,99952,100,100073,100,99949,100,100077,100,99945,100
2019-06-28 09:32:53.011273853,100017,182,100016,282,100020,182,100008,482,100027,182,100007,182,100039,182,100004,182,100043,100,99993,100,100050,100,99978,100,100061,100,99964,100,100066,100,99952,100,100073,100,99949,100,100077,100,99945,100
2019-06-28 09:33:00.000000000,100017,265,100016,365,100020,265,100008,565,100027,100,100007,100,100039,100,100004,100,100043,100,99993,100,100050,100,99978,100,100061,100,99964,100,100066,100,99952,100,100073,100,99949,100,100077,100,99945,100
2019-06-28 09:33:00.251450513,100017,265,100016,365,100020,265,100008,565,100027,100,100007,100,100039,100,100004,100,100043,100,99993,100,100050,100,99978,100,100061,100,99964,100,100066,100,99952,100,100073,100,99949,100,100077,100,99939,100
2019-06-28 09:33:10.000000000,100017,212,100016,312,100020,209,100008,509,100027,209,100007,209,100039,100,100004,100,100043,100,99993,100,100050,100,99978,100,100061,100,99964,100,100066,100,99952,100,100073,100,99949,100,100077,100,99939,100
2019-06-28 09:33:11.104354291,100017,112,100016,312,100020,209,100008,509,100027,209,100007,209,100039,100,100004,100,100043,100,99993,100,100050,100,99978,100,100061,100,99964,100,100066,100,99952,100,100073,100,99949,100,100077,100,99939,100
2019-06-28 09:33:20.000000000,100020,212,100016,312,100027,209,100008,509,100039,209,100007,209,100043,100,100004,100,100050,100,99993,100,100061,100,99978,100,100066,100,99964,100,100073,100,99952,100,100077,100,99949,100,100078,100,99939,100
2019-06-28 09:33:23.615995002,100020,212,100017,100,100027,209,100016,312,100039,209,100008,509,100043,100,100007,209,100050,100,100004,100,100061,100,99993,100,100066,100,99978,100,100073,100,99964,100,100077,100,99952,100,100078,100,99949,100
2019-06-28 09:33:26.147091019,100020,112,100017,100,100027,209,100016,312,100039,209,100008,509,100043,100,100007,209,100050,100,100004,100,100061,100,99993,100,100066,100,99978,100,100073,100,99964,100,100077,100,99952,100,100078,100,99949,100
2019-06-28 09:33:28.529551565,100020,112,100018,100,100027,209,100017,100,100039,209,100016,312,100043,100,100008,509,100050,100,100007,209,100061,100,100004,100,100066,100,99993,100,100073,100,99978,100,100077,100,99964,100,100078,100,99952,100
2019-06-28 09:33:30.000000000,100027,166,100018,166,100039,166,100017,166,100043,166,100016,266,100050,166,100008,466,100061,166,100007,166,100066,100,100004,100,100073,100,99993,100,100077,100,99978,100,100078,100,99964,100,100086,100,99952,100
2019-06-28 09:33:34.243475183,100027,66,100018,166,100039,166,100017,166,100043,166,100016,266,100050,166,100008,466,100061,166,100007,166,100066,100,100004,100,100077,100,99993,100,100078,100,99978,100,100086,100,99964,100,100090,100,99952,100
2019-06-28 09:33:40.000000000,100039,182,100018,182,100043,182,100017,182,100050,182,100016,282,100061,182,100008,482,100066,100,100007,100,100077,100,100004,100,100078,100,99993,100,100086,100,99978,100,100090,100,99964,100,100104,100,99952,100
2019-06-28 09:33:44.237945482,100039,182,100020,100,100043,182,100018,182,100050,182,100017,182,100061,182,100016,282,100066,100,100008,482,100077,100,100007,100,100078,100,99993,100,100086,100,99978,100,100090,100,99964,100,100104,100,99952,100
2019-06-28 09:33:45.656653657,100039,82,100020,100,100043,182,100018,182,100050,182,100017,182,100061,182,100016,282,100066,100,100008,482,100077,100,100007,100,100078,100,99993,100,100086,100,99978,100,100090,100,99964,100,100104,100,99952,100
2019-06-28 09:33:50.000000000,100043,182,100020,182,100050,182,100018,182,100061,182,100017,182,100066,182,100016,282,100077,100,100008,400,100078,100,100007,100,100086,100,99993,100,100090,100,99978,100,100104,100,99964,100,100113,100,99952,100
2019-06-28 09:34:00.000000000,100043,166,100020,166,100050,166,100018,166,100061,166,100017,166,100066,166,100016,266,100077,166,100008,466,100078,100,100007,100,100086,100,99993,100,100090,100,99978,100,100104,100,99964,100,100113,100,99952,100
2019-06-28 09:34:10.000000000,100043,265,100020,265,100050,265,100018,265,100061,100,100017,100,100066,100,100016,200,100077,100,100008,400,100078,100,100007,100,100086,100,99993,100,100090,100,99978,100,100104,100,99964,100,100113,100,99952,100
2019-06-28 09:34:20.000000000,100043,166,100020,166,100050,166,100018,166,100061,166,100017,166,100066,166,100016,266,100077,166,100008,466,100078,100,100007,100,100086,100,99993,100,100090,100,99978,100,100104,100,99964,100,100113,100,99952,100
2019-06-28 09:34:24.638906717,100043,166,100020,166,100050,66,100018,166,100061,166,100017,166,100066,166,100016,266,100077,166,100008,466,100078,100,100007,100,100086,100,99993,100,100090,100,99978,100,100104,100,99964,100,100113,100,99952,100
2019-06-28 09:34:30.000000000,100043,182,100020,182,100061,182,100018,182,100066,182,100017,182,100077,182,100016,282,100078,100,100008,400,100086,100,100007,100,100090,100,99993,100,100104,100,99978,100,100113,100,99964,100,100146,100,99952,100
2019-06-28 09:34:34.755958151,100043,182,100027,100,100061,182,100020,182,100066,182,100018,182,100077,182,100017,182,100078,100,100016,282,100086,100,100008,400,100090,100,100007,100,100104,100,99993,100,100113,100,99978,100,100146,100,99964,100
2019-06-28 09:34:35.613471161,100043,182,100027,100,100061,182,100020,182,100066,182,100018,182,100077,182,100017,182,100078,100,100016,282,100086,100,100008,300,100090,100,100007,100,100104,100,99993,100,100113,100,99978,100,100146,100,99964,100
2019-06-28 09:34:40.000000000,100043,182,100027,182,100061,182,100020,182,100066,182,100018,182,100077,182,100017,182,100078,100,100016,200,100086,100,100008,300,100090,100,100007,100,100104,100,99993,100,100113,100,99978,100,100146,100,99964,100
2019-06-28 09:34:43.730079155,100043,82,100027,182,100061,182,100020,182,100066,182,100018,182,100077,182,100017,182,100078,100,100016,200,100086,100,100008,300,100090,100,100007,100,100104,100,99993,100,100113,100,99978,100,100146,100,99964,100
2019-06-28 09:34:50.000000000,100061,430,100027,430,100066,100,100020,100,100077,100,100018,100,100078,100,100017,100,100086,100,100016,200,100090,100,100008,300,100104,100,100007,100,100113,100,99993,100,100146,100,99978,100,100230,100,99964,100
2019-06-28 09:34:55.698618009,100061,430,100027,430,100066,100,100020,100,100077,100,100018,100,100078,100,100017,100,100086,100,100016,200,100090,100,100008,200,100104,100,100007,100,100113,100,99993,100,100146,100,99978,100,100230,100,99964,100
2019-06-28 09:35:00.000000000,100061,166,100027,166,100066,166,100020,166,100077,166,100018,166,100078,166,100017,166,100086,166,100016,266,100090,100,100008,200,100104,100,100007,100,100113,100,99993,100,100146,100,99978,100,100230,100,99964,100
2019-06-28 09:35:05.926988763,100061,166,100027,166,100066,166,100020,166,100077,166,100018,166,100078,166,100017,166,100086,166,100016,266,100090,100,100008,200,100104,100,100007,100,100113,100,99993,100,100146,100,99978,100,100230,100,99964,100
2019-06-28 09:35:10.000000000,100061,182,100027,182,100066,182,100020,182,100077,182,100018,182,100078,182,100017,182,100086,100,100016,200,100090,100,100008,200,100104,100,100007,100,100113,100,99993,100,100146,100,99978,100,100230,100,99964,100
2019-06-28 09:35:14.045770729,100061,182,100027,82,100066,182,100020,182,100077,182,100018,182,100078,182,100017,182,100086,100,100016,200,100090,100,100008,200,100104,100,100007,100,100113,100,99993,100,100146,100,99978,100,100230,100,99964,100
2019-06-28 09:35:20.000000000,100061,166,100020,166,100066,166,100018,166,100077,166,100017,166,100078,166,100016,266,100086,166,100008,266,100090,100,100007,100,100104,100,99993,100,100113,100,99978,100,100146,100,99964,100,100230,100,99952,100
2019-06-28 09:35:23.788793955,100061,166,100020,166,100066,166,100018,166,100077,166,100017,166,100078,166,100016,266,100086,166,100008,266,100090,100,100007,100,100104,100,99993,100,100106,100,99978,100,100113,100,99964,100,100146,100,99952,100
2019-06-28 09:35:29.008822452,100061,166,100020,166,100066,166,100018,166,100077,166,100017,166,100078,166,100016,266,100086,166,100008,266,100090,100,100007,100,100104,100,99993,100,100106,100,99978,100,100113,100,99964,100,100146,100,99952,100
2019-06-28 09:35:30.000000000,100061,182,100020,182,100066,182,100018,182,100077,182,100017,182,100078,182,100016,282,100086,100,100008,200,100090,100,100007,100,100104,100,99993,100,100106,100,99978,100,100113,100,99964,100,100146,100,99952,100
2019-06-28 09:35:40.000000000,100061,430,100020,430,100066,100,100018,100,100077,100,100017,100,100078,100,100016,200,100086,100,100008,200,100090,100,100007,100,100104,100,99993,100,100106,100,99978,100,100113,100,99964,100,100146,100,99952,100
2019-06-28 09:35:50.000000000,100061,430,100020,430,100066,100,100018,100,100077,100,100017,100,100078,100,100016,200,100086,100,100008,200,100090,100,100007,100,100104,100,99993,100,100106,100,99978,100,100113,100,99964,100,100146,100,99952,100
2019-06-28 09:35:54.510949723,100061,430,100020,430,100066,100,100018,100,100077,100,100017,100,100078,100,100016,200,100086,100,100008,200,100090,100,100007,100,100104,100,99993,100,100106,100,99978,100,100113,100,99964,100,100146,100,99949,100
2019-06-28 09:35:58.238064660,100061,330,100020,430,100066,100,100018,100,100077,100,100017,100,100078,100,100016,200,100086,100,100008,200,100090,100,100007,100,100104,100,99993,100,100106,100,99964,100,100113,100,99949,100,100146,100,99939,100
2019-06-28 09:35:59.418664042,100061,330,100020,430,100066,100,100018,100,100077,100,100017,100,100078,100,100016,200,100086,100,100008,200,100090,100,100007,100,100104,100,99993,100,100106,100,99964,100,100113,100,99949,100,100146,100,99939,100
2019-06-28 09:36:00.000000000,100066,212,100020,212,100077,209,100018,209,100078,209,100017,209,100086,100,100016,200,100090,100,100008,200,100104,100,100007,100,100106,100,99993,100,100113,100,99964,100,100146,100,99949,100,100182,100,99939,100
2019-06-28 09:36:09.142297310,100066,112,100020,212,100077,209,100018,209,100078,209,100017,209,100086,100,100016,200,100090,100,100008,200,100104,100,100007,100,100106,100,99993,100,100113,100,99964,100,100146,100,99949,100,100182,100,99939,100
2019-06-28 09:36:10.000000000,100077,182,100020,182,100078,182,100018,182,100086,182,100017,182,100090,182,100016,282,100104,100,100008,200,100106,100,100007,100,100113,100,99993,100,100146,100,99964,100,100182,100,99949,100,100230,100,99939,100
2019-06-28 09:36:20.000000000,100077,212,100020,212,100078,209,100018,209,100086,209,100017,209,100090,100,100016,200,100104,100,100008,200,100106,100,100007,100,100113,100,99993,100,100146,100,99964,100,100182,100,99949,100,100230,100,99939,100
2019-06-28 09:36:30.000000000,100077,430,100020,430,100078,100,100018,100,100086,100,100017,100,100090,100,100016,200,100104,100,100008,200,100106,100,100007,100,100113,100,99993,100,100146,100,99964,100,100182,100,99949,100,100230,100,99939,100
2019-06-28 09:36:40.000000000,100077,212,100020,212,100078,209,100018,209,100086,209,100017,209,100090,100,100016,200,100104,100,100008,200,100106,100,100007,100,100113,100,99993,100,100146,100,99964,100,100182,100,99949,100,100230,100,99939,100
2019-06-28 09:36:50.000000000,100077,212,100020,212,100078,209,100018,209,100086,209,100017,209,100090,100,100016,200,100104,100,100008,200,100106,100,100007,100,100113,100,99993,100,100146,100,99964,100,100182,100,99949,100,100230,100,99939,100
2019-06-28 09:37:00.000000000,100077,182,100020,182,100078,182,100018,182,100086,182,100017,182,100090,182,100016,282,100104,100,100008,200,100106,100,100007,100,100113,100,99993,100,100146,100,99964,100,100182,100,99949,100,100230,100,99939,100
2019-06-28 09:37:03.886079022,100077,182,100020,182,100078,182,100018,182,100086,182,100017,182,100090,182,100016,182,100104,100,100008,200,100106,100,100007,100,100113,100,99993,100,100146,100,99964,100,100182,100,99949,100,100230,100,99939,100
2019-06-28 09:37:09.252952955,100077,182,100061,100,100078,182,100020,182,100086,182,100018,182,100090,182,100017,182,100104,100,100016,182,100106,100,100008,200,100113,100,100007,100,100146,100,99993,100,100182,100,99964,100,100230,100,99949,100
2019-06-28 09:37:10.000000000,100077,182,100061,182,100078,182,100020,182,100086,182,100018,182,100090,182,100017,182,100104,100,100016,100,100106,100,100008,200,100113,100,100007,100,100146,100,99993,100,100182,100,99964,100,100230,100,99949,100
2019-06-28 09:37:18.305576373,100077,182,100061,282,100078,182,100020,182,100086,182,100018,182,100090,182,100017,182,100104,100,100016,100,100106,100,100008,200,100113,100,100007,100,100146,100,99993,100,100182,100,99964,100,100230,100,99949,100
2019-06-28 09:37:20.000000000,100077,212,100061,312,100078,209,100020,209,100086,209,100018,209,100090,100,100017,100,100104,100,100016,100,100106,100,100008,200,100113,100,100007,100,100146,100,99993,100,100182,100,99964,100,100230,100,99949,100
2019-06-28 09:37:20.692268677,100077,212,100061,412,100078,209,100020,209,100086,209,100018,209,100090,100,100017,100,100104,100,100016,100,100106,100,100008,200,100113,100,100007,100,100146,100,99993,100,100182,100,99964,100,100230,100,99949,100
2019-06-28 09:37:22.318353091,100077,212,100061,412,100078,209,100020,209,100086,209,100018,209,100090,100,100017,100,100104,100,100016,100,100106,100,100008,200,100113,100,100007,100,100146,100,99993,100,100182,100,99964,100,100230,100,99949,100
2019-06-28 09:37:24.255522901,100077,212,100061,412,100078,209,100020,209,100086,209,100018,209,100090,100,100017,100,100104,100,100016,100,100106,100,100008,200,100113,100,99993,100,100146,100,99964,100,100182,100,99949,100,100230,100,99939,100
2019-06-28 09:37:30.000000000,100077,212,100061,412,100078,209,100020,209,100086,209,100018,209,100090,100,100017,100,100104,100,100016,100,100106,100,100008,200,100113,100,99993,100,100146,100,99964,100,100182,100,99949,100,100230,100,99939,100
2019-06-28 09:37:40.000000000,100077,212,100061,412,100078,209,100020,209,100086,209,100018,209,100090,100,100017,100,100104,100,100016,100,100106,100,100008,200,100113,100,99993,100,100146,100,99964,100,100182,100,99949,100,100230,100,99939,100
2019-06-28 09:37:50.000000000,100077,265,100061,465,100078,265,100020,265,100086,100,100018,100,100090,100,100017,100,100104,100,100016,100,100106,100,100008,200,100113,100,99993,100,100146,100,99964,100,100182,100,99949,100,100230,100,99939,100
2019-06-28 09:38:00.000000000,100077,182,100061,382,100078,182,100020,182,100086,182,100018,182,100090,182,100017,182,100104,100,100016,100,100106,100,100008,200,100113,100,99993,100,100146,100,99964,100,100182,100,99949,100,100230,100,99939,100
2019-06-28 09:38:10.000000000,100077,212,100061,412,100078,209,100020,209,100086,209,100018,209,100090,100,100017,100,100104,100,100016,100,100106,100,100008,200,100113,100,99993,100,100146,100,99964,100,100182,100,99949,100,100230,100,99939,100
2019-06-28 09:38:20.000000000,100077,212,100061,412,100078,209,100020,209,100086,209,100018,209,100090,100,100017,100,100104,100,100016,100,100106,100,100008,200,100113,100,99993,100,100146,100,99964,100,100182,100,99949,100,100230,100,99939,100
2019-06-28 09:38:30.000000000,100077,265,100061,465,100078,265,100020,265,100086,100,100018,100,100090,100,100017,100,100104,100,100016,100,100106,100,100008,200,100113,100,99993,100,100146,100,99964,100,100182,100,99949,100,100230,100,99939,100
2019-06-28 09:38:34.089187041,100077,265,100061,465,100078,265,100020,265,100090,100,100018,100,100104,100,100017,100,100106,100,100016,100,100113,100,100008,200,100146,100,99993,100,100182,100,99964,100,100230,100,99949,100,100294,100,99939,100
2019-06-28 09:38:40.000000000,100077,166,100061,366,100078,166,100020,166,100090,166,100018,166,100104,166,100017,166,100106,166,100016,166,100113,100,100008,200,100146,100,99993,100,100182,100,99964,100,100230,100,99949,100,100294,100,99939,100
2019-06-28 09:38:50.000000000,100077,265,100061,465,100078,265,100020,265,100090,100,100018,100,100104,100,100017,100,100106,100,100016,100,100113,100,100008,200,100146,100,99993,100,100182,100,99964,100,100230,100,99949,100,100294,100,99939,100
2019-06-28 09:38:51.254817708,100077,265,100061,465,100078,265,100020,265,100090,100,100018,100,100104,100,100017,100,100106,100,100016,100,100113,100,100008,200,100146,100,99993,100,100182,100,99964,100,100230,100,99949,100,100294,100,99939,100
2019-06-28 09:39:00.000000000,100077,265,100061,465,100078,265,100020,265,100090,100,100018,100,100104,100,100017,100,100106,100,100016,100,100113,100,100008,200,100146,100,99993,100,100182,100,99964,100,100230,100,99949,100,100294,100,99939,100
2019-06-28 09:39:10.000000000,100077,430,100061,630,100078,100,100020,100,100090,100,100018,100,100104,100,100017,100,100106,100,100016,100,100113,100,100008,200,100146,100,99993,100,100182,100,99964,100,100230,100,99949,100,100294,100,99939,100
2019-06-28 09:39:12.562780674,100077,430,100061,630,100078,100,100020,100,100090,100,100018,100,100104,100,100017,100,100106,100,100016,100,100113,100,100008,200,100146,100,99993,100,100182,100,99964,100,100230,100,99949,100,100294,100,99939,100
2019-06-28 09:39:14.406687716,100077,430,100061,630,100078,100,100020,100,100090,100,100018,100,100104,100,100017,100,100106,100,100016,100,100113,100,100008,200,100146,100,99993,100,100182,100,99964,100,100230,100,99949,100,100294,100,99939,100
2019-06-28 09:39:20.000000000,100077,182,100061,382,100078,182,100020,182,100090,182,100018,182,100104,182,100017,182,100106,100,100016,100,100113,100,100008,200,100146,100,99993,100,100182,100,99964,100,100230,100,99949,100,100294,100,99939,100
2019-06-28 09:39:30.000000000,100077,212,100061,412,100078,209,100020,209,100090,209,100018,209,100104,100,100017,100,100106,100,100016,100,100113,100,100008,200,100146,100,99993,100,100182,100,99964,100,100230,100,99949,100,100294,100,99939,100
2019-06-28 09:39:38.402031502,100077,212,100061,412,100078,209,100020,209,100090,209,100018,209,100104,100,100017,100,100106,100,100016,100,100113,100,100008,200,100146,100,99993,100,100182,100,99964,100,100230,100,99939,100,100294,100,99936,100
2019-06-28 09:39:40.000000000,100077,265,100061,465,100078,265,100020,265,100090,100,100018,100,100104,100,100017,100,100106,100,100016,100,100113,100,100008,200,100146,100,99993,100,100182,100,99964,100,100230,100,99939,100,100294,100,99936,100
2019-06-28 09:39:50.000000000,100077,166,100061,366,100078,166,100020,166,100090,166,100018,166,100104,166,100017,166,100106,166,100016,166,100113,100,100008,200,100146,100,99993,100,100182,100,99964,100,100230,100,99939,100,100294,100,99936,100
2019-06-28 09:39:52.925732513,100077,166,100061,366,100078,166,100020,166,100090,166,100018,166,100104,166,100017,166,100106,166,100016,166,100113,100,100008,200,100146,100,99993,100,100182,100,99964,100,100230,100,99939,100,100294,100,99936,100
2019-06-28 09:39:59.361503336,100077,66,100061,366,100078,166,100020,166,100090,166,100018,166,100104,166,100017,166,100106,166,100016,166,100113,100,100008,200,100146,100,99993,100,100182,100,99964,100,100230,100,99939,100,100294,100,99936,100
2019-06-28 09:40:00.000000000,100078,265,100061,465,100090,265,100020,265,100104,100,100018,100,100106,100,100017,100,100113,100,100016,100,100146,100,100008,200,100182,100,99993,100,100230,100,99964,100,100294,100,99939,100,100305,100,99936,100
2019-06-28 09:40:01.118426479,100078,265,100061,465,100090,265,100020,265,100104,100,100018,100,100106,100,100017,100,100113,100,100016,100,100146,100,100008,200,100182,100,99993,100,100230,100,99964,100,100294,100,99939,100,100305,100,99936,100
2019-06-28 09:40:01.907707189,100078,265,100061,465,100090,265,100020,265,100104,100,100018,100,100106,100,100017,100,100113,100,100016,100,100146,100,100008,200,100182,100,99993,100,100230,100,99964,100,100294,100,99936,100,100305,100,99915,100
2019-06-28 09:40:10.000000000,100078,265,100061,465,100090,265,100020,265,100104,100,100018,100,100106,100,100017,100,100113,100,100016,100,100146,100,100008,200,100182,100,99993,100,100230,100,99964,100,100294,100,99936,100,100305,100,99915,100
2019-06-28 09:40:11.021873034,100065,100,100061,465,100078,265,100020,265,100090,265,100018,100,100104,100,100017,100,100106,100,100016,100,100113,100,100008,200,100146,100,99993,100,100182,100,99964,100,100230,100,99936,100,100294,100,99915,100
2019-06-28 09:40:20.000000000,100065,182,100061,382,100078,182,100020,182,100090,182,100018,182,100104,182,100017,182,100106,100,100016,100,100113,100,100008,200,100146,100,99993,100,100182,100,99964,100,100230,100,99936,100,100294,100,99915,100
2019-06-28 09:40:25.781110846,100065,182,100061,382,100078,182,100041,100,100090,182,100020,182,100104,182,100018,182,100106,100,100017,182,100113,100,100016,100,100146,100,100008,200,100182,100,99993,100,100230,100,99936,100,100294,100,99915,100
2019-06-28 09:40:30.000000000,100065,212,100061,412,100078,209,100041,209,100090,209,100020,209,100104,100,100018,100,100106,100,100017,100,100113,100,100016,100,100146,100,100008,200,100182,100,99993,100,100230,100,99936,100,100294,100,99915,100
2019-06-28 09:40:38.338535841,100065,112,100061,412,100078,209,100041,209,100090,209,100020,209,100104,100,100018,100,100106,100,100017,100,100113,100,100016,100,100146,100,100008,200,100182,100,99993,100,100230,100,99936,100,100294,100,99915,100
2019-06-28 09:40:40.000000000,100078,430,100061,630,100090,100,100041,100,100104,100,100020,100,100106,100,100018,100,100113,100,100017,100,100146,100,100016,100,100182,100,100008,200,100230,100,99993,100,100294,100,99936,100,100305,100,99915,100
2019-06-28 09:40:44.381434762,100078,330,100061,630,100090,100,100041,100,100104,100,100020,100,100106,100,100018,100,100113,100,100017,100,100146,100,100016,100,100182,100,100008,200,100230,100,99993,100,100294,100,99936,100,100305,100,99915,100
2019-06-28 09:40:50.000000000,100090,430,100061,630,100104,100,100041,100,100106,100,100020,100,100113,100,100018,100,100146,100,100017,100,100182,100,100016,100,100230,100,100008,200,100294,100,99993,100,100305,100,99936,100,100333,100,99915,100
2019-06-28 09:40:51.185498379,100090,430,100061,630,100104,100,100041,100,100106,100,100020,100,100146,100,100018,100,100182,100,100017,100,100230,100,100016,100,100294,100,100008,200,100305,100,99993,100,100333,100,99936,100,100349,100,99915,100
2019-06-28 09:41:00.000000000,100090,166,100061,366,100104,166,100041,166,100106,166,100020,166,100146,166,100018,166,100182,166,100017,166,100230,100,100016,100,100294,100,100008,200,100305,100,99993,100,100333,100,99936,100,100349,100,99915,100
2019-06-28 09:41:09.797640052,100090,66,100061,366,100104,166,100041,166,100106,166,100020,166,100146,166,100018,166,100182,166,100017,166,100230,100,100016,100,100294,100,100008,200,100305,100,99993,100,100333,100,99936,100,100349,100,99915,100
2019-06-28 09:41:10.000000000,100104,212,100061,412,100106,209,100041,209,100146,209,100020,209,100182,100,100018,100,100230,100,100017,100,100294,100,100016,100,100305,100,100008,200,100333,100,99993,100,100349,100,99936,100,100353,100,99915,100
2019-06-28 09:41:20.000000000,100104,265,100061,465,100106,265,100041,265,100146,100,100020,100,100182,100,100018,100,100230,100,100017,100,100294,100,100016,100,100305,100,100008,200,100333,100,99993,100,100349,100,99936,100,100353,100,99915,100
2019-06-28 09:41:26.254091866,100104,265,100061,365,100106,265,100041,265,100146,100,100020,100,100182,100,100018,100,100230,100,100017,100,100294,100,100016,100,100305,100,100008,200,100333,100,99993,100,100349,100,99936,100,100353,100,99915,100
2019-06-28 09:41:30.000000000,100104,430,100061,530,100106,100,100041,100,100146,100,100020,100,100182,100,100018,100,100230,100,100017,100,100294,100,100016,100,100305,100,100008,200,100333,100,99993,100,100349,100,99936,100,100353,100,99915,100
2019-06-28 09:41:37.731098317,100104,430,100065,100,100106,100,100061,530,100146,100,100041,100,100182,100,100020,100,100230,100,100018,100,100294,100,100017,100,100305,100,100016,100,100333,100,100008,200,100349,100,99993,100,100353,100,99936,100
2019-06-28 09:41:40.000000000,100104,265,100065,265,100106,265,100061,365,100146,100,100041,100,100182,100,100020,100,100230,100,100018,100,100294,100,100017,100,100305,100,100016,100,100333,100,100008,200,100349,100,99993,100,100353,100,99936,100
2019-06-28 09:41:45.923339352,100104,265,100065,265,100106,265,100061,265,100146,100,100041,100,100182,100,100020,100,100230,100,100018,100,100294,100,100017,100,100305,100,100016,100,100333,100,100008,200,100349,100,99993,100,100353,100,99936,100
2019-06-28 09:41:50.000000000,100104,166,100065,166,100106,166,100061,166,100146,166,100041,166,100182,166,100020,166,100230,166,100018,166,100294,100,100017,100,100305,100,100016,100,100333,100,100008,200,100349,100,99993,100,100353,100,99936,100
2019-06-28 09:41:50.689557008,100104,166,100065,166,100106,166,100061,166,100146,166,100041,166,100182,166,100020,166,100230,166,100018,166,100294,100,100017,100,100333,100,100016,100,100349,100,100008,200,100353,100,99993,100,100419,100,99945,100
2019-06-28 09:42:00.000000000,100104,430,100065,430,100106,100,100061,100,100146,100,100041,100,100182,100,100020,100,100230,100,100018,100,100294,100,100017,100,100333,100,100016,100,100349,100,100008,200,100353,100,99993,100,100419,100,99945,100
2019-06-28 09:42:10.000000000,100104,182,100065,182,100106,182,100061,182,100146,182,100041,182,100182,182,100020,182,100230,100,100018,100,100294,100,100017,100,100333,100,100016,100,100349,100,100008,200,100353,100,99993,100,100419,100,99945,100
2019-06-28 09:42:20.000000000,100104,265,100065,265,100106,265,100061,265,100146,100,100041,100,100182,100,100020,100,100230,100,100018,100,100294,100,100017,100,100333,100,100016,100,100349,100,100008,200,100353,100,99993,100,100419,100,99945,100
2019-06-28 09:42:30.000000000,100104,166,100065,166,100106,166,100061,166,100146,166,100041,166,100182,166,100020,166,100230,166,100018,166,100294,100,100017,100,100333,100,100016,100,100349,100,100008,200,100353,100,99993,100,100419,100,99945,100
2019-06-28 09:42:40.000000000,100104,182,100065,182,100106,182,100061,182,100146,182,100041,182,100182,182,100020,182,100230,100,100018,100,100294,100,100017,100,100333,100,100016,100,100349,100,100008,200,100353,100,99993,100,100419,100,99945,100
2019-06-28 09:42:50.000000000,100104,430,100065,430,100106,100,100061,100,100146,100,100041,100,100182,100,100020,100,100230,100,100018,100,100294,100,100017,100,100333,100,100016,100,100349,100,100008,200,100353,100,99993,100,100419,100,99945,100
2019-06-28 09:43:00.000000000,100104,166,100065,166,100106,166,100061,166,100146,166,100041,166,100182,166,100020,166,100230,166,100018,166,100294,100,100017,100,100333,100,100016,100,100349,100,100008,200,100353,100,99993,100,100419,100,99945,100
2019-06-28 09:43:08.208230057,100104,66,100065,166,100106,166,100061,166,100146,166,100041,166,100182,166,100020,166,100230,166,100018,166,100294,100,100017,100,100333,100,100016,100,100349,100,100008,200,100353,100,99993,100,100419,100,99945,100
2019-06-28 09:43:10.000000000,100106,265,100065,265,100146,265,100061,265,100182,100,100041,100,100230,100,100020,100,100294,100,100018,100,100333,100,100017,100,100349,100,100016,100,100353,100,100008,200,100419,100,99993,100,100467,100,99945,100
2019-06-28 09:43:12.252443481,100106,265,100065,165,100146,265,100061,265,100182,100,100041,100,100230,100,100020,100,100294,100,100018,100,100333,100,100017,100,100349,100,100016,100,100353,100,100008,200,100419,100,99993,100,100467,100,99945,100
2019-06-28 09:43:15.378901508,100106,265,100065,65,100146,265,100061,265,100182,100,100041,100,100294,100,100020,100,100333,100,100018,100,100349,100,100017,100,100353,100,100016,100,100419,100,100008,200,100467,100,99993,100,100639,100,99945,100
2019-06-28 09:43:15.861972104,100106,265,100065,65,100146,265,100061,265,100182,100,100041,100,100294,100,100020,100,100333,100,100018,100,100349,100,100017,100,100353,100,100016,100,100419,100,100008,200,100467,100,99993,100,100639,100,99945,100
2019-06-28 09:43:20.000000000,100106,265,100061,265,100146,265,100041,265,100182,100,100020,100,100294,100,100018,100,100333,100,100017,100,100349,100,100016,100,100353,100,100008,200,100419,100,99993,100,100467,100,99945,100,100639,100,99936,100
2019-06-28 09:43:30.000000000,100106,265,100061,265,100146,265,100041,265,100182,100,100020,100,100294,100,100018,100,100333,100,100017,100,100349,100,100016,100,100353,100,100008,200,100419,100,99993,100,100467,100,99945,100,100639,100,99936,100
2019-06-28 09:43:40.000000000,100106,265,100061,265,100146,265,100041,265,100182,100,100020,100,100294,100,100018,100,100333,100,100017,100,100349,100,100016,100,100353,100,100008,200,100419,100,99993,100,100467,100,99945,100,100639,100,99936,100
2019-06-28 09:43:48.241933149,100106,265,100061,165,100146,265,100041,265,100182,100,100020,100,100294,100,100018,100,100333,100,100017,100,100349,100,100016,100,100353,100,100008,200,100419,100,99945,100,100467,100,99936,100,100639,100,99915,100
2019-06-28 09:43:50.000000000,100106,182,100041,182,100146,182,100020,182,100182,182,100018,182,100294,182,100017,182,100333,100,100016,100,100349,100,100008,200,100353,100,99945,100,100419,100,99936,100,100467,100,99915,100,100639,100,99913,100
2019-06-28 09:44:00.000000000,100106,430,100041,430,100146,100,100020,100,100182,100,100018,100,100294,100,100017,100,100333,100,100016,100,100349,100,100008,200,100353,100,99945,100,100419,100,99936,100,100467,100,99915,100,100639,100,99913,100
2019-06-28 09:44:01.469394334,100106,430,100041,330,100146,100,100020,100,100182,100,100018,100,100294,100,100017,100,100333,100,100016,100,100349,100,100008,200,100353,100,99945,100,100419,100,99936,100,100467,100,99915,100,100639,100,99913,100
2019-06-28 09:44:10.000000000,100106,212,100020,212,100146,209,100018,209,100182,209,100017,209,100294,100,100016,100,100333,100,100008,200,100349,100,99945,100,100353,100,99936,100,100419,100,99915,100,100467,100,99913,100,100639,100,99904,100
2019-06-28 09:44:20.000000000,100106,182,100020,182,100146,182,100018,182,100182,182,100017,182,100294,182,100016,182,100333,100,100008,200,100349,100,99945,100,100353,100,99936,100,100419,100,99915,100,100467,100,99913,100,100639,100,99904,100
2019-06-28 09:44:30.000000000,100106,166,100020,166,100146,166,100018,166,100182,166,100017,166,100294,166,100016,166,100333,166,100008,266,100349,100,99945,100,100353,100,99936,100,100419,100,99915,100,100467,100,99913,100,100639,100,99904,100
2019-06-28 09:44:35.769379880,100106,166,100020,166,100146,166,100018,166,100182,166,100017,166,100294,166,100016,166,100333,166,100008,266,100349,100,99945,100,100353,100,99936,100,100419,100,99915,100,100467,100,99913,100,100639,100,99904,100
2019-06-28 09:44:40.000000000,100106,430,100020,430,100146,100,100018,100,100182,100,100017,100,100294,100,100016,100,100333,100,100008,200,100349,100,99945,100,100353,100,99936,100,100419,100,99915,100,100467,100,99913,100,100639,100,99904,100
2019-06-28 09:44:45.633450820,100106,430,100020,330,100146,100,100018,100,100182,100,100017,100,100294,100,100016,100,100333,100,100008,200,100349,100,99945,100,100353,100,99936,100,100419,100,99915,100,100467,100,99913,100,100639,100,99904,100
2019-06-28 09:44:50.000000000,100106,182,100018,182,100146,182,100017,182,100182,182,100016,182,100294,182,100008,282,100333,100,99945,100,100349,100,99936,100,100353,100,99915,100,100419,100,99913,100,100467,100,99904,100,100639,100,99872,100
2019-06-28 09:45:00.000000000,100106,182,100018,182,100146,182,100017,182,100182,182,100016,182,100294,182,100008,282,100333,100,99945,100,100349,100,99936,100,100353,100,99915,100,100419,100,99913,100,100467,100,99904,100,100639,100,99872,100
2019-06-28 09:45:07.208665958,100106,182,100018,182,100146,182,100017,182,100182,182,100016,182,100294,182,100008,282,100333,100,99945,100,100349,100,99936,100,100353,100,99915,100,100419,100,99913,100,100467,100,99872,100,100639,100,99869,100
2019-06-28 09:45:10.000000000,100106,166,100018,166,100146,166,100017,166,100182,166,100016,166,100294,166,100008,266,100333,166,99945,166,100349,100,99936,100,100353,100,99915,100,100419,100,99913,100,100467,100,99872,100,100639,100,99869,100
2019-06-28 09:45:14.690219202,100106,166,100018,66,100146,166,100017,166,100182,166,100016,166,100294,166,100008,266,100333,166,99945,166,100349,100,99936,100,100353,100,99915,100,100419,100,99913,100,100467,100,99872,100,100639,100,99869,100
2019-06-28 09:45:20.000000000,100106,182,100017,182,100146,182,100016,182,100182,182,100008,282,100294,182,99945,182,100333,100,99936,100,100349,100,99915,100,100353,100,99913,100,100419,100,99872,100,100467,100,99869,100,100639,100,99851,100
2019-06-28 09:45:30.000000000,100106,166,100017,166,100146,166,100016,166,100182,166,100008,266,100294,166,99945,166,100333,166,99936,166,100349,100,99915,100,100353,100,99913,100,100419,100,99872,100,100467,100,99869,100,100639,100,99851,100
2019-06-28 09:45:40.000000000,100106,182,100017,182,100146,182,100016,182,100182,182,100008,282,100294,182,99945,182,100333,100,99936,100,100349,100,99915,100,100353,100,99913,100,100419,100,99872,100,100467,100,99869,100,100639,100,99851,100
2019-06-28 09:45:50.000000000,100106,166,100017,166,100146,166,100016,166,100182,166,100008,266,100294,166,99945,166,100333,166,99936,166,100349,100,99915,100,100353,100,99913,100,100419,100,99872,100,100467,100,99869,100,100639,100,99851,100
2019-06-28 09:46:00.000000000,100106,430,100017,430,100146,100,100016,100,100182,100,100008,200,100294,100,99945,100,100333,100,99936,100,100349,100,99915,100,100353,100,99913,100,100419,100,99872,100,100467,100,99869,100,100639,100,99851,100
2019-06-28 09:46:09.835212244,100106,430,100017,430,100146,100,100016,100,100182,100,100008,200,100294,100,99945,100,100333,100,99936,100,100349,100,99915,100,100353,100,99913,100,100419,100,99872,100,100467,100,99869,100,100639,100,99851,100
2019-06-28 09:46:10.000000000,100106,265,100017,265,100146,265,100016,265,100182,100,100008,200,100294,100,99945,100,100333,100,99936,100,100349,100,99915,100,100353,100,99913,100,100419,100,99872,100,100467,100,99869,100,100639,100,99851,100
2019-06-28 09:46:20.000000000,100106,166,100017,166,100146,166,100016,166,100182,166,100008,266,100294,166,99945,166,100333,166,99936,166,100349,100,99915,100,100353,100,99913,100,100419,100,99872,100,100467,100,99869,100,100639,100,99851,100
2019-06-28 09:46:30.000000000,100106,430,100017,430,100146,100,100016,100,100182,100,100008,200,100294,100,99945,100,100333,100,99936,100,100349,100,99915,100,100353,100,99913,100,100419,100,99872,100,100467,100,99869,100,100639,100,99851,100
2019-06-28 09:46:40.000000000,100106,265,100017,265,100146,265,100016,265,100182,100,100008,200,100294,100,99945,100,100333,100,99936,100,100349,100,99915,100,100353,100,99913,100,100419,100,99872,100,100467,100,99869,100,100639,100,99851,100
2019-06-28 09:46:48.555407940,100106,265,100017,265,100146,265,100016,265,100182,100,100008,200,100294,100,99945,100,100333,100,99936,100,100349,100,99915,100,100353,100,99913,100,100419,100,99872,100,100467,100,99869,100,100639,100,99851,100
2019-06-28 09:46:50.000000000,100106,212,100017,212,100146,209,100016,209,100182,209,100008,309,100294,100,99945,100,100333,100,99936,100,100349,100,99915,100,100353,100,99913,100,100419,100,99872,100,100467,100,99869,100,100639,100,99851,100
2019-06-28 09:47:00.000000000,100106,265,100017,265,100146,265,100016,265,100182,100,100008,200,100294,100,99945,100,100333,100,99936,100,100349,100,99915,100,100353,100,99913,100,100419,100,99872,100,100467,100,99869,100,100639,100,99851,100
2019-06-28 09:47:10.000000000,100106,212,100017,212,100146,209,100016,209,100182,209,100008,309,100294,100,99945,100,100333,100,99936,100,100349,100,99915,100,100353,100,99913,100,100419,100,99872,100,100467,100,99869,100,100639,100,99851,100
2019-06-28 09:47:20.000000000,100106,166,100017,166,100146,166,100016,166,100182,166,100008,266,100294,166,99945,166,100333,166,99936,166,100349,100,99915,100,100353,100,99913,100,100419,100,99872,100,100467,100,99869,100,100639,100,99851,100
2019-06-28 09:47:30.000000000,100106,182,100017,182,100146,182,100016,182,100182,182,100008,282,100294,182,99945,182,100333,100,99936,100,100349,100,99915,100,100353,100,99913,100,100419,100,99872,100,100467,100,99869,100,100639,100,99851,100
2019-06-28 09:47:39.506433250,100106,182,100017,182,100146,182,100016,182,100182,182,100008,282,100294,182,99945,182,100333,100,99936,100,100349,100,99915,100,100353,100,99913,100,100419,100,99872,100,100467,100,99869,100,100558,100,99851,100
2019-06-28 09:47:39.931822353,100106,182,100021,100,100146,182,100017,182,100182,182,100016,182,100294,182,100008,282,100333,100,99945,182,100349,100,99936,100,100353,100,99915,100,100419,100,99913,100,100467,100,99872,100,100558,100,99869,100
2019-06-28 09:47:40.000000000,100106,430,100021,430,100146,100,100017,100,100182,100,100016,100,100294,100,100008,200,100333,100,99945,100,100349,100,99936,100,100353,100,99915,100,100419,100,99913,100,100467,100,99872,100,100558,100,99869,100
2019-06-28 09:47:50.000000000,100106,166,100021,166,100146,166,100017,166,100182,166,100016,166,100294,166,100008,266,100333,166,99945,166,100349,100,99936,100,100353,100,99915,100,100419,100,99913,100,100467,100,99872,100,100558,100,99869,100
2019-06-28 09:48:00.000000000,100106,166,100021,166,100146,166,100017,166,100182,166,100016,166,100294,166,100008,266,100333,166,99945,166,100349,100,99936,100,100353,100,99915,100,100419,100,99913,100,100467,100,99872,100,100558,100,99869,100
2019-06-28 09:48:09.772233559,100106,66,100021,166,100146,166,100017,166,100182,66,100016,166,100294,166,100008,266,100333,166,99945,166,100349,100,99936,100,100353,100,99915,100,100419,100,99913,100,100467,100,99872,100,100558,100,99869,100
2019-06-28 09:48:10.000000000,100146,430,100021,430,100294,100,100017,100,100333,100,100016,100,100349,100,100008,200,100353,100,99945,100,100419,100,99936,100,100467,100,99915,100,100558,100,99913,100,100639,100,99872,100,100701,100,99869,100
2019-06-28 09:48:20.000000000,100146,166,100021,166,100294,166,100017,166,100333,166,100016,166,100349,166,100008,266,100353,166,99945,166,100419,100,99936,100,100467,100,99915,100,100558,100,99913,100,100639,100,99872,100,100701,100,99869,100
2019-06-28 09:48:30.000000000,100146,430,100021,430,100294,100,100017,100,100333,100,100016,100,100349,100,100008,200,100353,100,99945,100,100419,100,99936,100,100467,100,99915,100,100558,100,99913,100,100639,100,99872,100,100701,100,99869,100
2019-06-28 09:48:40.000000000,100146,166,100021,166,100294,166,100017,166,100333,166,100016,166,100349,166,100008,266,100353,166,99945,166,100419,100,99936,100,100467,100,99915,100,100558,100,99913,100,100639,100,99872,100,100701,100,99869,100
2019-06-28 09:48:50.000000000,100146,166,100021,166,100294,166,100017,166,100333,166,100016,166,100349,166,100008,266,100353,166,99945,166,100419,100,99936,100,100467,100,99915,100,100558,100,99913,100,100639,100,99872,100,100701,100,99869,100
2019-06-28 09:49:00.000000000,100146,166,100021,166,100294,166,100017,166,100333,166,100016,166,100349,166,100008,266,100353,166,99945,166,100419,100,99936,100,100467,100,99915,100,100558,100,99913,100,100639,100,99872,100,100701,100,99869,100
2019-06-28 09:49:10.000000000,100146,265,100021,265,100294,265,100017,265,100333,100,100016,100,100349,100,100008,200,100353,100,99945,100,100419,100,99936,100,100467,100,99915,100,100558,100,99913,100,100639,100,99872,100,100701,100,99869,100
2019-06-28 09:49:20.000000000,100146,166,100021,166,100294,166,100017,166,100333,166,100016,166,100349,166,100008,266,100353,166,99945,166,100419,100,99936,100,100467,100,99915,100,100558,100,99913,100,100639,100,99872,100,100701,100,99869,100
2019-06-28 09:49:27.123077572,100146,166,100022,100,100294,166,100021,166,100333,166,100017,166,100349,166,100016,166,100353,166,100008,266,100419,100,99945,166,100467,100,99936,100,100558,100,99915,100,100639,100,99913,100,100701,100,99872,100
2019-06-28 09:49:29.757713200,100146,166,100022,200,100294,166,100021,166,100333,166,100017,166,100349,166,100016,166,100353,166,100008,266,100419,100,99945,166,100467,100,99936,100,100558,100,99915,100,100639,100,99913,100,100701,100,99872,100
2019-06-28 09:49:30.000000000,100146,212,100022,312,100294,209,100021,209,100333,209,100017,209,100349,100,100016,100,100353,100,100008,200,100419,100,99945,100,100467,100,99936,100,100558,100,99915,100,100639,100,99913,100,100701,100,99872,100
2019-06-28 09:49:39.115958882,100146,112,100022,312,100294,209,100021,209,100333,209,100017,209,100349,100,100016,100,100353,100,100008,200,100419,100,99945,100,100467,100,99936,100,100558,100,99915,100,100639,100,99913,100,100701,100,99869,100
2019-06-28 09:49:40.000000000,100294,166,100022,266,100333,166,100021,166,100349,166,100017,166,100353,166,100016,166,100419,166,100008,266,100467,100,99945,100,100558,100,99936,100,100639,100,99915,100,100701,100,99913,100,100717,100,99869,100
2019-06-28 09:49:40.812252015,100294,166,100022,266,100333,166,100021,166,100349,166,100017,166,100353,166,100016,166,100419,166,100008,266,100467,100,99945,100,100558,100,99936,100,100639,100,99915,100,100701,100,99913,100,100717,100,99869,100
2019-06-28 09:49:42.210865869,100294,166,100106,100,100333,166,100022,266,100349,166,100021,166,100353,166,100017,166,100419,166,100016,166,100467,100,100008,266,100558,100,99945,100,100639,100,99936,100,100701,100,99915,100,100717,100,99913,100
2019-06-28 09:49:50.000000000,100294,166,100106,166,100333,166,100022,266,100349,166,100021,166,100353,166,100017,166,100419,166,100016,166,100467,100,100008,200,100558,100,99945,100,100639,100,99936,100,100701,100,99915,100,100717,100,99913,100
2019-06-28 09:49:58.963358738,100294,166,100106,266,100333,166,100022,266,100349,166,100021,166,100353,166,100017,166,100419,166,100016,166,100467,100,100008,200,100558,100,99945,100,100639,100,99936,100,100701,100,99915,100,100717,100,99913,100
2019-06-28 09:50:00.000000000,100294,430,100106,530,100333,100,100022,200,100349,100,100021,100,100353,100,100017,100,100419,100,100016,100,100467,100,100008,200,100558,100,99945,100,100639,100,99936,100,100701,100,99915,100,100717,100,99913,100
2019-06-28 09:50:10.000000000,100294,182,100106,282,100333,182,100022,282,100349,182,100021,182,100353,182,100017,182,100419,100,100016,100,100467,100,100008,200,100558,100,99945,100,100639,100,99936,100,100701,100,99915,100,100717,100,99913,100
2019-06-28 09:50:19.041404446,100294,82,100106,282,100333,182,100022,282,100349,182,100021,182,100353,182,100017,182,100419,100,100016,100,100467,100,100008,200,100558,100,99945,100,100639,100,99936,100,100701,100,99915,100,100717,100,99913,100
2019-06-28 09:50:20.000000000,100333,166,100106,266,100349,166,100022,266,100353,166,100021,166,100419,166,100017,166,100467,166,100016,166,100558,100,100008,200,100639,100,99945,100,100701,100,99936,100,100717,100,99915,100,100938,100,99913,100
2019-06-28 09:50:22.291138839,100333,66,100106,266,100349,166,100022,266,100353,166,100021,166,100419,166,100017,166,100467,166,100016,166,100558,100,100008,200,100639,100,99945,100,100701,100,99936,100,100717,100,99915,100,100938,100,99913,100
2019-06-28 09:50:25.326814549,100333,66,100294,100,100349,166,100106,266,100353,166,100022,266,100419,166,100021,166,100467,166,100017,166,100558,100,100016,166,100639,100,100008,200,100701,100,99945,100,100717,100,99936,100,100938,100,99915,100
2019-06-28 09:50:30.000000000,100349,265,100294,265,100353,265,100106,365,100419,100,100022,200,100467,100,100021,100,100558,100,100017,100,100639,100,100016,100,100701,100,100008,200,100717,100,99945,100,100938,100,99936,100,101940,100,99915,100
2019-06-28 09:50:35.990381967,100349,265,100294,265,100353,265,100106,365,100419,100,100022,200,100467,100,100021,100,100558,100,100017,100,100639,100,100016,100,100701,100,100008,200,100717,100,99945,100,100938,100,99936,100,101877,100,99915,100
2019-06-28 09:50:40.000000000,100349,430,100294,430,100353,100,100106,200,100419,100,100022,200,100467,100,100021,100,100558,100,100017,100,100639,100,100016,100,100701,100,100008,200,100717,100,99945,100,100938,100,99936,100,101877,100,99915,100
2019-06-28 09:50:45.769370854,100349,430,100294,430,100353,100,100106,200,100419,100,100022,200,100467,100,100021,100,100558,100,100017,100,100639,100,100016,100,100701,100,100008,200,100717,100,99945,100,100938,100,99936,100,101738,100,99915,100
2019-06-28 09:50:50.000000000,100349,265,100294,265,100353,265,100106,365,100419,100,100022,200,100467,100,100021,100,100558,100,100017,100,100639,100,100016,100,100701,100,100008,200,100717,100,99945,100,100938,100,99936,100,101738,100,99915,100
2019-06-28 09:51:00.000000000,100349,166,100294,166,100353,166,100106,266,100419,166,100022,266,100467,166,100021,166,100558,166,100017,166,100639,100,100016,100,100701,100,100008,200,100717,100,99945,100,100938,100,99936,100,101738,100,99915,100
2019-06-28 09:51:10.000000000,100349,166,100294,166,100353,166,100106,266,100419,166,100022,266,100467,166,100021,166,100558,166,100017,166,100639,100,100016,100,100701,100,100008,200,100717,100,99945,100,100938,100,99936,100,101738,100,99915,100
2019-06-28 09:51:20.000000000,100349,166,100294,166,100353,166,100106,266,100419,166,100022,266,100467,166,100021,166,100558,166,100017,166,100639,100,100016,100,100701,100,100008,200,100717,100,99945,100,100938,100,99936,100,101738,100,99915,100
2019-06-28 09:51:28.168706572,100349,66,100294,166,100353,166,100106,266,100419,166,100022,266,100467,166,100021,166,100558,166,100017,166,100639,100,100016,100,100701,100,100008,200,100717,100,99945,100,100938,100,99936,100,101738,100,99915,100
2019-06-28 09:51:30.000000000,100353,212,100294,212,100419,209,100106,309,100467,209,100022,309,100558,100,100021,100,100639,100,100017,100,100701,100,100016,100,100717,100,100008,200,100938,100,99945,100,101738,100,99936,100,101877,100,99915,100
2019-06-28 09:51:39.699784113,100353,212,100294,212,100419,209,100106,309,100467,209,100022,309,100558,100,100021,100,100639,100,100017,100,100701,100,100016,100,100717,100,100008,200,100938,100,99945,100,101393,100,99936,100,101738,100,99915,100
2019-06-28 09:51:40.000000000,100353,430,100294,430,100419,100,100106,200,100467,100,100022,200,100558,100,100021,100,100639,100,100017,100,100701,100,100016,100,100717,100,100008,200,100938,100,99945,100,101393,100,99936,100,101738,100,99915,100
2019-06-28 09:51:40.289406207,100353,330,100294,430,100419,100,100106,200,100467,100,100022,200,100558,100,100021,100,100639,100,100017,100,100701,100,100016,100,100717,100,100008,200,100938,100,99945,100,101393,100,99936,100,101738,100,99915,100
2019-06-28 09:51:50.000000000,100419,265,100294,265,100467,265,100106,365,100558,100,100022,200,100639,100,100021,100,100701,100,100017,100,100717,100,100016,100,100938,100,100008,200,101393,100,99945,100,101738,100,99936,100,101877,100,99915,100
2019-06-28 09:51:59.445856866,100419,265,100294,265,100467,265,100106,365,100558,100,100022,200,100639,100,100021,100,100701,100,100017,100,100717,100,100016,100,101255,100,100008,200,101393,100,99945,100,101738,100,99936,100,101877,100,99915,100
2019-06-28 09:52:00.000000000,100419,212,100294,212,100467,209,100106,309,100558,209,100022,309,100639,100,100021,100,100701,100,100017,100,100717,100,100016,100,101255,100,100008,200,101393,100,99945,100,101738,100,99936,100,101877,100,99915,100
2019-06-28 09:52:03.398523776,100419,212,100349,100,100467,209,100294,212,100558,209,100106,309,100639,100,100022,309,100701,100,100021,100,100717,100,100017,100,101255,100,100016,100,101393,100,100008,200,101738,100,99945,100,101877,100,99936,100
2019-06-28 09:52:10.000000000,100419,166,100349,166,100467,166,100294,166,100558,166,100106,266,100639,166,100022,266,100701,166,100021,166,100717,100,100017,100,101255,100,100016,100,101393,100,100008,200,101738,100,99945,100,101877,100,99936,100
2019-06-28 09:52:16.743646332,100419,66,100349,166,100467,166,100294,166,100558,166,100106,266,100639,166,100022,266,100701,166,100021,166,100717,100,100017,100,101255,100,100016,100,101393,100,100008,200,101738,100,99945,100,101877,100,99936,100
2019-06-28 09:52:20.000000000,100467,265,100349,265,100558,265,100294,265,100639,100,100106,200,100701,100,100022,200,100717,100,100021,100,101255,100,100017,100,101393,100,100016,100,101738,100,100008,200,101877,100,99945,100,101940,100,99936,100
2019-06-28 09:52:20.043294735,100467,265,100349,265,100558,265,100294,265,100639,100,100106,200,100701,100,100022,200,100717,100,100021,100,101227,100,100017,100,101393,100,100016,100,101738,100,100008,200,101877,100,99945,100,101940,100,99936,100
2019-06-28 09:52:30.000000000,100467,430,100349,430,100558,100,100294,100,100639,100,100106,200,100701,100,100022,200,100717,100,100021,100,101227,100,100017,100,101393,100,100016,100,101738,100,100008,200,101877,100,99945,100,101940,100,99936,100
2019-06-28 09:52:35.868443199,100467,430,100349,430,100558,100,100294,100,100639,100,100106,200,100701,100,100022,200,100717,100,100021,100,100989,100,100017,100,101227,100,100016,100,101393,100,100008,200,101738,100,99945,100,101877,100,99936,100
2019-06-28 09:52:38.836999221,100467,430,100349,430,100558,100,100294,100,100639,100,100106,200,100701,100,100022,200,100717,100,100021,100,100989,100,100017,100,101080,100,100016,100,101227,100,100008,200,101393,100,99945,100,101738,100,99936,100
2019-06-28 09:52:40.000000000,100467,265,100349,265,100558,265,100294,265,100639,100,100106,200,100701,100,100022,200,100717,100,100021,100,100989,100,100017,100,101080,100,100016,100,101227,100,100008,200,101393,100,99945,100,101738,100,99936,100
2019-06-28 09:52:50.000000000,100467,182,100349,182,100558,182,100294,182,100639,182,100106,282,100701,182,100022,282,100717,100,100021,100,100989,100,100017,100,101080,100,100016,100,101227,100,100008,200,101393,100,99945,100,101738,100,99936,100
2019-06-28 09:52:54.940810203,100467,82,100349,182,100558,182,100294,182,100639,182,100106,282,100701,182,100022,282,100717,100,100021,100,100989,100,100017,100,101080,100,100016,100,101227,100,100008,200,101393,100,99945,100,101738,100,99936,100
2019-06-28 09:52:58.034745962,100467,82,100349,182,100558,182,100294,182,100639,182,100106,282,100701,182,100022,182,100717,100,100021,100,100989,100,100017,100,101080,100,100016,100,101227,100,100008,200,101393,100,99945,100,101738,100,99936,100
2019-06-28 09:53:00.000000000,100558,182,100349,182,100639,182,100294,182,100701,182,100106,282,100717,182,100022,182,100989,100,100021,100,101080,100,100017,100,101227,100,100016,100,101393,100,100008,200,101738,100,99945,100,101877,100,99936,100
2019-06-28 09:53:09.418479014,100558,182,100349,182,100639,182,100294,182,100701,182,100106,282,100717,182,100022,182,100989,100,100021,100,101080,100,100017,100,101113,100,100016,100,101227,100,100008,200,101393,100,99945,100,101738,100,99936,100
2019-06-28 09:53:10.000000000,100558,430,100349,430,100639,100,100294,100,100701,100,100106,200,100717,100,100022,100,100989,100,100021,100,101080,100,100017,100,101113,100,100016,100,101227,100,100008,200,101393,100,99945,100,101738,100,99936,100
2019-06-28 09:53:20.000000000,100558,212,100349,212,100639,209,100294,209,100701,209,100106,309,100717,100,100022,100,100989,100,100021,100,101080,100,100017,100,101113,100,100016,100,101227,100,100008,200,101393,100,99945,100,101738,100,99936,100
2019-06-28 09:53:20.475984781,100558,112,100349,212,100639,209,100294,209,100701,209,100106,309,100717,100,100022,100,100989,100,100021,100,101080,100,100017,100,101113,100,100016,100,101227,100,100008,200,101393,100,99945,100,101877,100,99936,100
2019-06-28 09:53:30.000000000,100639,166,100349,166,100701,166,100294,166,100717,166,100106,266,100989,166,100022,166,101080,166,100021,166,101113,100,100017,100,101227,100,100016,100,101393,100,100008,200,101877,100,99945,100,101940,100,99936,100
2019-06-28 09:53:40.000000000,100639,212,100349,212,100701,209,100294,209,100717,209,100106,309,100989,100,100022,100,101080,100,100021,100,101113,100,100017,100,101227,100,100016,100,101393,100,100008,200,101877,100,99945,100,101940,100,99936,100
2019-06-28 09:53:50.000000000,100639,166,100349,166,100701,166,100294,166,100717,166,100106,266,100989,166,100022,166,101080,166,100021,166,101113,100,100017,100,101227,100,100016,100,101393,100,100008,200,101877,100,99945,100,101940,100,99936,100
2019-06-28 09:54:00.000000000,100639,166,100349,166,100701,166,100294,166,100717,166,100106,266,100989,166,100022,166,101080,166,100021,166,101113,100,100017,100,101227,100,100016,100,101393,100,100008,200,101877,100,99945,100,101940,100,99936,100
2019-06-28 09:54:03.945191221,100639,166,100349,166,100701,166,100294,166,100717,166,100106,266,100989,166,100022,166,101080,166,100021,166,101113,100,100017,100,101227,100,100016,100,101349,100,100008,200,101393,100,99945,100,101877,100,99936,100
2019-06-28 09:54:06.405189301,100639,166,100349,166,100701,166,100294,166,100717,166,100106,266,100989,166,100022,166,101080,166,100021,166,101113,100,100017,100,101227,100,100016,100,101349,100,100008,200,101353,100,99945,100,101393,100,99936,100
2019-06-28 09:54:10.000000000,100639,166,100349,166,100701,166,100294,166,100717,166,100106,266,100989,166,100022,166,101080,166,100021,166,101113,100,100017,100,101227,100,100016,100,101349,100,100008,200,101353,100,99945,100,101393,100,99936,100
2019-06-28 09:54:20.000000000,100639,212,100349,212,100701,209,100294,209,100717,209,100106,309,100989,100,100022,100,101080,100,100021,100,101113,100,100017,100,101227,100,100016,100,101349,100,100008,200,101353,100,99945,100,101393,100,99936,100
2019-06-28 09:54:30.000000000,100639,430,100349,430,100701,100,100294,100,100717,100,100106,200,100989,100,100022,100,101080,100,100021,100,101113,100,100017,100,101227,100,100016,100,101349,100,100008,200,101353,100,99945,100,101393,100,99936,100
2019-06-28 09:54:32.164498828,100639,430,100349,430,100701,100,100294,100,100717,100,100106,200,100989,100,100022,100,101080,100,100021,100,101113,100,100017,100,101201,100,100016,100,101227,100,100008,200,101349,100,99945,100,101353,100,99936,100
2019-06-28 09:54:38.762131971,100639,330,100349,430,100701,100,100294,100,100717,100,100106,200,100989,100,100022,100,101080,100,100021,100,101113,100,100017,100,101201,100,100016,100,101227,100,100008,200,101349,100,99945,100,101353,100,99936,100
2019-06-28 09:54:40.000000000,100701,430,100349,430,100717,100,100294,100,100989,100,100106,200,101080,100,100022,100,101113,100,100021,100,101201,100,100017,100,101227,100,100016,100,101349,100,100008,200,101353,100,99945,100,101393,100,99936,100
2019-06-28 09:54:50.000000000,100701,212,100349,212,100717,209,100294,209,100989,209,100106,309,101080,100,100022,100,101113,100,100021,100,101201,100,100017,100,101227,100,100016,100,101349,100,100008,200,101353,100,99945,100,101393,100,99936,100
2019-06-28 09:55:00.000000000,100701,166,100349,166,100717,166,100294,166,100989,166,100106,266,101080,166,100022,166,101113,166,100021,166,101201,100,100017,100,101227,100,100016,100,101349,100,100008,200,101353,100,99945,100,101393,100,99936,100
2019-06-28 09:55:10.000000000,100701,265,100349,265,100717,265,100294,265,100989,100,100106,200,101080,100,100022,100,101113,100,100021,100,101201,100,100017,100,101227,100,100016,100,101349,100,100008,200,101353,100,99945,100,101393,100,99936,100
2019-06-28 09:55:20.000000000,100701,182,100349,182,100717,182,100294,182,100989,182,100106,282,101080,182,100022,182,101113,100,100021,100,101201,100,100017,100,101227,100,100016,100,101349,100,100008,200,101353,100,99945,100,101393,100,99936,100
2019-06-28 09:55:23.810394969,100701,182,100349,182,100717,82,100294,182,100940,100,100106,282,100989,182,100022,182,101080,182,100021,100,101113,100,100017,100,101201,100,100016,100,101227,100,100008,200,101349,100,99945,100,101353,100,99936,100
2019-06-28 09:55:28.666329766,100701,182,100558,100,100717,82,100349,182,100940,100,100294,182,100989,182,100106,282,101080,182,100022,182,101113,100,100021,100,101201,100,100017,100,101227,100,100016,100,101349,100,100008,200,101353,100,99945,100
2019-06-28 09:55:30.000000000,100701,265,100558,265,100940,265,100349,265,100989,100,100294,100,101080,100,100106,200,101113,100,100022,100,101201,100,100021,100,101227,100,100017,100,101349,100,100016,100,101353,100,100008,200,101393,100,99945,100
2019-06-28 09:55:33.706804273,100701,265,100558,265,100940,265,100349,265,100989,100,100294,100,101080,100,100106,200,101113,100,100022,100,101201,100,100021,100,101227,100,100017,100,101320,100,100016,100,101349,100,100008,200,101353,100,99945,100
2019-06-28 09:55:40.000000000,100701,265,100558,265,100940,265,100349,265,100989,100,100294,100,101080,100,100106,200,101113,100,100022,100,101201,100,100021,100,101227,100,100017,100,101320,100,100016,100,101349,100,100008,200,101353,100,99945,100
2019-06-28 09:55:47.395200465,100701,265,100558,265,100940,265,100349,265,100989,100,100294,100,101080,100,100106,200,101113,100,100022,100,101201,100,100021,100,101227,100,100017,100,101251,100,100016,100,101320,100,100008,200,101349,100,99945,100
2019-06-28 09:55:50.000000000,100701,212,100558,212,100940,209,100349,209,100989,209,100294,209,101080,100,100106,200,101113,100,100022,100,101201,100,100021,100,101227,100,100017,100,101251,100,100016,100,101320,100,100008,200,101349,100,99945,100
2019-06-28 09:55:50.187959254,100701,212,100558,212,100940,209,100349,209,100989,209,100294,209,101080,100,100106,200,101113,100,100022,100,101195,100,100021,100,101201,100,100017,100,101227,100,100016,100,101251,100,100008,200,101320,100,99945,100
2019-06-28 09:55:54.979217182,100701,112,100558,212,100940,209,100349,209,100989,209,100294,209,101080,100,100106,200,101113,100,100022,100,101195,100,100021,100,101201,100,100017,100,101227,100,100016,100,101251,100,100008,200,101320,100,99945,100
2019-06-28 09:56:00.000000000,100940,166,100558,166,100989,166,100349,166,101080,166,100294,166,101113,166,100106,266,101195,166,100022,166,101201,100,100021,100,101227,100,100017,100,101251,100,100016,100,101320,100,100008,200,101349,100,99945,100
2019-06-28 09:56:10.000000000,100940,166,100558,166,100989,166,100349,166,101080,166,100294,166,101113,166,100106,266,101195,166,100022,166,101201,100,100021,100,101227,100,100017,100,101251,100,100016,100,101320,100,100008,200,101349,100,99945,100
2019-06-28 09:56:10.702238394,100691,100,100558,166,100940,166,100349,166,100989,166,100294,166,101080,166,100106,266,101113,166,100022,166,101195,166,100021,100,101201,100,100017,100,101227,100,100016,100,101251,100,100008,200,101320,100,99945,100
2019-06-28 09:56:20.000000000,100691,166,100558,166,100940,166,100349,166,100989,166,100294,166,101080,166,100106,266,101113,166,100022,166,101195,100,100021,100,101201,100,100017,100,101227,100,100016,100,101251,100,100008,200,101320,100,99945,100
2019-06-28 09:56:28.000175876,100691,166,100558,166,100940,166,100349,166,100989,166,100298,100,101080,166,100294,166,101113,166,100106,266,101195,100,100022,166,101201,100,100021,100,101227,100,100017,100,101251,100,100016,100,101320,100,100008,200
2019-06-28 09:56:30.000000000,100691,166,100558,166,100940,166,100349,166,100989,166,100298,166,101080,166,100294,166,101113,166,100106,266,101195,100,100022,100,101201,100,100021,100,101227,100,100017,100,101251,100,100016,100,101320,100,100008,200
2019-06-28 09:56:40.000000000,100691,212,100558,212,100940,209,100349,209,100989,209,100298,209,101080,100,100294,100,101113,100,100106,200,101195,100,100022,100,101201,100,100021,100,101227,100,100017,100,101251,100,100016,100,101320,100,100008,200
2019-06-28 09:56:41.633446750,100691,212,100603,100,100940,209,100558,212,100989,209,100349,209,101080,100,100298,209,101113,100,100294,100,101195,100,100106,200,101201,100,100022,100,101227,100,100021,100,101251,100,100017,100,101320,100,100016,100
2019-06-28 09:56:50.000000000,100691,212,100603,212,100940,209,100558,209,100989,209,100349,209,101080,100,100298,100,101113,100,100294,100,101195,100,100106,200,101201,100,100022,100,101227,100,100021,100,101251,100,100017,100,101320,100,100016,100
2019-06-28 09:56:59.945585999,100691,212,100603,112,100940,209,100558,209,100989,109,100349,209,101080,100,100298,100,101113,100,100294,100,101195,100,100106,200,101201,100,100022,100,101227,100,100021,100,101251,100,100017,100,101320,100,100016,100
2019-06-28 09:57:00.000000000,100691,166,100558,166,100940,166,100349,166,101080,166,100298,166,101113,166,100294,166,101195,166,100106,266,101201,100,100022,100,101227,100,100021,100,101251,100,100017,100,101320,100,100016,100,101349,100,100008,200
2019-06-28 09:57:00.445965589,100691,166,100558,166,100940,166,100349,166,101080,166,100298,166,101113,166,100294,166,101195,166,100106,166,101201,100,100022,100,101227,100,100021,100,101251,100,100017,100,101320,100,100016,100,101349,100,100008,200
2019-06-28 09:57:10.000000000,100691,265,100558,265,100940,265,100349,265,101080,100,100298,100,101113,100,100294,100,101195,100,100106,100,101201,100,100022,100,101227,100,100021,100,101251,100,100017,100,101320,100,100016,100,101349,100,100008,200
2019-06-28 09:57:17.322735811,100691,265,100558,265,100940,265,100349,165,101080,100,100298,100,101113,100,100294,100,101195,100,100106,100,101201,100,100022,100,101227,100,100021,100,101251,100,100017,100,101320,100,100016,100,101349,100,100008,200
2019-06-28 09:57:20.000000000,100691,166,100558,166,100940,166,100298,166,101080,166,100294,166,101113,166,100106,166,101195,166,100022,166,101201,100,100021,100,101227,100,100017,100,101251,100,100016,100,101320,100,100008,200,101349,100,99945,100
2019-06-28 09:57:21.092116547,100691,166,100558,166,100940,166,100298,166,101080,166,100294,166,101113,166,100106,166,101195,166,100093,100,101201,100,100022,166,101227,100,100021,100,101251,100,100017,100,101320,100,100016,100,101349,100,100008,200
2019-06-28 09:57:30.000000000,100691,166,100558,166,100940,166,100298,166,101080,166,100294,166,101113,166,100106,166,101195,166,100093,166,101201,100,100022,100,101227,100,100021,100,101251,100,100017,100,101320,100,100016,100,101349,100,100008,200
2019-06-28 09:57:40.000000000,100691,182,100558,182,100940,182,100298,182,101080,182,100294,182,101113,182,100106,182,101195,100,100093,100,101201,100,100022,100,101227,100,100021,100,101251,100,100017,100,101320,100,100016,100,101349,100,100008,200
2019-06-28 09:57:40.567839798,100611,100,100558,182,100691,182,100298,182,100940,182,100294,182,101080,182,100106,182,101113,82,100093,100,101195,100,100022,100,101201,100,100021,100,101227,100,100017,100,101251,100,100016,100,101320,100,100008,200
2019-06-28 09:57:42.276491351,100611,100,100558,82,100691,182,100298,182,100940,182,100294,182,101080,182,100106,182,101113,82,100093,100,101195,100,100022,100,101201,100,100021,100,101227,100,100017,100,101251,100,100016,100,101320,100,100008,200
2019-06-28 09:57:45.496290483,100603,100,100558,82,100611,100,100298,182,100691,182,100294,182,100940,182,100106,182,101080,182,100093,100,101113,82,100022,100,101195,100,100021,100,101201,100,100017,100,101227,100,100016,100,101251,100,100008,200
2019-06-28 09:57:50.000000000,100603,430,100298,430,100611,100,100294,100,100691,100,100106,100,100940,100,100093,100,101080,100,100022,100,101195,100,100021,100,101201,100,100017,100,101227,100,100016,100,101251,100,100008,200,101320,100,99945,100
2019-06-28 09:58:00.000000000,100603,182,100298,182,100611,182,100294,182,100691,182,100106,182,100940,182,100093,182,101080,100,100022,100,101195,100,100021,100,101201,100,100017,100,101227,100,100016,100,101251,100,100008,200,101320,100,99945,100
2019-06-28 09:58:07.321249548,100603,182,100298,182,100611,182,100294,182,100691,182,100261,100,100940,182,100106,182,101080,100,100093,182,101195,100,100022,100,101201,100,100021,100,101227,100,100017,100,101251,100,100016,100,101320,100,100008,200
2019-06-28 09:58:08.063940782,100603,182,100298,182,100611,182,100294,182,100691,182,100261,100,100940,182,100106,182,101080,100,100093,182,101195,100,100022,100,101201,100,100021,100,101227,100,100017,100,101251,100,100016,100,101320,100,100008,200
2019-06-28 09:58:10.000000000,100603,265,100298,265,100611,265,100294,265,100691,100,100261,100,100940,100,100106,100,101080,100,100093,100,101195,100,100022,100,101201,100,100021,100,101227,100,100017,100,101251,100,100016,100,101320,100,100008,200
2019-06-28 09:58:20.000000000,100603,212,100298,212,100611,209,100294,209,100691,209,100261,209,100940,100,100106,100,101080,100,100093,100,101195,100,100022,100,101201,100,100021,100,101227,100,100017,100,101251,100,100016,100,101320,100,100008,200
2019-06-28 09:58:30.000000000,100603,166,100298,166,100611,166,100294,166,100691,166,100261,166,100940,166,100106,166,101080,166,100093,166,101195,100,100022,100,101201,100,100021,100,101227,100,100017,100,101251,100,100016,100,101320,100,100008,200
2019-06-28 09:58:31.452924391,100603,166,100298,166,100611,166,100294,166,100691,166,100261,166,100940,166,100106,166,101080,166,100093,166,101195,100,100021,100,101201,100,100017,100,101227,100,100016,100,101251,100,100008,200,101320,100,99945,100
2019-06-28 09:58:37.783958869,100603,166,100298,166,100611,166,100294,166,100691,166,100261,166,100940,166,100106,166,101080,166,100093,166,101195,100,100037,100,101201,100,100021,100,101227,100,100017,100,101251,100,100016,100,101320,100,100008,200
2019-06-28 09:58:40.000000000,100603,166,100298,166,100611,166,100294,166,100691,166,100261,166,100940,166,100106,166,101080,166,100093,166,101195,100,100037,100,101201,100,100021,100,101227,100,100017,100,101251,100,100016,100,101320,100,100008,200
2019-06-28 09:58:41.094591949,100603,166,100298,166,100611,166,100294,166,100691,166,100261,166,100940,166,100133,100,101080,166,100106,166,101195,100,100093,166,101201,100,100037,100,101227,100,100021,100,101251,100,100017,100,101320,100,100016,100
2019-06-28 09:58:47.913188816,100603,166,100298,166,100611,166,100294,166,100691,166,100261,166,100940,166,100166,100,101080,166,100133,100,101195,100,100106,166,101201,100,100093,166,101227,100,100037,100,101251,100,100021,100,101320,100,100017,100
2019-06-28 09:58:49.018597410,100603,166,100356,100,100611,166,100298,166,100691,166,100294,166,100940,166,100261,166,101080,166,100166,100,101195,100,100133,100,101201,100,100106,166,101227,100,100093,166,101251,100,100037,100,101320,100,100021,100
2019-06-28 09:58:50.000000000,100603,182,100356,182,100611,182,100298,182,100691,182,100294,182,100940,182,100261,182,101080,100,100166,100,101195,100,100133,100,101201,100,100106,100,101227,100,100093,100,101251,100,100037,100,101320,100,100021,100
2019-06-28 09:58:52.170400685,100603,182,100356,82,100611,182,100298,182,100691,182,100294,182,100940,182,100261,182,101080,100,100166,100,101195,100,100133,100,101201,100,100106,100,101227,100,100093,100,101251,100,100037,100,101320,100,100021,100
2019-06-28 09:58:59.869284587,100603,182,100356,82,100611,182,100298,182,100691,182,100294,182,100940,182,100261,182,101080,100,100166,100,101195,100,100133,100,101201,100,100106,100,101227,100,100093,100,101251,100,100037,100,101320,100,100017,100
2019-06-28 09:59:00.000000000,100603,212,100298,212,100611,209,100294,209,100691,209,100261,209,100940,100,100166,100,101080,100,100133,100,101195,100,100106,100,101201,100,100093,100,101227,100,100037,100,101251,100,100017,100,101320,100,100016,100
2019-06-28 09:59:03.583056551,100603,212,100298,112,100611,209,100294,209,100691,209,100261,209,100940,100,100166,100,101080,100,100133,100,101195,100,100106,100,101201,100,100093,100,101227,100,100037,100,101251,100,100017,100,101320,100,100016,100
2019-06-28 09:59:10.000000000,100603,265,100294,265,100611,265,100261,265,100691,100,100166,100,100940,100,100133,100,101080,100,100106,100,101195,100,100093,100,101201,100,100037,100,101227,100,100017,100,101251,100,100016,100,101320,100,100008,200
2019-06-28 09:59:19.829509790,100603,265,100294,265,100611,265,100261,265,100691,100,100166,100,100940,100,100133,100,101080,100,100106,100,101195,100,100093,100,101201,100,100037,100,101227,100,100017,100,101251,100,100016,100,101320,100,100008,200
2019-06-28 09:59:20.000000000,100603,265,100294,265,100611,265,100261,265,100691,100,100166,100,100940,100,100133,100,101080,100,100106,100,101195,100,100093,100,101201,100,100037,100,101227,100,100017,100,101251,100,100016,100,101320,100,100008,200
2019-06-28 09:59:30.000000000,100603,182,100294,182,100611,182,100261,182,100691,182,100166,182,100940,182,100133,182,101080,100,100106,100,101195,100,100093,100,101201,100,100037,100,101227,100,100017,100,101251,100,100016,100,101320,100,100008,200
2019-06-28 09:59:32.185520153,100361,100,100294,182,100603,182,100261,182,100611,182,100166,182,100691,182,100133,182,100940,182,100106,100,101080,100,100093,100,101195,100,100037,100,101201,100,100017,100,101227,100,100016,100,101251,100,100008,200
2019-06-28 09:59:40.000000000,100361,182,100294,182,100603,182,100261,182,100611,182,100166,182,100691,182,100133,182,100940,100,100106,100,101080,100,100093,100,101195,100,100037,100,101201,100,100017,100,101227,100,100016,100,101251,100,100008,200
2019-06-28 09:59:50.000000000,100361,212,100294,212,100603,209,100261,209,100611,209,100166,209,100691,100,100133,100,100940,100,100106,100,101080,100,100093,100,101195,100,100037,100,101201,100,100017,100,101227,100,100016,100,101251,100,100008,200
2019-06-28 09:59:50.345639430,100361,212,100294,112,100603,209,100261,209,100611,209,100166,209,100691,100,100133,100,100940,100,100106,100,101080,100,100093,100,101195,100,100037,100,101201,100,100017,100,101227,100,100016,100,101251,100,100008,200
2019-06-28 10:00:00.000000000,100361,182,100261,182,100603,182,100166,182,100611,182,100133,182,100691,182,100106,182,100940,100,100093,100,101080,100,100037,100,101195,100,100017,100,101201,100,100016,100,101227,100,100008,200,101251,100,99945,100
2019-06-28 10:00:10.000000000,100361,166,100261,166,100603,166,100166,166,100611,166,100133,166,100691,166,100106,166,100940,166,100093,166,101080,100,100037,100,101195,100,100017,100,101201,100,100016,100,101227,100,100008,200,101251,100,99945,100
2019-06-28 10:00:18.821027357,100298,100,100261,166,100361,166,100166,166,100603,166,100133,166,100611,166,100106,166,100691,166,100093,166,100940,166,100037,100,101080,100,100017,100,101195,100,100008,200,101201,100,99945,100,101227,100,99913,100
2019-06-28 10:00:20.000000000,100298,430,100261,430,100361,100,100166,100,100603,100,100133,100,100611,100,100106,100,100691,100,100093,100,100940,100,100037,100,101080,100,100017,100,101195,100,100008,200,101201,100,99945,100,101227,100,99913,100
2019-06-28 10:00:24.878404142,100298,430,100261,330,100361,100,100166,100,100603,100,100133,100,100611,100,100106,100,100691,100,100093,100,100940,100,100037,100,101080,100,100017,100,101195,100,100008,200,101201,100,99945,100,101227,100,99913,100
2019-06-28 10:00:30.000000000,100298,265,100166,265,100361,265,100133,265,100603,100,100106,100,100611,100,100093,100,100691,100,100037,100,100940,100,100017,100,101080,100,100008,200,101195,100,99945,100,101201,100,99913,100,101227,100,99883,100
2019-06-28 10:00:38.712679360,100298,265,100166,265,100361,265,100133,265,100481,100,100106,100,100603,100,100093,100,100611,100,100037,100,100691,100,100017,100,100940,100,100008,200,101080,100,99945,100,101195,100,99913,100,101201,100,99883,100
2019-06-28 10:00:40.000000000,100298,182,100166,182,100361,182,100133,182,100481,182,100106,182,100603,182,100093,182,100611,100,100037,100,100691,100,100017,100,100940,100,100008,200,101080,100,99945,100,101195,100,99913,100,101201,100,99883,100
2019-06-28 10:00:44.159135180,100298,182,100166,182,100361,182,100133,182,100481,182,100106,182,100603,82,100093,182,100611,100,100037,100,100691,100,100017,100,100940,100,100008,200,101080,100,99945,100,101195,100,99913,100,101201,100,99883,100
2019-06-28 10:00:50.000000000,100298,265,100166,265,100361,265,100133,265,100481,100,100106,100,100611,100,100093,100,100691,100,100037,100,100940,100,100017,100,101080,100,100008,200,101195,100,99945,100,101201,100,99913,100,101227,100,99883,100
2019-06-28 10:00:56.337495680,100298,265,100166,265,100361,265,100133,265,100377,100,100106,100,100481,100,100093,100,100611,100,100037,100,100691,100,100017,100,100940,100,100008,200,101080,100,99945,100,101195,100,99913,100,101201,100,99883,100
2019-06-28 10:00:57.436211276,100298,265,100179,100,100361,265,100166,265,100377,100,100133,265,100481,100,100106,100,100611,100,100093,100,100691,100,100037,100,100940,100,100017,100,101080,100,100008,200,101195,100,99945,100,101201,100,99913,100
2019-06-28 10:01:00.000000000,100298,430,100179,430,100361,100,100166,100,100377,100,100133,100,100481,100,100106,100,100611,100,100093,100,100691,100,100037,100,100940,100,100017,100,101080,100,100008,200,101195,100,99945,100,101201,100,99913,100
2019-06-28 10:01:10.000000000,100298,182,100179,182,100361,182,100166,182,100377,182,100133,182,100481,182,100106,182,100611,100,100093,100,100691,100,100037,100,100940,100,100017,100,101080,100,100008,200,101195,100,99945,100,101201,100,99913,100
2019-06-28 10:01:18.862548721,100298,182,100295,100,100361,182,100179,182,100377,182,100166,182,100481,182,100133,182,100611,100,100106,182,100691,100,100093,100,100940,100,100037,100,101080,100,100017,100,101195,100,100008,200,101201,100,99945,100
2019-06-28 10:01:20.000000000,100298,430,100295,430,100361,100,100179,100,100377,100,100166,100,100481,100,100133,100,100611,100,100106,100,100691,100,100093,100,100940,100,100037,100,101080,100,100017,100,101195,100,100008,200,101201,100,99945,100
2019-06-28 10:01:30.000000000,100298,166,100295,166,100361,166,100179,166,100377,166,100166,166,100481,166,100133,166,100611,166,100106,166,100691,100,100093,100,100940,100,100037,100,101080,100,100017,100,101195,100,100008,200,101201,100,99945,100
2019-06-28 10:01:34.299135756,100298,66,100295,66,100361,166,100179,166,100377,166,100166,166,100481,166,100133,166,100611,166,100106,166,100691,100,100093,100,100940,100,100037,100,101080,100,100017,100,101195,100,100008,200,101201,100,99945,100
2019-06-28 10:01:40.000000000,100361,182,100179,182,100377,182,100166,182,100481,182,100133,182,100611,182,100106,182,100691,100,100093,100,100940,100,100037,100,101080,100,100017,100,101195,100,100008,200,101201,100,99945,100,101227,100,99913,100
2019-06-28 10:01:50.000000000,100361,166,100179,166,100377,166,100166,166,100481,166,100133,166,100611,166,100106,166,100691,166,100093,166,100940,100,100037,100,101080,100,100017,100,101195,100,100008,200,101201,100,99945,100,101227,100,99913,100
2019-06-28 10:02:00.000000000,100361,182,100179,182,100377,182,100166,182,100481,182,100133,182,100611,182,100106,182,100691,100,100093,100,100940,100,100037,100,101080,100,100017,100,101195,100,100008,200,101201,100,99945,100,101227,100,99913,100
2019-06-28 10:02:10.000000000,100361,182,100179,182,100377,182,100166,182,100481,182,100133,182,100611,182,100106,182,100691,100,100093,100,100940,100,100037,100,101080,100,100017,100,101195,100,100008,200,101201,100,99945,100,101227,100,99913,100
2019-06-28 10:02:20.000000000,100361,166,100179,166,100377,166,100166,166,100481,166,100133,166,100611,166,100106,166,100691,166,100093,166,100940,100,100037,100,101080,100,100017,100,101195,100,100008,200,101201,100,99945,100,101227,100,99913,100
2019-06-28 10:02:25.995598160,100361,66,100179,166,100377,166,100166,166,100481,166,100133,166,100611,166,100106,166,100691,166,100093,166,100940,100,100037,100,101080,100,100017,100,101195,100,100008,200,101201,100,99945,100,101227,100,99913,100
2019-06-28 10:02:27.695700603,100361,66,100296,100,100377,166,100179,166,100481,166,100166,166,100611,166,100133,166,100691,166,100106,166,100940,100,100093,166,101080,100,100037,100,101195,100,100017,100,101201,100,100008,200,101227,100,99945,100
2019-06-28 10:02:30.000000000,100377,430,100296,430,100481,100,100179,100,100611,100,100166,100,100691,100,100133,100,100940,100,100106,100,101080,100,100093,100,101195,100,100037,100,101201,100,100017,100,101227,100,100008,200,101251,100,99945,100
2019-06-28 10:02:40.000000000,100377,430,100296,430,100481,100,100179,100,100611,100,100166,100,100691,100,100133,100,100940,100,100106,100,101080,100,100093,100,101195,100,100037,100,101201,100,100017,100,101227,100,100008,200,101251,100,99945,100
2019-06-28 10:02:50.000000000,100377,166,100296,166,100481,166,100179,166,100611,166,100166,166,100691,166,100133,166,100940,166,100106,166,101080,100,100093,100,101195,100,100037,100,101201,100,100017,100,101227,100,100008,200,101251,100,99945,100
2019-06-28 10:03:00.000000000,100377,182,100296,182,100481,182,100179,182,100611,182,100166,182,100691,182,100133,182,100940,100,100106,100,101080,100,100093,100,101195,100,100037,100,101201,100,100017,100,101227,100,100008,200,101251,100,99945,100
2019-06-28 10:03:04.329481260,100377,182,100296,182,100481,182,100179,182,100611,182,100166,182,100691,182,100133,182,100940,100,100106,100,101080,100,100093,100,101195,100,100037,100,101201,100,100017,100,101227,100,100008,200,101251,100,99991,100
2019-06-28 10:03:10.000000000,100377,182,100296,182,100481,182,100179,182,100611,182,100166,182,100691,182,100133,182,100940,100,100106,100,101080,100,100093,100,101195,100,100037,100,101201,100,100017,100,101227,100,100008,200,101251,100,99991,100
2019-06-28 10:03:18.080651474,100377,182,100296,182,100481,182,100179,182,100611,182,100166,182,100691,182,100133,182,100940,100,100106,100,101080,100,100093,100,101195,100,100037,100,101201,100,100017,100,101227,100,100008,200,101251,100,100007,100
2019-06-28 10:03:20.000000000,100377,265,100296,265,100481,265,100179,265,100611,100,100166,100,100691,100,100133,100,100940,100,100106,100,101080,100,100093,100,101195,100,100037,100,101201,100,100017,100,101227,100,100008,200,101251,100,100007,100
2019-06-28 10:03:22.190423663,100377,265,100296,265,100481,265,100179,265,100611,100,100166,100,100691,100,100133,100,100940,100,100106,100,101080,100,100093,100,101195,100,100037,100,101201,100,100017,100,101227,100,100008,200,101251,100,100007,100
2019-06-28 10:03:30.000000000,100377,166,100296,166,100481,166,100179,166,100611,166,100166,166,100691,166,100133,166,100940,166,100106,166,101080,100,100093,100,101195,100,100037,100,101201,100,100017,100,101227,100,100008,200,101251,100,100007,100
2019-06-28 10:03:40.000000000,100377,182,100296,182,100481,182,100179,182,100611,182,100166,182,100691,182,100133,182,100940,100,100106,100,101080,100,100093,100,101195,100,100037,100,101201,100,100017,100,101227,100,100008,200,101251,100,100007,100
2019-06-28 10:03:45.110342073,100377,182,100296,182,100481,182,100179,182,100611,182,100166,182,100691,182,100133,182,100940,100,100106,100,101080,100,100093,100,101195,100,100037,100,101201,100,100017,100,101227,100,100008,200,101251,100,100007,100
2019-06-28 10:03:50.000000000,100377,430,100296,430,100481,100,100179,100,100611,100,100166,100,100691,100,100133,100,100940,100,100106,100,101080,100,100093,100,101195,100,100037,100,101201,100,100017,100,101227,100,100008,200,101251,100,100007,100
2019-06-28 10:04:00.000000000,100377,212,100296,212,100481,209,100179,209,100611,209,100166,209,100691,100,100133,100,100940,100,100106,100,101080,100,100093,100,101195,100,100037,100,101201,100,100017,100,101227,100,100008,200,101251,100,100007,100
2019-06-28 10:04:10.000000000,100377,166,100296,166,100481,166,100179,166,100611,166,100166,166,100691,166,100133,166,100940,166,100106,166,101080,100,100093,100,101195,100,100037,100,101201,100,100017,100,101227,100,100008,200,101251,100,100007,100
2019-06-28 10:04:20.000000000,100377,166,100296,166,100481,166,100179,166,100611,166,100166,166,100691,166,100133,166,100940,166,100106,166,101080,100,100093,100,101195,100,100037,100,101201,100,100017,100,101227,100,100008,200,101251,100,100007,100
2019-06-28 10:04:30.000000000,100377,212,100296,212,100481,209,100179,209,100611,209,100166,209,100691,100,100133,100,100940,100,100106,100,101080,100,100093,100,101195,100,100037,100,101201,100,100017,100,101227,100,100008,200,101251,100,100007,100
2019-06-28 10:04:40.000000000,100377,430,100296,430,100481,100,100179,100,100611,100,100166,100,100691,100,100133,100,100940,100,100106,100,101080,100,100093,100,101195,100,100037,100,101201,100,100017,100,101227,100,100008,200,101251,100,100007,100
2019-06-28 10:04:40.548851028,100360,100,100296,430,100377,430,100179,100,100481,100,100166,100,100611,100,100133,100,100691,100,100106,100,100940,100,100093,100,101080,100,100037,100,101195,100,100017,100,101201,100,100008,200,101227,100,100007,100
