,ask_price_1,ask_size_1,bid_price_1,bid_size_1,ask_price_2,ask_size_2,bid_price_2,bid_size_2,ask_price_3,ask_size_3,bid_price_3,bid_size_3,ask_price_4,ask_size_4,bid_price_4,bid_size_4,ask_price_5,ask_size_5,bid_price_5,bid_size_5,ask_price_6,ask_size_6,bid_price_6,bid_size_6,ask_price_7,ask_size_7,bid_price_7,bid_size_7,ask_price_8,ask_size_8,bid_price_8,bid_size_8,ask_price_9,ask_size_9,bid_price_9,bid_size_9,ask_price_10,ask_size_10,bid_price_10,bid_size_10
2019-06-28 09:30:00.000000003,99914,100,,,100067,100,,,,,,,,,,,,,,,,,,,,,,,,,,,,,,,,,,
2019-06-28 09:30:00.000000005,100067,100,99891,100,,,,,,,,,,,,,,,,,,,,,,,,,,,,,,,,,,,,
2019-06-28 09:30:00.000000007,100067,100,99891,100,,,99886,100,,,,,,,,,,,,,,,,,,,,,,,,,,,,,,,,
2019-06-28 09:30:00.000000008,100067,100,99954,100,,,99891,100,,,99886,100,,,,,,,,,,,,,,,,,,,,,,,,,,,,
2019-06-28 09:30:00.000000009,100079,100,99954,100,,,99891,100,,,99886,100,,,99866,100,,,,,,,,,,,,,,,,,,,,,,,,
2019-06-28 09:30:00.000000010,100053,100,99954,100,100067,100,99891,100,100079,100,99886,100,,,99866,100,,,,,,,,,,,,,,,,,,,,,,,,
2019-06-28 09:30:00.000000013,100053,100,100012,100,100067,100,99954,100,100079,100,99891,100,100093,100,99886,100,,,99866,100,,,,,,,,,,,,,,,,,,,,
2019-06-28 09:30:00.000000015,100053,100,100012,100,100067,100,99954,100,100079,100,99891,100,100093,100,99886,100,100095,100,99866,100,,,,,,,,,,,,,,,,,,,,
2019-06-28 09:30:00.000000017,100053,100,100012,100,100067,200,99954,100,100079,100,99891,100,100093,100,99886,100,100095,100,99866,100,100116,100,,,,,,,,,,,,,,,,,,
2019-06-28 09:30:00.000000022,100053,100,100012,100,100067,200,99954,100,100079,100,99891,100,100093,100,99886,100,100095,100,99866,100,100096,100,,,100116,100,,,,,,,,,,,,,,
2019-06-28 09:30:00.000000023,100053,100,100012,100,100067,200,99954,100,100079,100,99919,100,100093,100,99916,100,100095,100,99891,100,100096,100,99886,100,100116,100,99866,100,,,,,,,,,,,,
2019-06-28 09:30:00.000000027,100053,100,100012,100,100067,200,99954,100,100079,100,99919,100,100093,100,99916,100,100095,100,99899,100,100096,100,99891,100,100116,100,99886,100,,,99866,100,,,,,,,,
2019-06-28 09:30:00.000000029,100053,100,100012,100,100067,300,99954,100,100079,100,99919,100,100093,100,99916,100,100095,100,99899,100,100096,100,99891,100,100116,100,99886,100,,,99866,100,,,,,,,,
2019-06-28 09:30:00.000000032,100053,100,100012,100,100067,300,99954,100,100074,100,99919,100,100079,100,99916,100,100093,100,99899,100,100095,100,99891,100,100096,100,99886,100,100116,100,99866,100,,,,,,,,
2019-06-28 09:30:00.000000033,100067,300,100012,100,100074,100,99954,100,100079,100,99919,100,100093,100,99916,100,100095,100,99899,100,100096,100,99891,100,100116,100,99886,100,,,99866,100,,,,,,,,
2019-06-28 09:30:00.000000035,100067,300,100012,100,100074,100,99954,100,100079,100,99919,100,100081,100,99916,100,100093,100,99899,100,100095,100,99891,100,100096,100,99886,100,100116,100,99866,100,,,,,,,,
2019-06-28 09:30:00.000000036,100067,300,100012,100,100074,100,99954,100,100079,100,99919,100,100081,100,99916,100,100093,100,99899,100,100095,100,99891,100,100096,100,99886,100,100097,100,99866,100,100116,100,,,,,,
2019-06-28 09:30:00.000000038,100067,300,100012,100,100074,100,99954,100,100079,100,99919,100,100081,100,99916,100,100093,100,99899,100,100095,100,99891,100,100096,100,99886,100,100097,100,99883,100,100116,100,99866,100,,,,
2019-06-28 09:30:00.000000042,100067,200,100012,100,100074,100,99954,100,100079,100,99919,100,100081,100,99917,100,100093,100,99916,100,100095,100,99899,100,100096,100,99891,100,100097,100,99886,100,100116,100,99883,100,,,99866,100
2019-06-28 09:30:00.000000044,100066,100,100012,100,100067,200,99954,100,100074,100,99919,100,100079,100,99917,100,100081,100,99916,100,100093,100,99899,100,100095,100,99891,100,100096,100,99886,100,100097,100,99883,100,100116,100,99866,100
2019-06-28 09:30:00.000000045,100066,100,100053,100,100067,200,100012,100,100074,100,99954,100,100079,100,99919,100,100081,100,99917,100,100093,100,99916,100,100095,100,99899,100,100096,100,99891,100,100097,100,99886,100,100116,100,99883,100
2019-06-28 09:30:00.000000046,100066,100,100053,100,100067,200,100012,100,100074,100,99954,100,100079,100,99919,100,100081,100,99917,100,100093,100,99916,100,100095,100,99899,100,100096,100,99891,100,100097,100,99886,100,100116,100,99883,100
2019-06-28 09:30:00.000000047,100066,100,100053,100,100067,200,100012,100,100074,100,99954,100,100079,100,99919,200,100081,100,99917,100,100093,100,99916,100,100095,100,99899,100,100096,100,99891,100,100097,100,99886,100,100116,100,99883,100
2019-06-28 09:30:00.000000048,100066,100,100012,100,100067,200,99954,100,100074,100,99919,200,100079,100,99917,100,100081,100,99916,100,100093,100,99899,100,100095,100,99891,100,100096,100,99886,100,100097,100,99883,100,100116,100,99866,100
2019-06-28 09:30:00.000000051,100066,100,99954,100,100067,200,99919,200,100074,100,99917,100,100079,100,99916,100,100081,100,99899,100,100093,100,99891,100,100095,100,99886,100,100096,100,99883,100,100097,100,99866,100,100116,100,,
2019-06-28 09:30:00.000000052,100053,100,99954,100,100066,100,99919,200,100067,200,99917,100,100074,100,99916,100,100079,100,99899,100,100081,100,99891,100,100093,100,99886,100,100095,100,99883,100,100096,100,99866,100,100097,100,,
2019-06-28 09:30:00.000000053,100053,100,99968,100,100066,100,99954,100,100067,200,99919,200,100074,100,99917,100,100079,100,99916,100,100081,100,99899,100,100093,100,99891,100,100095,100,99886,100,100096,100,99883,100,100097,100,99866,100
2019-06-28 09:30:00.000000055,100053,100,99968,100,100066,100,99954,100,100067,200,99919,200,100074,100,99917,100,100079,100,99916,100,100081,100,99899,100,100093,100,99891,100,100095,100,99886,100,100096,100,99883,100,100097,100,99866,100
2019-06-28 09:30:00.000000062,100017,100,99968,100,100038,100,99954,100,100053,100,99919,200,100066,100,99917,100,100067,200,99916,100,100074,100,99899,100,100079,100,99891,100,100081,100,99886,100,100093,100,99883,100,100095,100,99866,100
2019-06-28 09:30:00.000000065,100038,100,99968,100,100053,100,99954,100,100066,100,99919,200,100067,200,99917,100,100074,100,99916,100,100079,100,99899,100,100081,100,99891,100,100093,100,99886,100,100095,100,99883,100,100096,100,99866,100
2019-06-28 09:30:00.000000066,100017,100,99968,100,100038,100,99954,100,100053,100,99919,200,100066,100,99917,100,100067,200,99916,100,100074,100,99899,100,100079,100,99891,100,100081,100,99886,100,100093,100,99883,100,100095,100,99866,100
2019-06-28 09:30:00.000000068,100017,300,100012,100,100038,100,99968,100,100053,100,99954,100,100066,100,99919,200,100067,200,99917,100,100074,100,99916,100,100079,100,99899,100,100081,100,99891,100,100093,100,99886,100,100095,100,99883,100
2019-06-28 09:30:00.000000073,100017,300,100012,100,100038,100,99968,100,100053,100,99954,100,100066,100,99934,100,100067,200,99919,200,100074,100,99917,100,100079,100,99916,100,100081,100,99899,100,100093,100,99891,100,100095,100,99886,100
2019-06-28 09:30:00.000000077,100017,300,100012,100,100038,100,99968,100,100053,100,99954,100,100066,100,99934,100,100067,200,99919,200,100074,100,99917,100,100079,100,99916,100,100081,100,99899,100,100093,100,99891,100,100095,100,99886,100
2019-06-28 09:30:00.000000078,100017,300,100012,100,100038,100,99968,100,100053,100,99954,100,100066,100,99934,100,100067,200,99919,200,100074,100,99917,100,100079,100,99916,100,100081,100,99899,100,100093,100,99891,100,100095,100,99886,100
2019-06-28 09:30:00.000000080,100017,300,100012,200,100023,100,99968,100,100038,100,99954,100,100053,100,99934,100,100066,100,99919,200,100067,200,99917,100,100074,100,99916,100,100079,100,99899,100,100081,100,99891,100,100093,100,99886,100
2019-06-28 09:30:00.000000081,100017,300,100012,200,100023,100,99968,100,100038,100,99954,100,100053,100,99934,100,100066,100,99923,100,100067,200,99919,200,100074,100,99917,100,100079,100,99916,100,100081,100,99899,100,100093,100,99891,100
2019-06-28 09:30:00.000000083,100017,400,100012,200,100023,100,99968,100,100038,100,99954,100,100053,100,99934,100,100066,100,99923,100,100067,200,99919,200,100074,100,99917,100,100079,100,99916,100,100081,100,99899,100,100093,100,99891,100
2019-06-28 09:30:00.000000085,100017,200,100012,200,100023,100,99968,100,100038,100,99954,100,100053,100,99934,100,100066,100,99923,100,100067,200,99919,200,100074,100,99917,100,100079,100,99916,100,100081,100,99899,100,100093,100,99891,100
2019-06-28 09:30:00.000000086,100017,200,100012,200,100023,100,100003,100,100038,100,99968,100,100053,100,99954,100,100066,100,99934,100,100067,200,99923,100,100074,100,99919,200,100079,100,99917,100,100081,100,99916,100,100093,100,99899,100
2019-06-28 09:30:00.000000088,100017,200,100012,200,100023,100,100003,100,100038,100,99968,100,100053,100,99954,100,100066,100,99934,100,100067,200,99923,100,100074,100,99919,200,100079,100,99917,100,100081,100,99916,100,100093,100,99908,100
2019-06-28 09:30:00.000000089,100016,100,100012,200,100017,200,100003,100,100023,100,99968,100,100038,100,99954,100,100053,100,99934,100,100066,100,99923,100,100067,200,99919,200,100074,100,99917,100,100079,100,99916,100,100081,100,99908,100
2019-06-28 09:30:00.000000090,100016,200,100012,200,100017,200,100003,100,100023,100,99968,100,100038,100,99954,100,100053,100,99934,100,100066,100,99923,100,100067,200,99919,200,100074,100,99917,100,100079,100,99916,100,100081,100,99908,100
2019-06-28 09:30:00.000000091,100016,200,100012,200,100017,200,100003,100,100023,100,99968,100,100038,100,99954,100,100053,100,99952,100,100066,100,99934,100,100067,200,99923,100,100074,100,99919,200,100079,100,99917,100,100081,100,99916,100
2019-06-28 09:30:00.000000092,100016,200,100012,200,100017,200,100003,100,100023,100,99968,100,100038,100,99954,100,100053,100,99952,100,100066,100,99934,100,100067,200,99923,100,100074,100,99919,200,100079,100,99917,100,100081,100,99916,100
2019-06-28 09:30:00.000000093,100016,200,100012,200,100017,200,100003,100,100023,100,99968,100,100038,100,99954,100,100053,100,99952,100,100066,100,99934,100,100067,200,99923,100,100074,100,99919,200,100079,100,99917,100,100081,100,99916,100
2019-06-28 09:30:00.000000094,100016,200,100012,100,100017,200,100003,100,100023,100,99968,100,100038,100,99954,100,100053,100,99952,100,100066,100,99934,100,100067,200,99923,100,100074,100,99919,200,100079,100,99917,100,100081,100,99916,100
2019-06-28 09:30:00.000000095,100016,200,100015,100,100017,200,100012,100,100023,100,100003,100,100038,100,99968,100,100053,100,99957,100,100066,100,99954,100,100067,200,99952,100,100074,100,99934,100,100079,100,99923,100,100081,100,99919,200
2019-06-28 09:30:00.000000098,100016,200,100015,100,100017,200,100012,100,100023,100,100003,100,100038,100,99968,100,100053,100,99957,100,100066,100,99954,100,100067,200,99952,100,100074,100,99934,100,100079,100,99932,100,100081,100,99923,100
2019-06-28 09:30:00.000000099,100016,200,100015,100,100017,200,100012,100,100023,100,100003,100,100038,100,99968,100,100053,100,99957,100,100066,100,99954,100,100067,200,99952,100,100074,100,99934,100,100079,100,99932,100,100081,100,99923,100
2019-06-28 09:30:10.000000000,100016,300,100015,200,100017,300,100012,200,100023,200,100003,200,100038,200,99968,200,100053,200,99957,200,100066,100,99954,100,100067,200,99952,100,100074,100,99934,100,100079,100,99932,100,100081,100,99923,100
2019-06-28 09:30:14.014134827,100016,300,100015,200,100017,300,100012,200,100023,200,100003,200,100038,200,99968,200,100053,200,99957,200,100066,100,99954,100,100067,200,99952,100,100074,100,99934,100,100079,100,99932,100,100081,100,99923,100
2019-06-28 09:30:20.000000000,100016,300,100015,200,100017,300,100012,200,100023,200,100003,200,100038,200,99968,200,100053,200,99957,200,100066,100,99954,100,100067,200,99952,100,100074,100,99934,100,100079,100,99932,100,100081,100,99923,100
2019-06-28 09:30:25.030790328,100016,300,100015,200,100017,300,100012,200,100023,200,100003,200,100038,200,99968,200,100053,200,99957,200,100066,100,99952,100,100067,200,99934,100,100074,100,99932,100,100079,100,99923,100,100081,100,99919,200
2019-06-28 09:30:27.129260035,100016,300,100015,200,100017,300,100012,200,100023,200,100003,200,100034,100,99968,200,100038,200,99957,200,100053,200,99952,100,100066,100,99934,100,100067,200,99932,100,100074,100,99923,100,100079,100,99919,200
2019-06-28 09:30:29.870860790,100016,300,100015,100,100017,300,100012,200,100023,200,100003,200,100034,100,99968,200,100038,200,99957,200,100053,200,99952,100,100066,100,99934,100,100067,200,99932,100,100074,100,99923,100,100079,100,99919,200
2019-06-28 09:30:30.000000000,100016,325,100012,225,100017,325,100003,225,100023,225,99968,225,100034,225,99957,225,100038,100,99952,100,100053,100,99934,100,100066,100,99932,100,100067,200,99923,100,100074,100,99919,200,100079,100,99917,100
2019-06-28 09:30:36.339901848,100016,225,100012,225,100017,325,100003,225,100023,225,99968,225,100034,225,99957,225,100038,100,99952,100,100053,100,99932,100,100066,100,99923,100,100067,200,99919,200,100074,100,99917,100,100079,100,99916,100
2019-06-28 09:30:38.717669145,100016,225,100012,225,100017,325,100003,225,100023,225,99968,225,100034,225,99957,225,100038,100,99952,100,100053,100,99932,100,100066,100,99923,100,100067,200,99919,200,100071,100,99917,100,100074,100,99916,100
2019-06-28 09:30:40.000000000,100016,225,100012,225,100017,325,100003,225,100023,225,99968,225,100034,225,99957,225,100038,100,99952,100,100053,100,99932,100,100066,100,99923,100,100067,200,99919,200,100071,100,99917,100,100074,100,99916,100
2019-06-28 09:30:50.000000000,100016,600,100012,600,100017,200,100003,100,100023,100,99968,100,100034,100,99957,100,100038,100,99952,100,100053,100,99932,100,100066,100,99923,100,100067,200,99919,200,100071,100,99917,100,100074,100,99916,100
2019-06-28 09:30:52.349099283,100016,600,100012,500,100017,200,100003,100,100023,100,99968,100,100034,100,99957,100,100038,100,99952,100,100053,100,99932,100,100066,100,99923,100,100067,200,99919,200,100071,100,99917,100,100074,100,99916,100
2019-06-28 09:31:00.000000000,100016,350,100003,350,100017,450,99968,350,100023,100,99957,100,100034,100,99952,100,100038,100,99932,100,100053,100,99923,100,100066,100,99919,200,100067,200,99917,100,100071,100,99916,100,100074,100,99908,100
2019-06-28 09:31:10.000000000,100016,350,100003,350,100017,450,99968,350,100023,100,99957,100,100034,100,99952,100,100038,100,99932,100,100053,100,99923,100,100066,100,99919,200,100067,200,99917,100,100071,100,99916,100,100074,100,99908,100
2019-06-28 09:31:20.000000000,100016,225,100003,225,100017,325,99968,225,100023,225,99957,225,100034,225,99952,225,100038,100,99932,100,100053,100,99923,100,100066,100,99919,200,100067,200,99917,100,100071,100,99916,100,100074,100,99908,100
2019-06-28 09:31:28.407353462,100016,225,100003,225,100017,325,99968,225,100023,225,99957,225,100034,225,99952,225,100038,100,99932,100,100053,100,99923,100,100066,100,99919,200,100067,200,99917,100,100074,100,99916,100,100079,100,99908,100
2019-06-28 09:31:30.000000000,100016,270,100003,270,100017,365,99968,265,100023,265,99957,265,100034,100,99952,100,100038,100,99932,100,100053,100,99923,100,100066,100,99919,200,100067,200,99917,100,100074,100,99916,100,100079,100,99908,100
2019-06-28 09:31:30.646820371,100016,270,100003,170,100017,365,99968,265,100023,265,99957,265,100034,100,99952,100,100038,100,99932,100,100053,100,99923,100,100066,100,99919,200,100067,200,99917,100,100074,100,99916,100,100079,100,99908,100
2019-06-28 09:31:40.000000000,100016,600,99968,600,100017,200,99957,100,100023,100,99952,100,100034,100,99932,100,100038,100,99923,100,100053,100,99919,200,100066,100,99917,100,100067,200,99916,100,100074,100,99908,100,100079,100,99899,100
2019-06-28 09:31:43.303892485,100016,600,99968,500,100017,200,99957,100,100023,100,99952,100,100034,100,99932,100,100038,100,99923,100,100053,100,99919,200,100066,100,99917,100,100067,200,99916,100,100074,100,99908,100,100079,100,99899,100
2019-06-28 09:31:50.000000000,100016,270,99957,270,100017,365,99952,265,100023,265,99932,265,100034,100,99923,100,100038,100,99919,200,100053,100,99917,100,100066,100,99916,100,100067,200,99908,100,100074,100,99899,100,100079,100,99895,100
2019-06-28 09:31:58.306900977,99960,100,99957,270,100016,270,99952,265,100017,365,99932,265,100023,265,99923,100,100034,100,99919,200,100038,100,99917,100,100053,100,99916,100,100066,100,99908,100,100067,200,99895,100,100074,100,99891,100
2019-06-28 09:32:00.000000000,99960,270,99957,270,100016,265,99952,265,100017,365,99932,265,100023,100,99923,100,100034,100,99919,200,100038,100,99917,100,100053,100,99916,100,100066,100,99908,100,100067,200,99895,100,100074,100,99891,100
2019-06-28 09:32:05.644259568,99960,270,99957,270,100016,265,99952,265,100017,365,99932,265,100023,100,99923,100,100034,100,99919,200,100038,100,99917,100,100053,100,99916,100,100066,100,99908,100,100067,200,99895,100,100074,100,99891,100
2019-06-28 09:32:10.000000000,99960,350,99957,350,100016,350,99952,350,100017,200,99932,100,100023,100,99923,100,100034,100,99919,200,100038,100,99917,100,100053,100,99916,100,100066,100,99908,100,100067,200,99895,100,100074,100,99891,100
2019-06-28 09:32:20.000000000,99960,350,99957,350,100016,350,99952,350,100017,200,99932,100,100023,100,99923,100,100034,100,99919,200,100038,100,99917,100,100053,100,99916,100,100066,100,99908,100,100067,200,99895,100,100074,100,99891,100
2019-06-28 09:32:22.187433211,99960,350,99957,350,100003,100,99952,350,100016,350,99932,100,100017,200,99923,100,100023,100,99919,200,100034,100,99917,100,100038,100,99916,100,100053,100,99908,100,100066,100,99895,100,100067,200,99891,100
2019-06-28 09:32:30.000000000,99960,270,99957,270,100003,265,99952,265,100016,265,99932,265,100017,200,99923,100,100023,100,99919,200,100034,100,99917,100,100038,100,99916,100,100053,100,99908,100,100066,100,99895,100,100067,200,99891,100
2019-06-28 09:32:36.386149133,99960,270,99957,270,100003,365,99952,265,100016,265,99932,265,100017,200,99923,100,100023,100,99919,200,100034,100,99917,100,100038,100,99916,100,100053,100,99908,100,100066,100,99895,100,100067,200,99891,100
2019-06-28 09:32:40.000000000,99960,225,99957,225,100003,325,99952,225,100016,225,99932,225,100017,325,99923,225,100023,100,99919,200,100034,100,99917,100,100038,100,99916,100,100053,100,99908,100,100066,100,99895,100,100067,200,99891,100
2019-06-28 09:32:50.000000000,99960,600,99957,600,100003,200,99952,100,100016,100,99932,100,100017,200,99923,100,100023,100,99919,200,100034,100,99917,100,100038,100,99916,100,100053,100,99908,100,100066,100,99895,100,100067,200,99891,100
2019-06-28 09:33:00.000000000,99960,350,99957,350,100003,450,99952,350,100016,100,99932,100,100017,200,99923,100,100023,100,99919,200,100034,100,99917,100,100038,100,99916,100,100053,100,99908,100,100066,100,99895,100,100067,200,99891,100
2019-06-28 09:33:10.000000000,99960,600,99957,600,100003,200,99952,100,100016,100,99932,100,100017,200,99923,100,100023,100,99919,200,100034,100,99917,100,100038,100,99916,100,100053,100,99908,100,100066,100,99895,100,100067,200,99891,100
2019-06-28 09:33:20.000000000,99960,225,99957,225,100003,325,99952,225,100016,225,99932,225,100017,325,99923,225,100023,100,99919,200,100034,100,99917,100,100038,100,99916,100,100053,100,99908,100,100066,100,99895,100,100067,200,99891,100
2019-06-28 09:33:25.353171593,99960,225,99957,225,100003,325,99952,225,100016,225,99932,225,100017,325,99923,225,100023,100,99919,200,100034,100,99917,100,100038,100,99916,100,100053,100,99908,100,100066,100,99895,100,100067,200,99891,100
2019-06-28 09:33:28.459937430,99960,225,99957,225,100003,325,99952,225,100016,225,99932,225,100017,325,99923,225,100023,100,99919,200,100034,100,99917,100,100038,100,99916,100,100053,100,99908,100,100066,100,99895,100,100067,200,99891,100
2019-06-28 09:33:30.000000000,99960,350,99957,350,100003,450,99952,350,100016,100,99932,100,100017,200,99923,100,100023,100,99919,200,100034,100,99917,100,100038,100,99916,100,100053,100,99908,100,100066,100,99895,100,100067,200,99891,100
2019-06-28 09:33:40.000000000,99960,200,99957,200,100003,300,99952,200,100016,200,99932,200,100017,300,99923,200,100023,200,99919,300,100034,100,99917,100,100038,100,99916,100,100053,100,99908,100,100066,100,99895,100,100067,200,99891,100
2019-06-28 09:33:46.119411127,99960,200,99957,200,100003,300,99952,200,100016,200,99932,200,100017,300,99923,200,100023,200,99919,300,100034,100,99916,100,100038,100,99908,100,100053,100,99895,100,100066,100,99891,100,100067,200,99886,100
2019-06-28 09:33:50.000000000,99960,600,99957,600,100003,200,99952,100,100016,100,99932,100,100017,200,99923,100,100023,100,99919,200,100034,100,99916,100,100038,100,99908,100,100053,100,99895,100,100066,100,99891,100,100067,200,99886,100
2019-06-28 09:34:00.000000000,99960,270,99957,270,100003,365,99952,265,100016,265,99932,265,100017,200,99923,100,100023,100,99919,200,100034,100,99916,100,100038,100,99908,100,100053,100,99895,100,100066,100,99891,100,100067,200,99886,100
2019-06-28 09:34:08.107932054,99960,270,99957,270,100003,365,99952,265,100016,265,99932,265,100017,200,99923,100,100023,100,99919,200,100034,100,99916,100,100038,100,99908,100,100053,100,99895,100,100066,100,99891,100,100067,200,99886,100
2019-06-28 09:34:10.000000000,99960,200,99957,200,100003,300,99952,200,100016,200,99932,200,100017,300,99923,200,100023,200,99919,300,100034,100,99916,100,100038,100,99908,100,100053,100,99895,100,100066,100,99891,100,100067,200,99886,100
2019-06-28 09:34:12.092645431,99960,200,99952,200,100003,300,99932,200,100016,200,99923,200,100017,300,99919,300,100023,200,99916,100,100034,100,99908,100,100038,100,99895,100,100053,100,99891,100,100066,100,99886,100,100067,200,99866,100
2019-06-28 09:34:15.026174410,99960,200,99952,200,100003,300,99932,200,100016,200,99923,200,100017,300,99919,300,100023,200,99916,100,100034,100,99908,100,100038,100,99895,100,100053,100,99891,100,100066,100,99886,100,100067,200,99866,100
2019-06-28 09:34:20.000000000,99960,200,99952,200,100003,300,99932,200,100016,200,99923,200,100017,300,99919,300,100023,200,99916,200,100034,100,99908,100,100038,100,99895,100,100053,100,99891,100,100066,100,99886,100,100067,200,99866,100
2019-06-28 09:34:24.224909504,99959,100,99952,200,99960,200,99932,200,100003,300,99923,200,100016,200,99919,300,100017,300,99916,200,100023,200,99908,100,100034,100,99895,100,100038,100,99891,100,100053,100,99886,100,100066,100,99866,100
2019-06-28 09:34:30.000000000,99959,600,99952,600,99960,100,99932,100,100003,200,99923,100,100016,100,99919,200,100017,200,99916,100,100023,100,99908,100,100034,100,99895,100,100038,100,99891,100,100053,100,99886,100,100066,100,99866,100
2019-06-28 09:34:40.000000000,99959,270,99952,270,99960,265,99932,265,100003,365,99923,265,100016,100,99919,200,100017,200,99916,100,100023,100,99908,100,100034,100,99895,100,100038,100,99891,100,100053,100,99886,100,100066,100,99866,100
2019-06-28 09:34:44.280601041,99959,270,99952,170,99960,265,99932,265,100003,365,99923,265,100016,100,99919,200,100017,200,99916,100,100023,100,99908,100,100034,100,99895,100,100038,100,99891,100,100053,100,99886,100,100066,100,99866,100
2019-06-28 09:34:50.000000000,99959,600,99932,600,99960,100,99923,100,100003,200,99919,200,100016,100,99916,100,100017,200,99908,100,100023,100,99895,100,100034,100,99891,100,100038,100,99886,100,100053,100,99866,100,100066,100,99854,100
2019-06-28 09:34:52.421778673,99959,600,99932,500,99960,100,99923,100,100003,200,99919,200,100016,100,99916,100,100017,200,99908,100,100023,100,99895,100,100034,100,99891,100,100038,100,99886,100,100053,100,99866,100,100066,100,99854,100
2019-06-28 09:34:52.942133541,99952,100,99932,500,99959,600,99923,100,99960,100,99919,200,100003,100,99916,100,100016,100,99908,100,100017,200,99895,100,100023,100,99891,100,100034,100,99886,100,100038,100,99866,100,100053,100,99854,100
2019-06-28 09:34:53.473889731,99952,100,99932,500,99959,600,99923,100,99960,100,99919,200,100003,100,99916,100,100016,100,99908,100,100017,200,99895,100,100023,100,99891,100,100034,100,99886,100,100038,100,99866,100,100053,100,99854,100
2019-06-28 09:34:59.491412015,99952,100,99932,500,99959,600,99919,200,99960,100,99916,100,100003,100,99908,100,100016,100,99895,100,100017,200,99891,100,100023,100,99886,100,100034,100,99866,100,100038,100,99854,100,100053,100,99589,100
2019-06-28 09:35:00.000000000,99952,600,99919,700,99959,100,99916,100,99960,100,99908,100,100003,100,99895,100,100016,100,99891,100,100017,200,99886,100,100023,100,99866,100,100034,100,99854,100,100038,100,99589,100,100053,100,99516,100
2019-06-28 09:35:10.000000000,99952,270,99919,370,99959,265,99916,265,99960,265,99908,265,100003,100,99895,100,100016,100,99891,100,100017,200,99886,100,100023,100,99866,100,100034,100,99854,100,100038,100,99589,100,100053,100,99516,100
2019-06-28 09:35:20.000000000,99952,350,99919,450,99959,350,99916,350,99960,100,99908,100,100003,100,99895,100,100016,100,99891,100,100017,200,99886,100,100023,100,99866,100,100034,100,99854,100,100038,100,99589,100,100053,100,99516,100
2019-06-28 09:35:30.000000000,99952,600,99919,700,99959,100,99916,100,99960,100,99908,100,100003,100,99895,100,100016,100,99891,100,100017,200,99886,100,100023,100,99866,100,100034,100,99854,100,100038,100,99589,100,100053,100,99516,100
2019-06-28 09:35:40.000000000,99952,225,99919,325,99959,225,99916,225,99960,225,99908,225,100003,225,99895,225,100016,100,99891,100,100017,200,99886,100,100023,100,99866,100,100034,100,99854,100,100038,100,99589,100,100053,100,99516,100
2019-06-28 09:35:45.234956529,99952,225,99919,225,99959,225,99916,225,99960,225,99908,225,100003,225,99895,225,100016,100,99891,100,100017,200,99886,100,100023,100,99866,100,100034,100,99854,100,100038,100,99589,100,100053,100,99516,100
2019-06-28 09:35:50.000000000,99952,270,99919,270,99959,265,99916,265,99960,265,99908,265,100003,100,99895,100,100016,100,99891,100,100017,200,99886,100,100023,100,99866,100,100034,100,99854,100,100038,100,99589,100,100053,100,99516,100
2019-06-28 09:35:50.639270003,99952,270,99919,170,99959,265,99916,265,99960,265,99908,265,100003,100,99895,100,100016,100,99891,100,100017,200,99886,100,100023,100,99866,100,100034,100,99854,100,100038,100,99589,100,100053,100,99516,100
2019-06-28 09:35:56.740777477,99952,270,99919,170,99959,265,99916,265,99960,265,99908,265,100003,100,99895,100,100016,100,99891,100,100017,200,99886,100,100023,100,99866,100,100034,100,99854,100,100038,100,99589,100,100053,100,99516,100
2019-06-28 09:36:00.000000000,99952,270,99916,270,99959,265,99908,265,99960,265,99895,265,100003,100,99891,100,100016,100,99886,100,100017,200,99866,100,100023,100,99854,100,100034,100,99589,100,100038,100,99516,100,100053,100,99186,100
2019-06-28 09:36:00.665783046,99919,100,99916,270,99952,270,99908,265,99959,265,99895,265,99960,265,99891,100,100003,100,99886,100,100016,100,99866,100,100017,200,99854,100,100023,100,99589,100,100034,100,99516,100,100038,100,99186,100
2019-06-28 09:36:10.000000000,99919,270,99916,270,99952,265,99908,265,99959,265,99895,265,99960,100,99891,100,100003,100,99886,100,100016,100,99866,100,100017,200,99854,100,100023,100,99589,100,100034,100,99516,100,100038,100,99186,100
2019-06-28 09:36:18.280458134,99919,370,99916,270,99952,265,99908,265,99959,265,99895,265,99960,100,99891,100,100003,100,99886,100,100016,100,99866,100,100017,200,99854,100,100023,100,99589,100,100034,100,99516,100,100038,100,99186,100
2019-06-28 09:36:20.000000000,99919,450,99916,350,99952,350,99908,350,99959,100,99895,100,99960,100,99891,100,100003,100,99886,100,100016,100,99866,100,100017,200,99854,100,100023,100,99589,100,100034,100,99516,100,100038,100,99186,100
2019-06-28 09:36:21.458043795,99919,450,99916,350,99952,350,99908,350,99959,100,99891,100,99960,100,99886,100,100003,100,99866,100,100016,100,99854,100,100017,200,99589,100,100023,100,99516,100,100034,100,99186,100,100038,100,99134,100
2019-06-28 09:36:26.157822435,99919,550,99916,350,99952,350,99908,350,99959,100,99891,100,99960,100,99886,100,100003,100,99866,100,100016,100,99854,100,100017,200,99589,100,100023,100,99516,100,100034,100,99186,100,100038,100,99134,100
2019-06-28 09:36:30.000000000,99919,400,99916,200,99952,200,99908,200,99959,200,99891,200,99960,200,99886,200,100003,200,99866,200,100016,100,99854,100,100017,200,99589,100,100023,100,99516,100,100034,100,99186,100,100038,100,99134,100
2019-06-28 09:36:40.000000000,99919,470,99916,270,99952,265,99908,265,99959,265,99891,265,99960,100,99886,100,100003,100,99866,100,100016,100,99854,100,100017,200,99589,100,100023,100,99516,100,100034,100,99186,100,100038,100,99134,100
2019-06-28 09:36:48.061591125,99919,470,99916,270,99952,265,99908,265,99959,265,99891,265,99960,100,99886,100,100003,100,99866,100,100016,100,99854,100,100017,200,99589,100,100023,100,99516,100,100034,100,99186,100,100038,100,99134,100
2019-06-28 09:36:50.000000000,99919,550,99916,350,99952,350,99908,350,99959,100,99891,100,99960,100,99886,100,100003,100,99866,100,100016,100,99854,100,100017,200,99589,100,100023,100,99516,100,100034,100,99186,100,100038,100,99134,100
2019-06-28 09:37:00.000000000,99919,470,99916,270,99952,265,99908,265,99959,265,99891,265,99960,100,99886,100,100003,100,99866,100,100016,100,99854,100,100017,200,99589,100,100023,100,99516,100,100034,100,99186,100,100038,100,99134,100
2019-06-28 09:37:10.000000000,99919,470,99916,270,99952,265,99908,265,99959,265,99891,265,99960,100,99886,100,100003,100,99866,100,100016,100,99854,100,100017,200,99589,100,100023,100,99516,100,100034,100,99186,100,100038,100,99134,100
2019-06-28 09:37:20.000000000,99919,400,99916,200,99952,200,99908,200,99959,200,99891,200,99960,200,99886,200,100003,200,99866,200,100016,100,99854,100,100017,200,99589,100,100023,100,99516,100,100034,100,99186,100,100038,100,99134,100
2019-06-28 09:37:30.000000000,99919,400,99916,200,99952,200,99908,200,99959,200,99891,200,99960,200,99886,200,100003,200,99866,200,100016,100,99854,100,100017,200,99589,100,100023,100,99516,100,100034,100,99186,100,100038,100,99134,100
2019-06-28 09:37:40.000000000,99919,470,99916,270,99952,265,99908,265,99959,265,99891,265,99960,100,99886,100,100003,100,99866,100,100016,100,99854,100,100017,200,99589,100,100023,100,99516,100,100034,100,99186,100,100038,100,99134,100
2019-06-28 09:37:42.777900940,99919,470,99916,270,99952,265,99908,265,99959,265,99891,265,99960,100,99886,100,100003,100,99866,100,100016,100,99854,100,100017,200,99589,100,100023,100,99516,100,100034,100,99186,100,100038,100,99134,100
2019-06-28 09:37:50.000000000,99919,470,99916,270,99952,265,99908,265,99959,265,99891,265,99960,100,99886,100,100003,100,99866,100,100016,100,99854,100,100017,200,99589,100,100023,100,99516,100,100034,100,99186,100,100038,100,99134,100
2019-06-28 09:38:00.000000000,99919,400,99916,200,99952,200,99908,200,99959,200,99891,200,99960,200,99886,200,100003,200,99866,200,100016,100,99854,100,100017,200,99589,100,100023,100,99516,100,100034,100,99186,100,100038,100,99134,100
2019-06-28 09:38:00.942534415,99919,400,99916,200,99952,200,99908,200,99959,200,99891,100,99960,200,99886,200,100003,200,99866,200,100016,100,99854,100,100017,200,99589,100,100023,100,99516,100,100034,100,99186,100,100038,100,99134,100
2019-06-28 09:38:10.000000000,99919,425,99916,225,99952,225,99908,225,99959,225,99886,225,99960,225,99866,225,100003,100,99854,100,100016,100,99589,100,100017,200,99516,100,100023,100,99186,100,100034,100,99134,100,100038,100,99021,100
2019-06-28 09:38:16.273766167,99919,425,99916,125,99952,225,99908,225,99959,225,99886,225,99960,225,99866,225,100003,100,99854,100,100016,100,99589,100,100017,200,99516,100,100023,100,99186,100,100034,100,99134,100,100038,100,99021,100
2019-06-28 09:38:20.000000000,99919,550,99908,350,99952,350,99886,350,99959,100,99866,100,99960,100,99854,100,100003,100,99589,100,100016,100,99516,100,100017,200,99186,100,100023,100,99134,100,100034,100,99021,100,100038,100,98931,100
2019-06-28 09:38:20.812356913,99918,100,99908,350,99919,550,99886,350,99952,350,99866,100,99959,100,99854,100,99960,100,99589,100,100003,100,99516,100,100017,200,99186,100,100023,100,99134,100,100034,100,99021,100,100038,100,98931,100
2019-06-28 09:38:30.000000000,99918,225,99908,225,99919,425,99886,225,99952,225,99866,225,99959,225,99854,225,99960,100,99589,100,100003,100,99516,100,100017,200,99186,100,100023,100,99134,100,100034,100,99021,100,100038,100,98931,100
2019-06-28 09:38:40.000000000,99918,270,99908,270,99919,465,99886,265,99952,265,99866,265,99959,100,99854,100,99960,100,99589,100,100003,100,99516,100,100017,200,99186,100,100023,100,99134,100,100034,100,99021,100,100038,100,98931,100
2019-06-28 09:38:47.960209218,99918,270,99908,270,99919,465,99886,265,99952,265,99866,265,99959,100,99854,100,99960,100,99589,100,100003,100,99516,100,100017,200,99186,100,100023,100,99134,100,100034,100,99021,100,100038,100,98931,100
2019-06-28 09:38:50.000000000,99918,200,99908,200,99919,400,99886,200,99952,200,99866,200,99959,200,99854,200,99960,200,99589,200,100003,100,99516,100,100017,200,99186,100,100023,100,99134,100,100034,100,99021,100,100038,100,98931,100
2019-06-28 09:38:54.014331302,99918,200,99908,100,99919,400,99886,200,99952,200,99866,200,99959,200,99854,200,99960,200,99589,200,100003,100,99516,100,100017,200,99186,100,100023,100,99134,100,100034,100,99021,100,100038,100,98931,100
2019-06-28 09:38:57.463446198,99916,100,99908,100,99918,200,99886,200,99919,400,99866,200,99952,200,99854,200,99959,200,99589,200,99960,200,99516,100,100003,100,99186,100,100017,200,99134,100,100023,100,99021,100,100034,100,98931,100
2019-06-28 09:39:00.000000000,99916,270,99886,270,99918,265,99866,265,99919,465,99854,265,99952,100,99589,100,99959,100,99516,100,99960,100,99186,100,100003,100,99134,100,100017,200,99021,100,100023,100,98931,100,100034,100,98912,100
2019-06-28 09:39:10.000000000,99916,225,99886,225,99918,225,99866,225,99919,425,99854,225,99952,225,99589,225,99959,100,99516,100,99960,100,99186,100,100003,100,99134,100,100017,200,99021,100,100023,100,98931,100,100034,100,98912,100
2019-06-28 09:39:20.000000000,99916,600,99886,600,99918,100,99866,100,99919,300,99854,100,99952,100,99589,100,99959,100,99516,100,99960,100,99186,100,100003,100,99134,100,100017,200,99021,100,100023,100,98931,100,100034,100,98912,100
2019-06-28 09:39:22.152291642,99916,600,99886,500,99918,100,99866,100,99919,300,99854,100,99952,100,99589,100,99959,100,99516,100,99960,100,99186,100,100003,100,99134,100,100017,200,99021,100,100023,100,98931,100,100034,100,98912,100
2019-06-28 09:39:30.000000000,99916,350,99866,350,99918,350,99854,350,99919,300,99589,100,99952,100,99516,100,99959,100,99186,100,99960,100,99134,100,100003,100,99021,100,100017,200,98931,100,100023,100,98912,100,100034,100,98855,100
2019-06-28 09:39:35.670586104,99916,350,99866,350,99918,350,99854,350,99919,300,99589,100,99952,100,99516,100,99959,100,99186,100,99960,100,99134,100,100003,100,99021,100,100017,200,98975,100,100023,100,98931,100,100034,100,98912,100
2019-06-28 09:39:40.000000000,99916,200,99866,200,99918,200,99854,200,99919,400,99589,200,99952,200,99516,200,99959,200,99186,200,99960,100,99134,100,100003,100,99021,100,100017,200,98975,100,100023,100,98931,100,100034,100,98912,100
2019-06-28 09:39:50.000000000,99916,225,99866,225,99918,225,99854,225,99919,425,99589,225,99952,225,99516,225,99959,100,99186,100,99960,100,99134,100,100003,100,99021,100,100017,200,98975,100,100023,100,98931,100,100034,100,98912,100
2019-06-28 09:40:00.000000000,99916,200,99866,200,99918,200,99854,200,99919,400,99589,200,99952,200,99516,200,99959,200,99186,200,99960,100,99134,100,100003,100,99021,100,100017,200,98975,100,100023,100,98931,100,100034,100,98912,100
2019-06-28 09:40:10.000000000,99916,225,99866,225,99918,225,99854,225,99919,425,99589,225,99952,225,99516,225,99959,100,99186,100,99960,100,99134,100,100003,100,99021,100,100017,200,98975,100,100023,100,98931,100,100034,100,98912,100
2019-06-28 09:40:11.564815118,99916,225,99866,125,99918,225,99854,225,99919,425,99589,225,99952,225,99516,225,99959,100,99186,100,99960,100,99134,100,100003,100,99021,100,100017,200,98975,100,100023,100,98931,100,100034,100,98912,100
2019-06-28 09:40:20.000000000,99916,350,99854,350,99918,350,99589,350,99919,300,99516,100,99952,100,99186,100,99959,100,99134,100,99960,100,99021,100,100003,100,98975,100,100017,200,98931,100,100023,100,98912,100,100034,100,98855,100
2019-06-28 09:40:30.000000000,99916,350,99854,350,99918,350,99589,350,99919,300,99516,100,99952,100,99186,100,99959,100,99134,100,99960,100,99021,100,100003,100,98975,100,100017,200,98931,100,100023,100,98912,100,100034,100,98855,100
2019-06-28 09:40:35.989510166,99916,350,99854,350,99918,350,99589,350,99919,300,99516,100,99959,100,99186,100,99960,100,99134,100,100003,100,99021,100,100017,200,98975,100,100023,100,98931,100,100034,100,98912,100,100038,100,98855,100
2019-06-28 09:40:40.000000000,99916,350,99854,350,99918,350,99589,350,99919,300,99516,100,99959,100,99186,100,99960,100,99134,100,100003,100,99021,100,100017,200,98975,100,100023,100,98931,100,100034,100,98912,100,100038,100,98855,100
2019-06-28 09:40:41.776031028,99916,350,99854,350,99918,350,99589,350,99919,300,99516,100,99959,100,99306,100,99960,100,99186,100,100003,100,99134,100,100017,200,98975,100,100023,100,98931,100,100034,100,98912,100,100038,100,98855,100
2019-06-28 09:40:50.000000000,99916,225,99854,225,99918,225,99589,225,99919,425,99516,225,99959,225,99306,225,99960,100,99186,100,100003,100,99134,100,100017,200,98975,100,100023,100,98931,100,100034,100,98912,100,100038,100,98855,100
2019-06-28 09:40:58.262550356,99916,225,99854,125,99918,225,99589,225,99919,425,99516,225,99959,225,99306,225,99960,100,99186,100,100003,100,99134,100,100017,200,98975,100,100023,100,98931,100,100034,100,98912,100,100038,100,98855,100
2019-06-28 09:41:00.000000000,99916,600,99589,600,99918,100,99516,100,99919,300,99306,100,99959,100,99186,100,99960,100,99134,100,100003,100,98975,100,100017,200,98931,100,100023,100,98912,100,100034,100,98855,100,100038,100,98836,100
2019-06-28 09:41:10.000000000,99916,200,99589,200,99918,200,99516,200,99919,400,99306,200,99959,200,99186,200,99960,200,99134,200,100003,100,98975,100,100017,200,98931,100,100023,100,98912,100,100034,100,98855,100,100038,100,98836,100
2019-06-28 09:41:16.453247368,99916,200,99589,100,99918,200,99516,200,99919,400,99306,200,99959,200,99186,200,99960,200,99134,200,100003,100,98975,100,100017,200,98931,100,100023,100,98912,100,100034,100,98855,100,100038,100,98836,100
2019-06-28 09:41:20.000000000,99916,600,99516,600,99918,100,99306,100,99919,300,99186,100,99959,100,99134,100,99960,100,98975,100,100003,100,98931,100,100017,200,98912,100,100023,100,98855,100,100034,100,98836,100,100038,100,98825,100
2019-06-28 09:41:30.000000000,99916,200,99516,200,99918,200,99306,200,99919,400,99186,200,99959,200,99134,200,99960,200,98975,200,100003,100,98931,100,100017,200,98912,100,100023,100,98855,100,100034,100,98836,100,100038,100,98825,100
2019-06-28 09:41:34.860442050,99916,200,99516,100,99918,200,99306,200,99919,400,99186,200,99959,200,99134,200,99960,200,98975,200,100003,100,98931,100,100017,200,98912,100,100023,100,98855,100,100034,100,98836,100,100038,100,98825,100
2019-06-28 09:41:37.923403710,99916,200,99306,200,99918,200,99186,200,99919,400,99134,200,99959,200,98975,200,99960,200,98931,100,100003,100,98912,100,100017,200,98855,100,100023,100,98836,100,100034,100,98825,100,100038,100,98758,100
2019-06-28 09:41:39.098177950,99916,200,99306,100,99918,200,99186,200,99919,400,99134,200,99959,200,98975,200,99960,200,98931,100,100003,100,98912,100,100017,200,98855,100,100023,100,98836,100,100034,100,98825,100,100038,100,98758,100
2019-06-28 09:41:40.000000000,99916,600,99186,600,99918,100,99134,100,99919,300,98975,100,99959,100,98931,100,99960,100,98912,100,100003,100,98855,100,100017,200,98836,100,100023,100,98825,100,100034,100,98758,100,100038,100,,
2019-06-28 09:41:50.000000000,99916,200,99186,200,99918,200,99134,200,99919,400,98975,200,99959,200,98931,200,99960,200,98912,200,100003,100,98855,100,100017,200,98836,100,100023,100,98825,100,100034,100,98758,100,100038,100,,
2019-06-28 09:42:00.000000000,99916,270,99186,270,99918,265,99134,265,99919,465,98975,265,99959,100,98931,100,99960,100,98912,100,100003,100,98855,100,100017,200,98836,100,100023,100,98825,100,100034,100,98758,100,100038,100,,
2019-06-28 09:42:10.000000000,99916,225,99186,225,99918,225,99134,225,99919,425,98975,225,99959,225,98931,225,99960,100,98912,100,100003,100,98855,100,100017,200,98836,100,100023,100,98825,100,100034,100,98758,100,100038,100,,
2019-06-28 09:42:13.900106221,99916,225,99186,125,99918,225,99134,225,99919,425,98975,225,99959,225,98931,225,99960,100,98912,100,100003,100,98836,100,100017,200,98825,100,100023,100,98758,100,100034,100,,,100038,100,,
2019-06-28 09:42:20.000000000,99916,200,99134,200,99918,200,98975,200,99919,400,98931,200,99959,200,98912,200,99960,200,98836,200,100003,100,98825,100,100017,200,98758,100,100023,100,,,100034,100,,,100038,100,,
2019-06-28 09:42:29.019479638,99306,100,99134,200,99916,200,98975,200,99918,200,98931,200,99919,300,98912,200,99959,200,98836,200,99960,200,98825,100,100003,100,98758,100,100017,200,,,100023,100,,,100034,100,,
2019-06-28 09:42:30.000000000,99306,270,99134,270,99916,265,98975,265,99918,265,98931,265,99919,200,98912,100,99959,100,98836,100,99960,100,98825,100,100003,100,98758,100,100017,200,,,100023,100,,,100034,100,,
2019-06-28 09:42:40.000000000,99306,270,99134,270,99916,265,98975,265,99918,265,98931,265,99919,200,98912,100,99959,100,98836,100,99960,100,98825,100,100003,100,98758,100,100017,200,,,100023,100,,,100034,100,,
2019-06-28 09:42:50.000000000,99306,270,99134,270,99916,265,98975,265,99918,265,98931,265,99919,200,98912,100,99959,100,98836,100,99960,100,98825,100,100003,100,98758,100,100017,200,,,100023,100,,,100034,100,,
2019-06-28 09:42:56.788734429,99217,100,99134,270,99306,270,98975,265,99916,265,98931,265,99918,265,98912,100,99919,200,98836,100,99959,100,98825,100,99960,100,98758,100,100003,100,,,100017,200,,,100023,100,,
2019-06-28 09:43:00.000000000,99217,200,99134,200,99306,200,98975,200,99916,200,98931,200,99918,200,98912,200,99919,300,98836,200,99959,100,98825,100,99960,100,98758,100,100003,100,,,100017,200,,,100023,100,,
2019-06-28 09:43:07.202769053,99217,200,99134,100,99306,200,98975,200,99916,200,98931,200,99918,200,98912,200,99919,300,98836,200,99959,100,98825,100,99960,100,98758,100,100003,100,,,100017,200,,,100023,100,,
2019-06-28 09:43:10.000000000,99217,600,98975,600,99306,100,98931,100,99916,100,98912,100,99918,100,98836,100,99919,200,98825,100,99959,100,98758,100,99960,100,,,100003,100,,,100017,200,,,100023,100,,
2019-06-28 09:43:16.189362309,99217,600,98975,600,99306,100,98931,100,99916,100,98912,100,99919,200,98836,100,99959,100,98825,100,99960,100,98758,100,100003,100,,,100017,200,,,100023,100,,,100034,100,,
2019-06-28 09:43:20.000000000,99217,200,98975,200,99306,200,98931,200,99916,200,98912,200,99919,300,98836,200,99959,200,98825,200,99960,100,98758,100,100003,100,,,100017,200,,,100023,100,,,100034,100,,
2019-06-28 09:43:30.000000000,99217,225,98975,225,99306,225,98931,225,99916,225,98912,225,99919,325,98836,225,99959,100,98825,100,99960,100,98758,100,100003,100,,,100017,200,,,100023,100,,,100034,100,,
2019-06-28 09:43:40.000000000,99217,200,98975,200,99306,200,98931,200,99916,200,98912,200,99919,300,98836,200,99959,200,98825,200,99960,100,98758,100,100003,100,,,100017,200,,,100023,100,,,100034,100,,
2019-06-28 09:43:43.909685795,99217,200,98975,200,99259,100,98931,200,99306,200,98912,200,99916,200,98836,200,99919,300,98825,200,99959,200,98758,100,99960,100,,,100003,100,,,100017,200,,,100023,100,,
2019-06-28 09:43:44.501569128,99129,100,98975,200,99217,200,98931,200,99259,100,98912,200,99306,200,98836,200,99916,200,98825,200,99919,300,98758,100,99959,200,,,99960,100,,,100003,100,,,100017,200,,
2019-06-28 09:43:50.000000000,99129,350,98975,350,99217,350,98931,350,99259,100,98912,100,99306,100,98836,100,99916,100,98825,100,99919,200,98758,100,99959,100,,,99960,100,,,100003,100,,,100017,200,,
2019-06-28 09:43:53.733078793,99129,350,98975,350,99217,350,98931,350,99259,100,98912,100,99306,100,98836,100,99339,100,98825,100,99916,100,98758,100,99919,200,,,99959,100,,,99960,100,,,100003,100,,
2019-06-28 09:44:00.000000000,99129,350,98975,350,99217,350,98931,350,99259,100,98912,100,99306,100,98836,100,99339,100,98825,100,99916,100,98758,100,99919,200,,,99959,100,,,99960,100,,,100003,100,,
2019-06-28 09:44:02.946918332,99129,250,98975,350,99217,350,98931,350,99259,100,98912,100,99306,100,98836,100,99339,100,98825,100,99916,100,98758,100,99919,200,,,99959,100,,,99960,100,,,100003,100,,
2019-06-28 09:44:10.000000000,99217,350,98975,350,99259,350,98931,350,99306,100,98912,100,99339,100,98836,100,99916,100,98825,100,99919,200,98758,100,99959,100,,,99960,100,,,100003,100,,,100017,200,,
2019-06-28 09:44:16.930805091,99217,250,98975,350,99259,350,98931,350,99306,100,98912,100,99339,100,98836,100,99916,100,98825,100,99919,200,98758,100,99959,100,,,99960,100,,,100003,100,,,100017,200,,
2019-06-28 09:44:20.000000000,99259,270,98975,270,99306,265,98931,265,99339,265,98912,265,99916,100,98836,100,99919,200,98825,100,99959,100,98758,100,99960,100,,,100003,100,,,100017,200,,,100023,100,,
2019-06-28 09:44:24.314982496,99259,270,98975,270,99306,265,98931,265,99339,265,98912,265,99556,100,98836,100,99916,100,98825,100,99919,200,98758,100,99959,100,,,99960,100,,,100003,100,,,100017,200,,
2019-06-28 09:44:30.000000000,99259,200,98975,200,99306,200,98931,200,99339,200,98912,200,99556,200,98836,200,99916,200,98825,200,99919,200,98758,100,99959,100,,,99960,100,,,100003,100,,,100017,200,,
2019-06-28 09:44:40.000000000,99259,350,98975,350,99306,350,98931,350,99339,100,98912,100,99556,100,98836,100,99916,100,98825,100,99919,200,98758,100,99959,100,,,99960,100,,,100003,100,,,100017,200,,
2019-06-28 09:44:43.064149349,99259,250,98975,350,99306,350,98931,350,99339,100,98912,100,99556,100,98836,100,99916,100,98825,100,99919,200,98758,100,99959,100,,,99960,100,,,100003,100,,,100017,200,,
2019-06-28 09:44:50.000000000,99306,350,98975,350,99339,350,98931,350,99556,100,98912,100,99916,100,98836,100,99919,200,98825,100,99959,100,98758,100,99960,100,,,100003,100,,,100017,200,,,100034,100,,
2019-06-28 09:45:00.000000000,99306,350,98975,350,99339,350,98931,350,99556,100,98912,100,99916,100,98836,100,99919,200,98825,100,99959,100,98758,100,99960,100,,,100003,100,,,100017,200,,,100034,100,,
2019-06-28 09:45:10.000000000,99306,225,98975,225,99339,225,98931,225,99556,225,98912,225,99916,225,98836,225,99919,200,98825,100,99959,100,98758,100,99960,100,,,100003,100,,,100017,200,,,100034,100,,
2019-06-28 09:45:20.000000000,99306,350,98975,350,99339,350,98931,350,99556,100,98912,100,99916,100,98836,100,99919,200,98825,100,99959,100,98758,100,99960,100,,,100003,100,,,100017,200,,,100034,100,,
2019-06-28 09:45:28.380957188,99306,250,98975,350,99339,350,98931,350,99556,100,98912,100,99916,100,98836,100,99919,200,98825,100,99959,100,98758,100,99960,100,,,100003,100,,,100017,200,,,100034,100,,
2019-06-28 09:45:30.000000000,99339,600,98975,600,99556,100,98931,100,99916,100,98912,100,99919,200,98836,100,99959,100,98825,100,99960,100,98758,100,100003,100,,,100017,200,,,100034,100,,,100038,100,,
2019-06-28 09:45:34.429037763,99339,600,98975,600,99556,100,98931,100,99916,100,98912,100,99919,200,98836,100,99959,100,98825,100,99960,100,98758,100,100003,100,,,100017,200,,,100034,100,,,100038,100,,
2019-06-28 09:45:37.599275890,99339,500,98975,600,99556,100,98931,100,99916,100,98912,100,99919,200,98836,100,99959,100,98825,100,99960,100,98758,100,100003,100,,,100017,200,,,100034,100,,,100038,100,,
2019-06-28 09:45:40.000000000,99556,225,98975,225,99916,225,98931,225,99919,325,98912,225,99959,225,98836,225,99960,100,98825,100,100003,100,98758,100,100017,200,,,100034,100,,,100038,100,,,100074,100,,
2019-06-28 09:45:50.000000000,99556,600,98975,600,99916,100,98931,100,99919,200,98912,100,99959,100,98836,100,99960,100,98825,100,100003,100,98758,100,100017,200,,,100034,100,,,100038,100,,,100074,100,,
2019-06-28 09:45:51.592655718,99556,600,98975,600,99916,100,98931,100,99919,200,98912,100,99959,100,98836,100,99960,100,98825,100,100003,100,98758,100,100017,200,,,100034,100,,,100038,100,,,100116,100,,
2019-06-28 09:46:00.000000000,99556,350,98975,350,99916,350,98931,350,99919,200,98912,100,99959,100,98836,100,99960,100,98825,100,100003,100,98758,100,100017,200,,,100034,100,,,100038,100,,,100116,100,,
2019-06-28 09:46:10.000000000,99556,350,98975,350,99916,350,98931,350,99919,200,98912,100,99959,100,98836,100,99960,100,98825,100,100003,100,98758,100,100017,200,,,100034,100,,,100038,100,,,100116,100,,
2019-06-28 09:46:19.555798233,99556,250,98975,350,99916,350,98931,350,99919,200,98912,100,99959,100,98836,100,99960,100,98825,100,100003,100,98758,100,100017,200,,,100034,100,,,100038,100,,,100116,100,,
2019-06-28 09:46:20.000000000,99916,600,98975,600,99919,200,98931,100,99959,100,98912,100,99960,100,98836,100,100003,100,98825,100,100017,200,98758,100,100034,100,,,100038,100,,,100116,100,,,100177,100,,
2019-06-28 09:46:30.000000000,99916,270,98975,270,99919,365,98931,265,99959,265,98912,265,99960,100,98836,100,100003,100,98825,100,100017,200,98758,100,100034,100,,,100038,100,,,100116,100,,,100177,100,,
2019-06-28 09:46:30.052298362,99916,170,98975,270,99919,365,98931,265,99959,265,98912,265,99960,100,98836,100,100003,100,98825,100,100017,200,98758,100,100034,100,,,100038,100,,,100116,100,,,100177,100,,
2019-06-28 09:46:40.000000000,99919,325,98975,225,99959,225,98931,225,99960,225,98912,225,100003,225,98836,225,100017,200,98825,100,100034,100,98758,100,100038,100,,,100116,100,,,100177,100,,,100207,100,,
2019-06-28 09:46:42.533767609,99919,225,98975,225,99959,225,98931,225,99960,225,98912,225,100003,225,98836,225,100017,200,98825,100,100034,100,98758,100,100038,100,,,100116,100,,,100177,100,,,100207,100,,
2019-06-28 09:46:50.000000000,99919,225,98975,225,99959,225,98931,225,99960,225,98912,225,100003,225,98836,225,100017,200,98825,100,100034,100,98758,100,100038,100,,,100116,100,,,100177,100,,,100207,100,,
2019-06-28 09:46:53.819825877,99919,225,98975,225,99959,225,98931,225,99960,225,98912,225,100003,225,98836,225,100017,200,98825,100,100034,100,98758,100,100038,100,,,100116,100,,,100177,100,,,100207,100,,
2019-06-28 09:47:00.000000000,99919,200,98975,200,99959,200,98931,200,99960,200,98912,200,100003,200,98836,200,100017,300,98825,200,100034,100,98758,100,100038,100,,,100116,100,,,100177,100,,,100207,100,,
2019-06-28 09:47:04.836391510,99919,200,99916,100,99959,200,98975,200,99960,200,98931,200,100003,200,98912,200,100017,300,98836,200,100034,100,98825,200,100038,100,98758,100,100116,100,,,100177,100,,,100207,100,,
2019-06-28 09:47:06.079714796,99919,100,99916,100,99959,200,98975,200,99960,200,98931,200,100003,200,98912,200,100017,300,98836,200,100034,100,98825,200,100038,100,98758,100,100116,100,,,100177,100,,,100207,100,,
2019-06-28 09:47:08.765972101,99959,200,99916,100,99960,200,98975,200,100003,200,98931,200,100017,300,98912,200,100034,100,98836,200,100038,100,98825,200,100116,100,98758,100,100177,100,,,100207,100,,,100293,100,,
2019-06-28 09:47:10.000000000,99959,600,99916,600,99960,100,98975,100,100003,100,98931,100,100017,200,98912,100,100034,100,98836,100,100038,100,98825,100,100116,100,98758,100,100177,100,,,100207,100,,,100293,100,,
2019-06-28 09:47:20.000000000,99959,270,99916,270,99960,265,98975,265,100003,265,98931,265,100017,200,98912,100,100034,100,98836,100,100038,100,98825,100,100116,100,98758,100,100177,100,,,100207,100,,,100293,100,,
2019-06-28 09:47:30.000000000,99959,225,99916,225,99960,225,98975,225,100003,225,98931,225,100017,325,98912,225,100034,100,98836,100,100038,100,98825,100,100116,100,98758,100,100177,100,,,100207,100,,,100293,100,,
2019-06-28 09:47:40.000000000,99959,200,99916,200,99960,200,98975,200,100003,200,98931,200,100017,300,98912,200,100034,200,98836,200,100038,100,98825,100,100116,100,98758,100,100177,100,,,100207,100,,,100293,100,,
2019-06-28 09:47:50.000000000,99959,600,99916,600,99960,100,98975,100,100003,100,98931,100,100017,200,98912,100,100034,100,98836,100,100038,100,98825,100,100116,100,98758,100,100177,100,,,100207,100,,,100293,100,,
2019-06-28 09:47:55.718222746,99959,600,99916,600,99960,100,99449,100,100003,100,98975,100,100017,200,98931,100,100034,100,98912,100,100038,100,98836,100,100116,100,98825,100,100177,100,98758,100,100207,100,,,100293,100,,
2019-06-28 09:48:00.000000000,99959,200,99916,200,99960,200,99449,200,100003,200,98975,200,100017,300,98931,200,100034,200,98912,200,100038,100,98836,100,100116,100,98825,100,100177,100,98758,100,100207,100,,,100293,100,,
2019-06-28 09:48:10.000000000,99959,270,99916,270,99960,265,99449,265,100003,265,98975,265,100017,200,98931,100,100034,100,98912,100,100038,100,98836,100,100116,100,98825,100,100177,100,98758,100,100207,100,,,100293,100,,
2019-06-28 09:48:20.000000000,99959,225,99916,225,99960,225,99449,225,100003,225,98975,225,100017,325,98931,225,100034,100,98912,100,100038,100,98836,100,100116,100,98825,100,100177,100,98758,100,100207,100,,,100293,100,,
2019-06-28 09:48:30.000000000,99959,200,99916,200,99960,200,99449,200,100003,200,98975,200,100017,300,98931,200,100034,200,98912,200,100038,100,98836,100,100116,100,98825,100,100177,100,98758,100,100207,100,,,100293,100,,
2019-06-28 09:48:40.000000000,99959,225,99916,225,99960,225,99449,225,100003,225,98975,225,100017,325,98931,225,100034,100,98912,100,100038,100,98836,100,100116,100,98825,100,100177,100,98758,100,100207,100,,,100293,100,,
2019-06-28 09:48:49.248837190,99959,225,99916,225,99960,225,99694,100,100003,225,99449,225,100017,325,98975,225,100034,100,98931,225,100038,100,98912,100,100116,100,98836,100,100177,100,98825,100,100207,100,98758,100,100293,100,,
2019-06-28 09:48:50.000000000,99959,600,99916,600,99960,100,99694,100,100003,100,99449,100,100017,200,98975,100,100034,100,98931,100,100038,100,98912,100,100116,100,98836,100,100177,100,98825,100,100207,100,98758,100,100293,100,,
2019-06-28 09:48:59.234674930,99959,600,99916,600,99960,100,99694,100,100003,100,99449,100,100017,200,98975,100,100034,100,98931,100,100038,100,98912,100,100116,100,98836,100,100150,100,98825,100,100177,100,98758,100,100207,100,,
2019-06-28 09:49:00.000000000,99959,600,99916,600,99960,100,99694,100,100003,100,99449,100,100017,200,98975,100,100034,100,98931,100,100038,100,98912,100,100116,100,98836,100,100150,100,98825,100,100177,100,98758,100,100207,100,,
2019-06-28 09:49:10.000000000,99959,225,99916,225,99960,225,99694,225,100003,225,99449,225,100017,325,98975,225,100034,100,98931,100,100038,100,98912,100,100116,100,98836,100,100150,100,98825,100,100177,100,98758,100,100207,100,,
2019-06-28 09:49:12.214548194,99959,225,99916,125,99960,225,99694,225,100003,225,99449,225,100017,325,98975,225,100034,100,98931,100,100038,100,98912,100,100116,100,98836,100,100150,100,98825,100,100177,100,98758,100,100207,100,,
2019-06-28 09:49:20.000000000,99959,350,99694,350,99960,350,99449,350,100003,100,98975,100,100017,200,98931,100,100034,100,98912,100,100038,100,98836,100,100116,100,98825,100,100150,100,98758,100,100177,100,,,100207,100,,
2019-06-28 09:49:25.269383614,99959,350,99694,350,99960,350,99679,100,100003,100,99449,350,100017,200,98975,100,100034,100,98912,100,100038,100,98836,100,100116,100,98825,100,100150,100,98758,100,100177,100,,,100207,100,,
2019-06-28 09:49:30.000000000,99959,225,99694,225,99960,225,99679,225,100003,225,99449,225,100017,325,98975,225,100034,100,98912,100,100038,100,98836,100,100116,100,98825,100,100150,100,98758,100,100177,100,,,100207,100,,
2019-06-28 09:49:39.278445350,99959,225,99917,100,99960,225,99694,225,100003,225,99679,225,100017,325,99449,225,100034,100,98975,225,100038,100,98912,100,100116,100,98836,100,100150,100,98825,100,100177,100,98758,100,100207,100,,
2019-06-28 09:49:40.000000000,99959,200,99917,200,99960,200,99694,200,100003,200,99679,200,100017,300,99449,200,100034,200,98975,200,100038,100,98912,100,100116,100,98836,100,100150,100,98825,100,100177,100,98758,100,100207,100,,
2019-06-28 09:49:50.000000000,99959,200,99917,200,99960,200,99694,200,100003,200,99679,200,100017,300,99449,200,100034,200,98975,200,100038,100,98912,100,100116,100,98836,100,100150,100,98825,100,100177,100,98758,100,100207,100,,
2019-06-28 09:49:50.707494418,99959,200,99917,200,99960,200,99694,200,99970,100,99679,200,100003,200,99449,200,100017,300,98975,200,100034,100,98912,100,100038,100,98836,100,100116,100,98825,100,100150,100,98758,100,100177,100,,
2019-06-28 09:49:54.094583496,99919,100,99917,200,99959,200,99694,200,99960,200,99679,200,99970,100,99449,200,100003,200,98975,200,100017,300,98912,100,100034,100,98836,100,100038,100,98825,100,100116,100,98758,100,100150,100,,
2019-06-28 09:49:58.117006634,99919,100,99917,200,99959,200,99694,200,99960,200,99687,100,99970,100,99679,200,100003,200,99449,200,100017,300,98975,200,100034,100,98912,100,100038,100,98836,100,100116,100,98825,100,100150,100,98758,100
2019-06-28 09:50:00.000000000,99919,225,99917,225,99959,225,99694,225,99960,225,99687,225,99970,225,99679,225,100003,100,99449,100,100017,200,98975,100,100038,100,98912,100,100116,100,98836,100,100150,100,98825,100,100177,100,98758,100
2019-06-28 09:50:06.561776065,99919,225,99917,225,99959,225,99694,225,99960,225,99687,225,99970,225,99679,225,100003,100,99519,100,100017,200,99449,100,100038,100,98975,100,100116,100,98912,100,100150,100,98836,100,100177,100,98825,100
2019-06-28 09:50:10.000000000,99919,225,99917,225,99959,225,99694,225,99960,225,99687,225,99970,225,99679,225,100003,100,99519,100,100017,200,99449,100,100038,100,98975,100,100116,100,98912,100,100150,100,98836,100,100177,100,98825,100
2019-06-28 09:50:20.000000000,99919,600,99917,600,99959,100,99694,100,99960,100,99687,100,99970,100,99679,100,100003,100,99519,100,100017,200,99449,100,100038,100,98975,100,100116,100,98912,100,100150,100,98836,100,100177,100,98825,100
2019-06-28 09:50:30.000000000,99919,225,99917,225,99959,225,99694,225,99960,225,99687,225,99970,225,99679,225,100003,100,99519,100,100017,200,99449,100,100038,100,98975,100,100116,100,98912,100,100150,100,98836,100,100177,100,98825,100
2019-06-28 09:50:34.115088229,99919,325,99917,225,99959,225,99694,225,99960,225,99687,225,99970,225,99679,225,100003,100,99519,100,100017,100,99449,100,100038,100,98975,100,100116,100,98912,100,100150,100,98836,100,100177,100,98825,100
2019-06-28 09:50:40.000000000,99919,300,99917,200,99959,200,99694,200,99960,200,99687,200,99970,200,99679,200,100003,200,99519,200,100017,100,99449,100,100038,100,98975,100,100116,100,98912,100,100150,100,98836,100,100177,100,98825,100
2019-06-28 09:50:50.000000000,99919,700,99917,600,99959,100,99694,100,99960,100,99687,100,99970,100,99679,100,100003,100,99519,100,100017,100,99449,100,100038,100,98975,100,100116,100,98912,100,100150,100,98836,100,100177,100,98825,100
2019-06-28 09:51:00.000000000,99919,700,99917,600,99959,100,99694,100,99960,100,99687,100,99970,100,99679,100,100003,100,99519,100,100017,100,99449,100,100038,100,98975,100,100116,100,98912,100,100150,100,98836,100,100177,100,98825,100
2019-06-28 09:51:10.000000000,99919,300,99917,200,99959,200,99694,200,99960,200,99687,200,99970,200,99679,200,100003,200,99519,200,100017,100,99449,100,100038,100,98975,100,100116,100,98912,100,100150,100,98836,100,100177,100,98825,100
2019-06-28 09:51:14.351651096,99919,300,99917,200,99959,200,99694,200,99960,200,99687,200,99970,200,99679,200,100003,200,99519,200,100017,100,99449,100,100038,100,98975,100,100116,100,98912,100,100150,100,98869,100,100177,100,98836,100
2019-06-28 09:51:20.000000000,99919,300,99917,200,99959,200,99694,200,99960,200,99687,200,99970,200,99679,200,100003,200,99519,200,100017,100,99449,100,100038,100,98975,100,100116,100,98912,100,100150,100,98869,100,100177,100,98836,100
2019-06-28 09:51:26.535276168,99919,300,99917,200,99959,200,99694,200,99960,200,99687,200,99970,100,99679,200,100003,200,99519,200,100017,100,99449,100,100038,100,99045,100,100116,100,98975,100,100150,100,98912,100,100177,100,98869,100
2019-06-28 09:51:30.000000000,99919,370,99917,270,99959,265,99694,265,99960,265,99687,265,100003,100,99679,100,100017,100,99519,100,100038,100,99449,100,100116,100,99045,100,100150,100,98975,100,100177,100,98912,100,100207,100,98869,100
2019-06-28 09:51:34.750569763,99919,470,99917,270,99959,165,99694,265,99960,265,99687,265,100003,100,99679,100,100017,100,99519,100,100038,100,99449,100,100116,100,99045,100,100150,100,98975,100,100177,100,98912,100,100207,100,98869,100
2019-06-28 09:51:40.000000000,99919,400,99917,200,99960,200,99694,200,100003,200,99687,200,100017,200,99679,200,100038,200,99519,200,100116,100,99449,100,100150,100,99045,100,100177,100,98975,100,100207,100,98912,100,100417,100,98869,100
2019-06-28 09:51:50.000000000,99919,800,99917,600,99960,100,99694,100,100003,100,99687,100,100017,100,99679,100,100038,100,99519,100,100116,100,99449,100,100150,100,99045,100,100177,100,98975,100,100207,100,98912,100,100417,100,98869,100
2019-06-28 09:51:55.552848008,99919,800,99917,600,99960,100,99694,100,100003,100,99687,100,100017,100,99679,100,100038,100,99519,100,100116,100,99449,100,100150,100,99313,100,100177,100,99045,100,100207,100,98975,100,100417,100,98912,100
2019-06-28 09:52:00.000000000,99919,400,99917,200,99960,200,99694,200,100003,200,99687,200,100017,200,99679,200,100038,200,99519,200,100116,100,99449,100,100150,100,99313,100,100177,100,99045,100,100207,100,98975,100,100417,100,98912,100
2019-06-28 09:52:10.000000000,99919,400,99917,200,99960,200,99694,200,100003,200,99687,200,100017,200,99679,200,100038,200,99519,200,100116,100,99449,100,100150,100,99313,100,100177,100,99045,100,100207,100,98975,100,100417,100,98912,100
2019-06-28 09:52:20.000000000,99919,425,99917,225,99960,225,99694,225,100003,225,99687,225,100017,225,99679,225,100038,100,99519,100,100116,100,99449,100,100150,100,99313,100,100177,100,99045,100,100207,100,98975,100,100417,100,98912,100
2019-06-28 09:52:22.845721114,99919,425,99917,225,99960,225,99694,225,100003,225,99687,225,100017,225,99679,225,100038,100,99519,100,100116,100,99449,100,100150,100,99313,100,100177,100,99282,100,100207,100,99045,100,100417,100,98975,100
2019-06-28 09:52:30.000000000,99919,400,99917,200,99960,200,99694,200,100003,200,99687,200,100017,200,99679,200,100038,200,99519,200,100116,100,99449,100,100150,100,99313,100,100177,100,99282,100,100207,100,99045,100,100417,100,98975,100
2019-06-28 09:52:40.000000000,99919,550,99917,350,99960,350,99694,350,100003,100,99687,100,100017,100,99679,100,100038,100,99519,100,100116,100,99449,100,100150,100,99313,100,100177,100,99282,100,100207,100,99045,100,100417,100,98975,100
2019-06-28 09:52:42.373651846,99919,550,99917,350,99960,350,99694,350,100017,100,99687,100,100038,100,99679,100,100116,100,99519,100,100150,100,99449,100,100177,100,99313,100,100207,100,99282,100,100417,100,99045,100,,,98975,100
2019-06-28 09:52:42.801073227,99919,650,99917,350,99960,350,99694,350,100038,100,99687,100,100116,100,99679,100,100150,100,99519,100,100177,100,99449,100,100207,100,99313,100,100417,100,99282,100,,,99045,100,,,98975,100
2019-06-28 09:52:50.000000000,99919,525,99917,225,99960,225,99694,225,100038,225,99687,225,100116,225,99679,225,100150,100,99519,100,100177,100,99449,100,100207,100,99313,100,100417,100,99282,100,,,99045,100,,,98975,100
2019-06-28 09:53:00.000000000,99919,570,99917,270,99960,265,99694,265,100038,265,99687,265,100116,100,99679,100,100150,100,99519,100,100177,100,99449,100,100207,100,99313,100,100417,100,99282,100,,,99045,100,,,98975,100
2019-06-28 09:53:10.000000000,99919,525,99917,225,99960,225,99694,225,100038,225,99687,225,100116,225,99679,225,100150,100,99519,100,100177,100,99449,100,100207,100,99313,100,100417,100,99282,100,,,99045,100,,,98975,100
2019-06-28 09:53:20.000000000,99919,525,99917,225,99960,225,99694,225,100038,225,99687,225,100116,225,99679,225,100150,100,99519,100,100177,100,99449,100,100207,100,99313,100,100417,100,99282,100,,,99045,100,,,98975,100
2019-06-28 09:53:27.631940593,99919,425,99917,225,99960,225,99694,225,100038,225,99687,225,100116,225,99679,225,100150,100,99519,100,100177,100,99449,100,100207,100,99313,100,100417,100,99282,100,,,99045,100,,,98975,100
2019-06-28 09:53:30.000000000,99919,470,99917,270,99960,265,99694,265,100038,265,99687,265,100116,100,99679,100,100150,100,99519,100,100177,100,99449,100,100207,100,99313,100,100417,100,99282,100,,,99045,100,,,98975,100
2019-06-28 09:53:37.945905422,99919,470,99917,170,99960,265,99694,265,100038,265,99687,265,100116,100,99679,100,100150,100,99519,100,100177,100,99449,100,100207,100,99313,100,100417,100,99282,100,,,99045,100,,,98975,100
2019-06-28 09:53:40.000000000,99919,800,99694,600,99960,100,99687,100,100038,100,99679,100,100116,100,99519,100,100150,100,99449,100,100177,100,99313,100,100207,100,99282,100,100417,100,99045,100,,,98975,100,,,98869,100
2019-06-28 09:53:50.000000000,99919,550,99694,350,99960,350,99687,350,100038,100,99679,100,100116,100,99519,100,100150,100,99449,100,100177,100,99313,100,100207,100,99282,100,100417,100,99045,100,,,98975,100,,,98869,100
2019-06-28 09:53:53.459454384,99919,550,99694,350,99960,350,99687,350,100038,100,99679,100,100116,100,99519,100,100150,100,99449,100,100177,100,99313,100,100207,100,99282,100,100417,100,99231,100,,,99045,100,,,98975,100
2019-06-28 09:53:57.181833270,99919,550,99694,350,99960,350,99687,350,100038,100,99679,100,100116,100,99519,100,100150,100,99449,100,100177,100,99332,100,100417,100,99313,100,,,99282,100,,,99231,100,,,99045,100
2019-06-28 09:54:00.000000000,99919,470,99694,270,99960,265,99687,265,100038,265,99679,265,100116,100,99519,100,100150,100,99449,100,100177,100,99332,100,100417,100,99313,100,,,99282,100,,,99231,100,,,99045,100
2019-06-28 09:54:10.000000000,99919,400,99694,200,99960,200,99687,200,100038,200,99679,200,100116,200,99519,200,100150,200,99449,200,100177,100,99332,100,100417,100,99313,100,,,99282,100,,,99231,100,,,99045,100
2019-06-28 09:54:20.000000000,99919,400,99694,200,99960,200,99687,200,100038,200,99679,200,100116,200,99519,200,100150,200,99449,200,100177,100,99332,100,100417,100,99313,100,,,99282,100,,,99231,100,,,99045,100
2019-06-28 09:54:27.442838273,99919,400,99694,200,99960,200,99687,200,100038,200,99679,200,100116,200,99519,200,100150,200,99449,200,100177,100,99332,100,100417,100,99313,100,,,99282,100,,,99231,100,,,99058,100
2019-06-28 09:54:30.000000000,99919,425,99694,225,99960,225,99687,225,100038,225,99679,225,100116,225,99519,225,100150,100,99449,100,100177,100,99332,100,100417,100,99313,100,,,99282,100,,,99231,100,,,99058,100
2019-06-28 09:54:40.000000000,99919,550,99694,350,99960,350,99687,350,100038,100,99679,100,100116,100,99519,100,100150,100,99449,100,100177,100,99332,100,100417,100,99313,100,,,99282,100,,,99231,100,,,99058,100
2019-06-28 09:54:50.000000000,99919,550,99694,350,99960,350,99687,350,100038,100,99679,100,100116,100,99519,100,100150,100,99449,100,100177,100,99332,100,100417,100,99313,100,,,99282,100,,,99231,100,,,99058,100
2019-06-28 09:55:00.000000000,99919,550,99694,350,99960,350,99687,350,100038,100,99679,100,100116,100,99519,100,100150,100,99449,100,100177,100,99332,100,100417,100,99313,100,,,99282,100,,,99231,100,,,99058,100
2019-06-28 09:55:10.000000000,99919,400,99694,200,99960,200,99687,200,100038,200,99679,200,100116,200,99519,200,100150,200,99449,200,100177,100,99332,100,100417,100,99313,100,,,99282,100,,,99231,100,,,99058,100
2019-06-28 09:55:20.000000000,99919,425,99694,225,99960,225,99687,225,100038,225,99679,225,100116,225,99519,225,100150,100,99449,100,100177,100,99332,100,100417,100,99313,100,,,99282,100,,,99231,100,,,99058,100
2019-06-28 09:55:23.522567128,99919,425,99694,125,99960,225,99687,225,100038,225,99679,225,100116,125,99519,225,100150,100,99449,100,100177,100,99332,100,100417,100,99313,100,,,99282,100,,,99231,100,,,99058,100
2019-06-28 09:55:30.000000000,99919,550,99687,350,99960,350,99679,350,100038,100,99519,100,100150,100,99449,100,100177,100,99332,100,100417,100,99313,100,,,99282,100,,,99231,100,,,99058,100,,,99045,100
2019-06-28 09:55:33.923854489,99919,550,99687,250,99960,350,99679,350,100038,100,99519,100,100150,100,99449,100,100177,100,99332,100,100417,100,99313,100,,,99282,100,,,99231,100,,,99058,100,,,99045,100
2019-06-28 09:55:40.000000000,99919,425,99679,225,99960,225,99519,225,100038,225,99449,225,100150,225,99332,225,100177,100,99313,100,100417,100,99282,100,,,99231,100,,,99058,100,,,99045,100,,,98975,100
2019-06-28 09:55:50.000000000,99919,550,99679,350,99960,350,99519,350,100038,100,99449,100,100150,100,99332,100,100177,100,99313,100,100417,100,99282,100,,,99231,100,,,99058,100,,,99045,100,,,98975,100
2019-06-28 09:55:54.273453850,99919,550,99679,250,99960,350,99519,350,100038,100,99449,100,100150,100,99332,100,100177,100,99313,100,100417,100,99282,100,,,99231,100,,,99058,100,,,99045,100,,,98975,100
2019-06-28 09:56:00.000000000,99919,470,99519,270,99960,265,99449,265,100038,265,99332,265,100150,100,99313,100,100177,100,99282,100,100417,100,99231,100,,,99058,100,,,99045,100,,,98975,100,,,98869,100
2019-06-28 09:56:04.693424404,99919,470,99519,170,99960,265,99449,265,100038,265,99332,265,100150,100,99282,100,100177,100,99231,100,100417,100,99058,100,,,99045,100,,,98975,100,,,98869,100,,,98836,100
2019-06-28 09:56:10.000000000,99919,550,99449,350,99960,350,99332,350,100038,100,99282,100,100150,100,99231,100,100177,100,99058,100,100417,100,99045,100,,,98975,100,,,98869,100,,,98836,100,,,98825,100
2019-06-28 09:56:20.000000000,99919,800,99449,600,99960,100,99332,100,100038,100,99282,100,100150,100,99231,100,100177,100,99058,100,100417,100,99045,100,,,98975,100,,,98869,100,,,98836,100,,,98825,100
2019-06-28 09:56:28.122977528,99919,800,99449,500,99960,100,99332,100,100038,100,99282,100,100150,100,99231,100,100177,100,99058,100,100417,100,99045,100,,,98975,100,,,98869,100,,,98836,100,,,98825,100
2019-06-28 09:56:30.000000000,99919,470,99332,270,99960,265,99282,265,100038,265,99231,265,100150,100,99058,100,100177,100,99045,100,100417,100,98975,100,,,98869,100,,,98836,100,,,98825,100,,,98758,100
2019-06-28 09:56:40.000000000,99919,800,99332,600,99960,100,99282,100,100038,100,99231,100,100150,100,99058,100,100177,100,99045,100,100417,100,98975,100,,,98869,100,,,98836,100,,,98825,100,,,98758,100
2019-06-28 09:56:50.000000000,99919,400,99332,200,99960,200,99282,200,100038,200,99231,200,100150,200,99058,200,100177,200,99045,200,100417,100,98975,100,,,98869,100,,,98836,100,,,98825,100,,,98758,100
2019-06-28 09:57:00.000000000,99919,550,99332,350,99960,350,99282,350,100038,100,99231,100,100150,100,99058,100,100177,100,99045,100,100417,100,98975,100,,,98869,100,,,98836,100,,,98825,100,,,98758,100
2019-06-28 09:57:01.064292742,99919,550,99332,250,99960,350,99282,350,100038,100,99231,100,100150,100,99058,100,100177,100,98975,100,100417,100,98869,100,,,98836,100,,,98825,100,,,98758,100,,,,
2019-06-28 09:57:10.000000000,99919,400,99282,200,99960,200,99231,200,100038,200,99058,200,100150,200,98975,200,100177,200,98869,200,100417,100,98836,100,,,98825,100,,,98758,100,,,,,,,,
2019-06-28 09:57:11.937610816,99919,400,99282,200,99960,200,99231,200,100038,200,99058,200,100150,200,98975,200,100177,200,98869,200,100417,100,98836,100,,,98825,100,,,98796,100,,,98758,100,,,,
2019-06-28 09:57:15.612785990,99919,400,99282,200,99960,200,99231,200,100038,200,99058,200,100150,200,98975,200,100177,200,98869,200,100417,100,98836,100,,,98825,100,,,98796,100,,,98758,100,,,98676,100
2019-06-28 09:57:19.823105781,99919,400,99282,200,99960,200,99231,200,100038,200,99058,200,100150,200,98975,200,100177,200,98869,200,100417,100,98836,100,,,98825,100,,,98796,100,,,98758,100,,,98676,100
2019-06-28 09:57:20.000000000,99919,800,99282,600,99960,100,99231,100,100038,100,99058,100,100150,100,98975,100,100177,100,98869,100,100417,100,98836,100,,,98825,100,,,98796,100,,,98758,100,,,98676,100
2019-06-28 09:57:23.677319163,99919,800,99282,600,99960,100,99231,100,100038,100,99058,100,100150,100,98975,100,100177,100,98869,100,100417,100,98836,100,,,98825,100,,,98796,100,,,98758,100,,,98676,100
2019-06-28 09:57:30.000000000,99919,800,99282,600,99960,100,99231,100,100038,100,99058,100,100150,100,98975,100,100177,100,98869,100,100417,100,98836,100,,,98825,100,,,98796,100,,,98758,100,,,98676,100
2019-06-28 09:57:38.060487794,99919,800,99282,600,99960,100,99231,100,100038,100,99058,100,100150,100,98975,100,100177,100,98869,100,100417,100,98836,100,,,98825,100,,,98758,100,,,98676,100,,,98574,100
2019-06-28 09:57:39.730855785,99919,800,99282,600,99960,100,99231,100,100038,100,99058,100,100150,100,98975,100,100177,100,98869,100,100417,100,98836,100,,,98825,100,,,98796,100,,,98758,100,,,98574,100
2019-06-28 09:57:40.000000000,99919,425,99282,225,99960,225,99231,225,100038,225,99058,225,100150,225,98975,225,100177,100,98869,100,100417,100,98836,100,,,98825,100,,,98796,100,,,98758,100,,,98574,100
2019-06-28 09:57:50.000000000,99919,550,99282,350,99960,350,99231,350,100038,100,99058,100,100150,100,98975,100,100177,100,98869,100,100417,100,98836,100,,,98825,100,,,98796,100,,,98758,100,,,98574,100
2019-06-28 09:57:54.211949161,99919,550,99282,350,99960,350,99231,250,100038,100,99058,100,100150,100,98975,100,100177,100,98869,100,100417,100,98836,100,,,98825,100,,,98796,100,,,98771,100,,,98758,100
2019-06-28 09:58:00.000000000,99919,400,99282,200,99960,200,99058,200,100038,200,98975,200,100150,200,98869,200,100177,200,98836,200,100417,100,98825,100,,,98796,100,,,98771,100,,,98758,100,,,98574,100
2019-06-28 09:58:10.000000000,99919,550,99282,350,99960,350,99058,350,100038,100,98975,100,100150,100,98869,100,100177,100,98836,100,100417,100,98825,100,,,98796,100,,,98771,100,,,98758,100,,,98574,100
2019-06-28 09:58:20.000000000,99919,425,99282,225,99960,225,99058,225,100038,225,98975,225,100150,225,98869,225,100177,100,98836,100,100417,100,98825,100,,,98796,100,,,98771,100,,,98758,100,,,98574,100
2019-06-28 09:58:30.000000000,99919,550,99282,350,99960,350,99058,350,100038,100,98975,100,100150,100,98869,100,100177,100,98836,100,100417,100,98825,100,,,98796,100,,,98771,100,,,98758,100,,,98574,100
2019-06-28 09:58:32.389478905,99919,550,99282,250,99960,350,99058,350,100038,100,98975,100,100150,100,98869,100,100417,100,98836,100,,,98825,100,,,98796,100,,,98771,100,,,98758,100,,,98574,100
2019-06-28 09:58:40.000000000,99919,470,99058,270,99960,265,98975,265,100038,265,98869,265,100150,100,98836,100,100417,100,98825,100,,,98796,100,,,98771,100,,,98758,100,,,98574,100,,,98408,100
2019-06-28 09:58:50.000000000,99919,400,99058,200,99960,200,98975,200,100038,200,98869,200,100150,200,98836,200,100417,200,98825,200,,,98796,100,,,98771,100,,,98758,100,,,98574,100,,,98408,100
2019-06-28 09:58:51.215504019,99332,100,99058,200,99919,400,98975,200,99960,200,98869,200,100038,200,98836,200,100150,200,98825,200,100417,200,98796,100,,,98771,100,,,98758,100,,,98574,100,,,98408,100
2019-06-28 09:59:00.000000000,99332,350,99058,350,99919,550,98975,350,99960,100,98869,100,100038,100,98836,100,100150,100,98825,100,100417,100,98796,100,,,98771,100,,,98758,100,,,98574,100,,,98408,100
2019-06-28 09:59:06.730382320,99332,350,99058,350,99919,550,98975,350,99960,100,98869,100,100038,100,98836,100,100150,100,98825,100,100417,100,98796,100,,,98771,100,,,98758,100,,,98574,100,,,98408,100
2019-06-28 09:59:10.000000000,99332,225,99058,225,99919,425,98975,225,99960,225,98869,225,100038,225,98836,225,100150,100,98825,100,100417,100,98796,100,,,98771,100,,,98758,100,,,98574,100,,,98408,100
2019-06-28 09:59:20.000000000,99332,350,99058,350,99919,550,98975,350,99960,100,98869,100,100038,100,98836,100,100150,100,98825,100,100417,100,98796,100,,,98771,100,,,98758,100,,,98574,100,,,98408,100
2019-06-28 09:59:21.274071864,99332,450,99058,350,99919,550,98975,350,99960,100,98869,100,100038,100,98836,100,100150,100,98825,100,100417,100,98796,100,,,98771,100,,,98758,100,,,98574,100,,,98408,100
2019-06-28 09:59:30.000000000,99332,325,99058,225,99919,425,98975,225,99960,225,98869,225,100038,225,98836,225,100150,100,98825,100,100417,100,98796,100,,,98771,100,,,98758,100,,,98574,100,,,98408,100
2019-06-28 09:59:34.126484838,99332,325,99058,225,99919,425,98975,225,99960,225,98869,225,100038,225,98836,225,100150,100,98825,100,100417,100,98796,100,,,98771,100,,,98758,100,,,98574,100,,,98408,100
2019-06-28 09:59:40.000000000,99332,450,99058,350,99919,550,98975,350,99960,100,98869,100,100038,100,98836,100,100150,100,98825,100,100417,100,98796,100,,,98771,100,,,98758,100,,,98574,100,,,98408,100
2019-06-28 09:59:50.000000000,99332,370,99058,270,99919,465,98975,265,99960,265,98869,265,100038,100,98836,100,100150,100,98825,100,100417,100,98796,100,,,98771,100,,,98758,100,,,98574,100,,,98408,100
2019-06-28 10:00:00.000000000,99332,325,99058,225,99919,425,98975,225,99960,225,98869,225,100038,225,98836,225,100150,100,98825,100,100417,100,98796,100,,,98771,100,,,98758,100,,,98574,100,,,98408,100
2019-06-28 10:00:09.532765762,99332,325,99058,125,99919,425,98975,225,99960,225,98869,225,100038,225,98836,225,100150,100,98825,100,100417,100,98796,100,,,98771,100,,,98758,100,,,98574,100,,,98408,100
2019-06-28 10:00:10.000000000,99332,700,98975,600,99919,300,98869,100,99960,100,98836,100,100038,100,98825,100,100150,100,98796,100,100417,100,98771,100,,,98758,100,,,98574,100,,,98408,100,,,98394,100
2019-06-28 10:00:13.703989374,99282,100,98975,600,99332,600,98869,100,99919,300,98836,100,99960,100,98825,100,100038,100,98796,100,100150,100,98771,100,100417,100,98758,100,,,98574,100,,,98408,100,,,98394,100
2019-06-28 10:00:20.000000000,99282,350,98975,350,99332,350,98869,350,99919,300,98836,100,99960,100,98825,100,100038,100,98796,100,100150,100,98771,100,100417,100,98758,100,,,98574,100,,,98408,100,,,98394,100
2019-06-28 10:00:27.766957648,99282,350,98975,250,99332,350,98869,350,99919,300,98836,100,99960,100,98825,100,100038,100,98771,100,100150,100,98758,100,100417,100,98574,100,,,98408,100,,,98394,100,,,98120,100
2019-06-28 10:00:30.000000000,99282,225,98869,225,99332,225,98836,225,99919,425,98825,225,99960,225,98771,225,100038,100,98758,100,100150,100,98574,100,100417,100,98408,100,,,98394,100,,,98120,100,,,97838,100
2019-06-28 10:00:40.000000000,99282,270,98869,270,99332,265,98836,265,99919,465,98825,265,99960,100,98771,100,100038,100,98758,100,100150,100,98574,100,100417,100,98408,100,,,98394,100,,,98120,100,,,97838,100
2019-06-28 10:00:48.096176913,99282,270,98869,270,99332,265,98836,265,99919,465,98825,265,99960,100,98771,100,100038,100,98758,100,100150,100,98574,100,100417,100,98479,100,,,98408,100,,,98394,100,,,98120,100
2019-06-28 10:00:50.000000000,99282,600,98869,600,99332,100,98836,100,99919,300,98825,100,99960,100,98771,100,100038,100,98758,100,100150,100,98574,100,100417,100,98479,100,,,98408,100,,,98394,100,,,98120,100
2019-06-28 10:00:53.234967345,99282,600,98869,500,99332,100,98836,100,99919,300,98825,100,99960,100,98771,100,100038,100,98758,100,100150,100,98574,100,100417,100,98479,100,,,98408,100,,,98394,100,,,98120,100
2019-06-28 10:00:57.180151306,99282,600,98869,400,99332,100,98836,100,99919,300,98825,100,99960,100,98771,100,100038,100,98758,100,100150,100,98574,100,100417,100,98479,100,,,98408,100,,,98394,100,,,98120,100
2019-06-28 10:01:00.000000000,99282,200,98836,200,99332,200,98825,200,99919,400,98771,200,99960,200,98758,200,100038,200,98574,200,100150,100,98479,100,100417,100,98408,100,,,98394,100,,,98120,100,,,97838,100
2019-06-28 10:01:02.823190544,99282,200,98836,200,99332,200,98825,200,99919,400,98771,200,99960,200,98758,200,100038,200,98731,100,100150,100,98574,200,100417,100,98479,100,,,98408,100,,,98394,100,,,98120,100
2019-06-28 10:01:10.000000000,99282,350,98836,350,99332,350,98825,350,99919,300,98771,100,99960,100,98758,100,100038,100,98731,100,100150,100,98574,100,100417,100,98479,100,,,98408,100,,,98394,100,,,98120,100
2019-06-28 10:01:20.000000000,99282,225,98836,225,99332,225,98825,225,99919,425,98771,225,99960,225,98758,225,100038,100,98731,100,100150,100,98574,100,100417,100,98479,100,,,98408,100,,,98394,100,,,98120,100
2019-06-28 10:01:28.369081875,99282,225,98836,225,99332,225,98825,225,99919,425,98771,225,99960,225,98758,225,100038,100,98731,100,100150,100,98574,100,100417,100,98503,100,,,98479,100,,,98408,100,,,98394,100
2019-06-28 10:01:30.000000000,99282,350,98836,350,99332,350,98825,350,99919,300,98771,100,99960,100,98758,100,100038,100,98731,100,100150,100,98574,100,100417,100,98503,100,,,98479,100,,,98408,100,,,98394,100
2019-06-28 10:01:40.000000000,99282,600,98836,600,99332,100,98825,100,99919,300,98771,100,99960,100,98758,100,100038,100,98731,100,100150,100,98574,100,100417,100,98503,100,,,98479,100,,,98408,100,,,98394,100
2019-06-28 10:01:50.000000000,99282,270,98836,270,99332,265,98825,265,99919,465,98771,265,99960,100,98758,100,100038,100,98731,100,100150,100,98574,100,100417,100,98503,100,,,98479,100,,,98408,100,,,98394,100
2019-06-28 10:02:00.000000000,99282,200,98836,200,99332,200,98825,200,99919,400,98771,200,99960,200,98758,200,100038,200,98731,200,100150,100,98574,100,100417,100,98503,100,,,98479,100,,,98408,100,,,98394,100
2019-06-28 10:02:10.000000000,99282,225,98836,225,99332,225,98825,225,99919,425,98771,225,99960,225,98758,225,100038,100,98731,100,100150,100,98574,100,100417,100,98503,100,,,98479,100,,,98408,100,,,98394,100
2019-06-28 10:02:20.000000000,99282,350,98836,350,99332,350,98825,350,99919,300,98771,100,99960,100,98758,100,100038,100,98731,100,100150,100,98574,100,100417,100,98503,100,,,98479,100,,,98408,100,,,98394,100
2019-06-28 10:02:30.000000000,99282,600,98836,600,99332,100,98825,100,99919,300,98771,100,99960,100,98758,100,100038,100,98731,100,100150,100,98574,100,100417,100,98503,100,,,98479,100,,,98408,100,,,98394,100
2019-06-28 10:02:39.660491065,99282,600,98870,100,99332,100,98836,600,99919,300,98825,100,99960,100,98771,100,100038,100,98758,100,100150,100,98731,100,100417,100,98574,100,,,98503,100,,,98479,100,,,98408,100
2019-06-28 10:02:40.000000000,99282,270,98870,270,99332,265,98836,265,99919,465,98825,265,99960,100,98771,100,100038,100,98758,100,100150,100,98731,100,100417,100,98574,100,,,98503,100,,,98479,100,,,98408,100
2019-06-28 10:02:50.000000000,99282,225,98870,225,99332,225,98836,225,99919,425,98825,225,99960,225,98771,225,100038,100,98758,100,100150,100,98731,100,100417,100,98574,100,,,98503,100,,,98479,100,,,98408,100
2019-06-28 10:02:55.415677569,99282,225,99054,100,99332,225,98870,225,99919,425,98836,225,99960,125,98825,225,100038,100,98771,225,100150,100,98758,100,100417,100,98731,100,,,98574,100,,,98503,100,,,98479,100
2019-06-28 10:03:00.000000000,99282,600,99054,600,99332,100,98870,100,99919,300,98836,100,100038,100,98825,100,100150,100,98771,100,100417,100,98758,100,,,98731,100,,,98574,100,,,98503,100,,,98479,100
2019-06-28 10:03:04.774890590,99093,100,99054,600,99282,600,98870,100,99332,100,98836,100,99919,300,98825,100,100038,100,98771,100,100150,100,98758,100,100417,100,98731,100,,,98574,100,,,98503,100,,,98479,100
2019-06-28 10:03:06.900558109,99093,100,99054,600,99282,600,98878,100,99332,100,98870,100,99919,300,98836,100,100038,100,98825,100,100150,100,98771,100,100417,100,98758,100,,,98574,100,,,98503,100,,,98479,100
2019-06-28 10:03:10.000000000,99093,225,99054,225,99282,225,98878,225,99332,225,98870,225,99919,425,98836,225,100038,100,98825,100,100150,100,98771,100,100417,100,98758,100,,,98574,100,,,98503,100,,,98479,100
2019-06-28 10:03:15.150721350,99093,225,99064,100,99282,225,99054,225,99332,225,98878,225,99919,425,98870,225,100038,100,98836,225,100150,100,98825,100,100417,100,98771,100,,,98758,100,,,98503,100,,,98479,100
2019-06-28 10:03:15.612915812,99093,225,99064,100,99176,100,99054,225,99282,225,98878,225,99332,225,98870,225,99919,425,98836,225,100038,100,98825,100,100150,100,98771,100,100417,100,98758,100,,,98503,100,,,98479,100
2019-06-28 10:03:20.000000000,99093,270,99064,270,99176,265,99054,265,99282,265,98878,265,99332,100,98870,100,99919,300,98836,100,100038,100,98825,100,100150,100,98771,100,100417,100,98758,100,,,98503,100,,,98479,100
2019-06-28 10:03:25.479605577,99093,270,99064,270,99176,265,99054,265,99282,265,98878,265,99332,100,98870,200,99919,300,98836,100,100038,100,98825,100,100150,100,98771,100,100417,100,98758,100,,,98503,100,,,98479,100
2019-06-28 10:03:26.320270835,99093,70,99064,270,99176,265,99054,265,99282,265,98878,265,99332,100,98870,200,99919,300,98836,100,100038,100,98825,100,100150,100,98771,100,100417,100,98758,100,,,98503,100,,,98479,100
2019-06-28 10:03:27.505708053,99093,70,99064,270,99176,265,99054,265,99282,265,98878,265,99332,100,98870,200,99407,100,98836,100,99919,300,98825,100,100038,100,98771,100,100417,100,98758,100,,,98503,100,,,98479,100
2019-06-28 10:03:27.735543876,99093,70,99064,270,99176,265,99054,265,99282,265,98878,265,99332,100,98870,200,99407,100,98836,100,99517,100,98825,100,99919,300,98771,100,100038,100,98758,100,100417,100,98503,100,,,98479,100
2019-06-28 10:03:30.000000000,99176,225,99064,225,99282,225,99054,225,99332,225,98878,225,99407,225,98870,325,99517,100,98836,100,99919,300,98825,100,100038,100,98771,100,100417,100,98758,100,,,98503,100,,,98479,100
2019-06-28 10:03:40.000000000,99176,350,99064,350,99282,350,99054,350,99332,100,98878,100,99407,100,98870,200,99517,100,98836,100,99919,300,98825,100,100038,100,98771,100,100417,100,98758,100,,,98503,100,,,98479,100
2019-06-28 10:03:40.895829957,99176,350,99064,350,99251,100,99054,350,99282,350,98878,100,99332,100,98870,200,99407,100,98836,100,99517,100,98825,100,99919,300,98771,100,100038,100,98758,100,100417,100,98503,100,,,98479,100
2019-06-28 10:03:50.000000000,99176,225,99064,225,99251,225,99054,225,99282,225,98878,225,99332,225,98870,325,99407,100,98836,100,99517,100,98825,100,99919,300,98771,100,100038,100,98758,100,100417,100,98503,100,,,98479,100
2019-06-28 10:04:00.000000000,99176,270,99064,270,99251,265,99054,265,99282,265,98878,265,99332,100,98870,200,99407,100,98836,100,99517,100,98825,100,99919,300,98771,100,100038,100,98758,100,100417,100,98503,100,,,98479,100
2019-06-28 10:04:09.363287596,99176,170,99064,270,99251,265,99054,265,99282,265,98878,265,99332,100,98870,200,99407,100,98836,100,99517,100,98825,100,99919,300,98771,100,100038,100,98758,100,100417,100,98503,100,,,98479,100
2019-06-28 10:04:10.000000000,99251,270,99064,270,99282,265,99054,265,99332,265,98878,265,99407,100,98870,200,99517,100,98836,100,99919,300,98825,100,100038,100,98771,100,100417,100,98758,100,,,98503,100,,,98479,100
2019-06-28 10:04:20.000000000,99251,600,99064,600,99282,100,99054,100,99332,100,98878,100,99407,100,98870,200,99517,100,98836,100,99919,300,98825,100,100038,100,98771,100,100417,100,98758,100,,,98503,100,,,98479,100
2019-06-28 10:04:22.920606319,99251,600,99093,100,99282,100,99064,600,99332,100,99054,100,99407,100,98878,100,99517,100,98870,200,99919,200,98836,100,100038,100,98825,100,100417,100,98771,100,,,98758,100,,,98503,100
2019-06-28 10:04:24.263087910,99251,500,99093,100,99282,100,99064,600,99332,100,99054,100,99407,100,98878,100,99517,100,98870,200,99919,200,98836,100,100038,100,98825,100,100417,100,98771,100,,,98758,100,,,98503,100
2019-06-28 10:04:30.000000000,99282,270,99093,270,99332,265,99064,265,99407,265,99054,265,99517,100,98878,100,99919,200,98870,200,100038,100,98836,100,100417,100,98825,100,,,98771,100,,,98758,100,,,98503,100
2019-06-28 10:04:39.520902505,99282,270,99093,270,99301,100,99064,265,99332,265,99054,265,99407,265,98878,100,99517,100,98870,200,99919,200,98836,100,100038,100,98825,100,100417,100,98771,100,,,98758,100,,,98503,100
2019-06-28 10:04:40.000000000,99282,270,99093,270,99301,265,99064,265,99332,265,99054,265,99407,100,98878,100,99517,100,98870,200,99919,200,98836,100,100038,100,98825,100,100417,100,98771,100,,,98758,100,,,98503,100
2019-06-28 10:04:41.335903853,99282,170,99093,270,99301,265,99064,265,99332,265,99054,265,99407,100,98878,100,99517,100,98870,200,99919,200,98836,100,100038,100,98825,100,100417,100,98771,100,,,98758,100,,,98503,100
2019-06-28 10:04:50.000000000,99301,600,99093,600,99332,100,99064,100,99407,100,99054,100,99517,100,98878,100,99919,200,98870,200,100038,100,98836,100,100417,100,98825,100,,,98771,100,,,98758,100,,,98503,100
2019-06-28 10:05:00.000000000,99301,350,99093,350,99332,350,99064,350,99407,100,99054,100,99517,100,98878,100,99919,200,98870,200,100038,100,98836,100,100417,100,98825,100,,,98771,100,,,98758,100,,,98503,100
2019-06-28 10:05:10.000000000,99301,225,99093,225,99332,225,99064,225,99407,225,99054,225,99517,225,98878,225,99919,200,98870,200,100038,100,98836,100,100417,100,98825,100,,,98771,100,,,98758,100,,,98503,100
2019-06-28 10:05:20.000000000,99301,200,99093,200,99332,200,99064,200,99407,200,99054,200,99517,200,98878,200,99919,300,98870,300,100038,100,98836,100,100417,100,98825,100,,,98771,100,,,98758,100,,,98503,100
2019-06-28 10:05:25.897823120,99301,200,99251,100,99332,100,99093,200,99407,200,99064,200,99517,200,99054,200,99919,300,98878,200,100038,100,98870,300,100417,100,98836,100,,,98825,100,,,98771,100,,,98758,100
2019-06-28 10:05:30.000000000,99301,225,99251,225,99407,225,99093,225,99517,225,99064,225,99919,325,99054,225,100038,100,98878,100,100417,100,98870,200,,,98836,100,,,98825,100,,,98771,100,,,98758,100
2019-06-28 10:05:36.375685509,99301,125,99251,225,99407,225,99093,225,99517,225,99064,225,99919,325,99054,225,100038,100,98870,200,100417,100,98836,100,,,98825,100,,,98771,100,,,98758,100,,,98503,100
2019-06-28 10:05:40.000000000,99407,350,99251,350,99517,350,99093,350,99919,200,99064,100,100038,100,99054,100,100417,100,98870,200,,,98836,100,,,98825,100,,,98771,100,,,98758,100,,,98503,100
2019-06-28 10:05:50.000000000,99407,600,99251,600,99517,100,99093,100,99919,200,99064,100,100038,100,99054,100,100417,100,98870,200,,,98836,100,,,98825,100,,,98771,100,,,98758,100,,,98503,100
2019-06-28 10:06:00.000000000,99407,225,99251,225,99517,225,99093,225,99919,325,99064,225,100038,225,99054,225,100417,100,98870,200,,,98836,100,,,98825,100,,,98771,100,,,98758,100,,,98503,100
2019-06-28 10:06:10.000000000,99407,225,99251,225,99517,225,99093,225,99919,325,99064,225,100038,225,99054,225,100417,100,98870,200,,,98836,100,,,98825,100,,,98771,100,,,98758,100,,,98503,100
2019-06-28 10:06:20.000000000,99407,350,99251,350,99517,350,99093,350,99919,200,99064,100,100038,100,99054,100,100417,100,98870,200,,,98836,100,,,98825,100,,,98771,100,,,98758,100,,,98503,100
2019-06-28 10:06:24.064002556,99407,250,99251,350,99517,350,99093,350,99919,200,99064,100,100038,100,99054,100,100417,100,98870,200,,,98836,100,,,98825,100,,,98771,100,,,98758,100,,,98503,100
2019-06-28 10:06:30.000000000,99517,600,99251,600,99919,200,99093,100,100038,100,99064,100,100417,100,99054,100,,,98870,200,,,98836,100,,,98825,100,,,98771,100,,,98758,100,,,98503,100
2019-06-28 10:06:40.000000000,99517,350,99251,350,99919,450,99093,350,100038,100,99064,100,100417,100,99054,100,,,98870,200,,,98836,100,,,98825,100,,,98771,100,,,98758,100,,,98503,100
2019-06-28 10:06:50.000000000,99517,600,99251,600,99919,200,99093,100,100038,100,99064,100,100417,100,99054,100,,,98870,200,,,98836,100,,,98825,100,,,98771,100,,,98758,100,,,98503,100
2019-06-28 10:07:00.000000000,99517,200,99251,200,99919,300,99093,200,100038,200,99064,200,100417,200,99054,200,100418,100,98870,300,,,98836,100,,,98825,100,,,98771,100,,,98758,100,,,98503,100
2019-06-28 10:07:10.000000000,99517,350,99251,350,99919,450,99093,350,100038,100,99064,100,100417,100,99054,100,,,98870,200,,,98836,100,,,98825,100,,,98771,100,,,98758,100,,,98503,100
2019-06-28 10:07:15.819538326,99505,100,99251,350,99517,350,99093,350,99919,450,99064,100,100038,100,98870,200,100417,100,98836,100,,,98825,100,,,98771,100,,,98758,100,,,98503,100,,,98479,100
2019-06-28 10:07:20.000000000,99505,270,99251,270,99517,265,99093,265,99919,365,99064,265,100038,100,98870,200,100417,100,98836,100,,,98825,100,,,98771,100,,,98758,100,,,98503,100,,,98479,100
2019-06-28 10:07:25.562490396,99505,270,99409,100,99517,265,99251,270,99919,365,99093,265,100038,100,99064,265,100417,100,98870,200,,,98836,100,,,98825,100,,,98771,100,,,98758,100,,,98503,100
2019-06-28 10:07:27.359702414,99505,270,99409,100,99517,265,99251,270,99919,365,99176,100,100038,100,99093,265,100417,100,99064,265,,,98870,200,,,98836,100,,,98825,100,,,98771,100,,,98758,100
2019-06-28 10:07:30.000000000,99505,225,99409,225,99517,225,99251,225,99919,325,99176,225,100038,225,99093,225,100417,100,99064,100,,,98870,200,,,98836,100,,,98825,100,,,98771,100,,,98758,100
2019-06-28 10:07:40.000000000,99505,600,99409,600,99517,100,99251,100,99919,200,99176,100,100038,100,99093,100,100417,100,99064,100,,,98870,200,,,98836,100,,,98825,100,,,98771,100,,,98758,100
2019-06-28 10:07:50.000000000,99505,225,99409,225,99517,225,99251,225,99919,325,99176,225,100038,225,99093,225,100417,100,99064,100,,,98870,200,,,98836,100,,,98825,100,,,98771,100,,,98758,100
2019-06-28 10:07:57.269896677,99505,225,99409,225,99517,225,99301,100,99919,325,99251,225,100038,225,99176,225,100417,100,99093,225,,,99064,100,,,98870,200,,,98836,100,,,98825,100,,,98771,100
2019-06-28 10:07:59.581644074,99505,225,99409,225,99517,225,99407,100,99919,325,99301,100,100038,225,99251,225,100417,100,99176,225,,,99093,225,,,99064,100,,,98870,200,,,98836,100,,,98825,100
2019-06-28 10:08:00.000000000,99505,200,99409,200,99517,200,99407,200,99919,300,99301,200,100038,200,99251,200,100417,200,99176,200,,,99093,100,,,99064,100,,,98870,200,,,98836,100,,,98825,100
2019-06-28 10:08:01.262835966,99505,200,99420,100,99517,200,99409,200,99919,300,99407,200,100038,200,99301,200,100417,200,99251,200,,,99176,200,,,99093,100,,,99064,100,,,98870,200,,,98836,100
2019-06-28 10:08:06.533818741,99505,100,99420,100,99517,200,99409,200,99648,100,99407,200,99919,300,99301,200,100038,200,99251,200,100417,200,99176,200,,,99093,100,,,99064,100,,,98870,200,,,98836,100
2019-06-28 10:08:07.935765480,99505,100,99420,100,99517,200,99409,200,99529,100,99407,200,99648,100,99301,200,99919,300,99251,200,100038,200,99176,200,100417,200,99093,100,,,99064,100,,,98870,200,,,98836,100
2019-06-28 10:08:10.000000000,99517,270,99420,270,99529,265,99409,265,99648,265,99407,265,99919,200,99301,100,100038,100,99251,100,100417,100,99176,100,,,99093,100,,,99064,100,,,98870,200,,,98836,100
2019-06-28 10:08:15.879227404,99440,100,99420,270,99517,270,99409,265,99529,265,99407,265,99648,265,99301,100,99919,200,99251,100,100038,100,99093,100,100417,100,99064,100,,,98870,200,,,98836,100,,,98771,100
2019-06-28 10:08:20.000000000,99440,270,99420,270,99517,265,99409,265,99529,265,99407,265,99648,100,99301,100,99919,200,99251,100,100038,100,99093,100,100417,100,99064,100,,,98870,200,,,98836,100,,,98771,100
2019-06-28 10:08:27.554803232,99440,270,99420,270,99517,265,99409,265,99529,265,99407,265,99648,100,99301,100,99659,100,99251,100,99919,200,99093,100,100038,100,99064,100,100417,100,98870,200,,,98836,100,,,98771,100
2019-06-28 10:08:30.000000000,99440,225,99420,225,99517,225,99409,225,99529,225,99407,225,99648,225,99301,225,99659,100,99251,100,99919,200,99093,100,100038,100,99064,100,100417,100,98870,200,,,98836,100,,,98771,100
2019-06-28 10:08:40.000000000,99440,600,99420,600,99517,100,99409,100,99529,100,99407,100,99648,100,99301,100,99659,100,99251,100,99919,200,99093,100,100038,100,99064,100,100417,100,98870,200,,,98836,100,,,98771,100
2019-06-28 10:08:50.000000000,99440,200,99420,200,99517,200,99409,200,99529,200,99407,200,99648,200,99301,200,99659,200,99251,200,99919,200,99093,100,100038,100,99064,100,100417,100,98870,200,,,98836,100,,,98771,100
2019-06-28 10:09:00.000000000,99440,270,99420,270,99517,265,99409,265,99529,265,99407,265,99648,100,99301,100,99659,100,99251,100,99919,200,99093,100,100038,100,99064,100,100417,100,98870,200,,,98836,100,,,98771,100
2019-06-28 10:09:10.000000000,99440,270,99420,270,99517,265,99409,265,99529,265,99407,265,99648,100,99301,100,99659,100,99251,100,99919,200,99093,100,100038,100,99064,100,100417,100,98870,200,,,98836,100,,,98771,100
2019-06-28 10:09:20.000000000,99440,270,99420,270,99517,265,99409,265,99529,265,99407,265,99648,100,99301,100,99659,100,99251,100,99919,200,99093,100,100038,100,99064,100,100417,100,98870,200,,,98836,100,,,98771,100
2019-06-28 10:09:30.000000000,99440,600,99420,600,99517,100,99409,100,99529,100,99407,100,99648,100,99301,100,99659,100,99251,100,99919,200,99093,100,100038,100,99064,100,100417,100,98870,200,,,98836,100,,,98771,100
2019-06-28 10:09:40.000000000,99440,270,99420,270,99517,265,99409,265,99529,265,99407,265,99648,100,99301,100,99659,100,99251,100,99919,200,99093,100,100038,100,99064,100,100417,100,98870,200,,,98836,100,,,98771,100
2019-06-28 10:09:47.590853279,99440,270,99420,270,99517,265,99409,265,99529,265,99407,265,99648,100,99371,100,99659,100,99301,100,99919,200,99251,100,100038,100,99093,100,100417,100,99064,100,,,98870,200,,,98836,100
2019-06-28 10:09:49.150249235,99440,270,99420,270,99495,100,99409,165,99517,265,99407,265,99529,265,99371,100,99648,100,99301,100,99659,100,99251,100,99919,200,99093,100,100038,100,99064,100,100417,100,98870,200,,,98836,100
2019-06-28 10:09:50.000000000,99440,270,99420,270,99495,265,99407,265,99517,265,99371,265,99529,100,99301,100,99648,100,99251,100,99659,100,99093,100,99919,200,99064,100,100038,100,98870,200,100417,100,98836,100,,,98771,100
2019-06-28 10:10:00.000000000,99440,200,99420,200,99495,200,99407,200,99517,200,99371,200,99529,200,99301,200,99648,200,99251,200,99659,100,99093,100,99919,200,99064,100,100038,100,98870,200,100417,100,98836,100,,,98771,100
2019-06-28 10:10:09.371207667,99440,200,99420,100,99495,200,99407,200,99517,200,99371,200,99529,200,99301,200,99648,200,99251,200,99659,100,99093,100,99919,200,99064,100,100038,100,98870,200,100417,100,98836,100,,,98771,100
2019-06-28 10:10:10.000000000,99440,200,99407,200,99495,200,99371,200,99517,200,99301,200,99529,200,99251,200,99648,200,99093,200,99659,100,99064,100,99919,200,98870,200,100038,100,98836,100,100417,100,98771,100,,,98758,100
2019-06-28 10:10:20.000000000,99440,270,99407,270,99495,265,99371,265,99517,265,99301,265,99529,100,99251,100,99648,100,99093,100,99659,100,99064,100,99919,200,98870,200,100038,100,98836,100,100417,100,98771,100,,,98758,100
2019-06-28 10:10:22.523479417,99440,270,99407,170,99495,265,99371,265,99517,265,99301,265,99529,100,99251,100,99648,100,99093,100,99659,100,99064,100,99919,200,98870,200,100038,100,98836,100,100417,100,98771,100,,,98758,100
2019-06-28 10:10:25.836219765,99440,270,99407,170,99495,265,99371,265,99517,265,99301,265,99529,100,99251,100,99648,100,99093,100,99659,100,99064,100,99919,200,99007,100,100038,100,98870,200,100417,100,98836,100,,,98771,100
2019-06-28 10:10:30.000000000,99440,350,99371,350,99495,350,99301,350,99517,100,99251,100,99529,100,99093,100,99648,100,99064,100,99659,100,99007,100,99919,200,98870,200,100038,100,98836,100,100417,100,98771,100,,,98758,100
2019-06-28 10:10:40.000000000,99440,225,99371,225,99495,225,99301,225,99517,225,99251,225,99529,225,99093,225,99648,100,99064,100,99659,100,99007,100,99919,200,98870,200,100038,100,98836,100,100417,100,98771,100,,,98758,100
2019-06-28 10:10:50.000000000,99440,600,99371,600,99495,100,99301,100,99517,100,99251,100,99529,100,99093,100,99648,100,99064,100,99659,100,99007,100,99919,200,98870,200,100038,100,98836,100,100417,100,98771,100,,,98758,100
2019-06-28 10:11:00.000000000,99440,225,99371,225,99495,225,99301,225,99517,225,99251,225,99529,225,99093,225,99648,100,99064,100,99659,100,99007,100,99919,200,98870,200,100038,100,98836,100,100417,100,98771,100,,,98758,100
2019-06-28 10:11:10.000000000,99440,350,99371,350,99495,350,99301,350,99517,100,99251,100,99529,100,99093,100,99648,100,99064,100,99659,100,99007,100,99919,200,98870,200,100038,100,98836,100,100417,100,98771,100,,,98758,100
2019-06-28 10:11:20.000000000,99440,200,99371,200,99495,200,99301,200,99517,200,99251,200,99529,200,99093,200,99648,200,99064,200,99659,100,99007,100,99919,200,98870,200,100038,100,98836,100,100417,100,98771,100,,,98758,100
2019-06-28 10:11:20.539362496,99440,200,99371,200,99495,200,99301,200,99517,200,99251,200,99529,200,99093,200,99648,200,99064,200,99659,100,99007,100,99919,200,98870,200,100038,100,98836,100,100417,100,98771,100,,,98758,100
