,ask_price_1,ask_size_1,bid_price_1,bid_size_1,ask_price_2,ask_size_2,bid_price_2,bid_size_2,ask_price_3,ask_size_3,bid_price_3,bid_size_3,ask_price_4,ask_size_4,bid_price_4,bid_size_4,ask_price_5,ask_size_5,bid_price_5,bid_size_5,ask_price_6,ask_size_6,bid_price_6,bid_size_6,ask_price_7,ask_size_7,bid_price_7,bid_size_7,ask_price_8,ask_size_8,bid_price_8,bid_size_8,ask_price_9,ask_size_9,bid_price_9,bid_size_9,ask_price_10,ask_size_10,bid_price_10,bid_size_10
2019-06-28 09:30:00.000000003,,,99971,100,,,,,,,,,,,,,,,,,,,,,,,,,,,,,,,,,,,,
2019-06-28 09:30:00.000000005,100094,100,100069,100,,,99971,100,,,,,,,,,,,,,,,,,,,,,,,,,,,,,,,,
2019-06-28 09:30:00.000000009,100094,100,99971,100,,,99947,100,,,,,,,,,,,,,,,,,,,,,,,,,,,,,,,,
2019-06-28 09:30:00.000000011,100094,100,99971,100,,,99947,100,,,99922,100,,,,,,,,,,,,,,,,,,,,,,,,,,,,
2019-06-28 09:30:00.000000012,100094,100,99971,100,100102,100,99947,100,,,99922,100,,,,,,,,,,,,,,,,,,,,,,,,,,,,
2019-06-28 09:30:00.000000016,100048,100,99971,100,100094,100,99947,100,100102,100,99922,100,,,,,,,,,,,,,,,,,,,,,,,,,,,,
2019-06-28 09:30:00.000000019,100048,100,99971,100,100094,100,99947,100,100102,100,99922,100,100216,100,,,,,,,,,,,,,,,,,,,,,,,,,,
2019-06-28 09:30:00.000000021,99994,100,99971,100,100048,100,99947,100,100092,100,99922,100,100094,100,,,100102,100,,,100216,100,,,,,,,,,,,,,,,,,,
2019-06-28 09:30:00.000000023,99994,100,99971,100,100020,100,99947,100,100048,100,99945,100,100092,100,99922,100,100094,100,,,100102,100,,,100134,100,,,100216,100,,,,,,,,,,
2019-06-28 09:30:00.000000024,99994,100,99971,100,100020,100,99947,100,100048,100,99945,100,100092,100,99922,100,100094,100,,,100102,100,,,100127,100,,,100134,100,,,100216,100,,,,,,
2019-06-28 09:30:00.000000026,99994,100,99971,100,100020,100,99947,100,100048,100,99945,100,100058,100,99922,100,100092,100,99888,100,100094,100,,,100102,100,,,100127,100,,,100134,100,,,100216,100,,
2019-06-28 09:30:00.000000027,99994,100,99972,100,100020,100,99971,100,100048,100,99947,100,100058,100,99945,100,100092,100,99922,100,100094,100,99888,100,100102,100,99835,100,100127,100,,,100134,100,,,100216,100,,
2019-06-28 09:30:00.000000028,99994,100,99972,100,100020,100,99971,100,100048,100,99947,100,100058,100,99945,100,100062,100,99922,100,100092,100,99888,100,100094,100,99835,100,100102,100,,,100127,100,,,100134,100,,
2019-06-28 09:30:00.000000029,99994,100,99972,100,100020,100,99971,100,100048,100,99947,100,100058,200,99945,100,100062,100,99932,100,100092,100,99922,100,100094,100,99888,100,100102,100,99835,100,100127,100,99816,100,100134,100,,
2019-06-28 09:30:00.000000030,99994,100,99972,100,100020,100,99971,100,100021,100,99947,100,100048,100,99945,100,100058,200,99932,100,100062,100,99922,100,100092,100,99888,100,100094,100,99864,100,100102,100,99835,100,100127,100,99816,100
2019-06-28 09:30:00.000000032,99994,100,99972,100,100020,100,99971,100,100021,100,99947,100,100048,100,99945,100,100058,200,99932,100,100062,100,99927,100,100092,100,99922,100,100094,100,99888,100,100102,100,99864,100,100127,100,99835,100
2019-06-28 09:30:00.000000033,99994,100,99972,100,100020,100,99971,100,100021,100,99947,100,100048,100,99945,100,100058,200,99932,100,100062,100,99927,100,100092,100,99922,100,100094,100,99906,100,100102,100,99888,100,100127,100,99864,100
2019-06-28 09:30:00.000000035,99994,100,99972,100,99998,100,99971,100,100020,100,99947,100,100021,100,99945,100,100048,100,99932,100,100049,100,99927,100,100058,200,99922,100,100062,100,99906,100,100072,100,99888,100,100092,100,99864,100
2019-06-28 09:30:00.000000036,99994,100,99972,100,99998,100,99971,100,100020,100,99947,100,100021,100,99945,100,100035,100,99932,100,100048,100,99927,100,100049,100,99922,100,100058,200,99906,100,100062,100,99888,100,100072,100,99864,100
2019-06-28 09:30:00.000000037,99994,100,99972,100,99998,100,99971,100,100020,100,99960,100,100021,100,99947,100,100035,100,99945,100,100048,100,99932,100,100049,100,99927,100,100058,200,99922,100,100062,100,99906,100,100072,100,99888,100
2019-06-28 09:30:00.000000038,99994,100,99972,100,99998,100,99971,100,100020,100,99960,100,100021,100,99947,100,100035,100,99945,100,100048,100,99935,100,100049,100,99932,100,100058,200,99927,100,100062,100,99922,100,100072,100,99906,100
2019-06-28 09:30:00.000000040,99998,100,99972,100,100020,100,99971,100,100021,100,99960,100,100035,100,99947,100,100048,100,99945,100,100049,100,99935,100,100058,200,99932,100,100062,100,99927,100,100072,100,99922,100,100092,100,99906,100
2019-06-28 09:30:00.000000041,99998,100,99972,100,100020,100,99971,100,100021,100,99960,100,100035,100,99947,100,100048,100,99945,100,100049,200,99935,100,100058,200,99932,100,100062,100,99927,100,100072,100,99922,100,100092,100,99906,100
2019-06-28 09:30:00.000000042,99998,100,99972,100,100020,100,99971,100,100021,100,99960,100,100035,100,99947,100,100048,100,99945,100,100049,200,99943,100,100058,200,99935,100,100062,100,99932,100,100072,100,99927,100,100092,100,99922,100
2019-06-28 09:30:00.000000043,99978,100,99972,100,99998,100,99971,100,100020,100,99960,100,100021,100,99947,100,100035,100,99945,100,100048,100,99943,100,100049,200,99935,100,100050,100,99932,100,100058,200,99927,100,100062,100,99922,100
2019-06-28 09:30:00.000000045,99978,100,99972,100,99998,100,99971,100,100020,100,99960,100,100021,100,99947,100,100035,100,99945,100,100047,100,99943,100,100048,100,99935,100,100049,200,99932,100,100050,100,99927,100,100058,200,99922,100
2019-06-28 09:30:00.000000046,99998,100,99972,100,100020,100,99971,100,100021,100,99960,100,100035,100,99947,100,100047,100,99945,100,100048,100,99943,100,100049,200,99935,100,100050,100,99932,100,100058,200,99927,100,100062,100,99922,100
2019-06-28 09:30:00.000000047,99998,100,99972,100,100020,100,99971,100,100021,100,99960,100,100035,100,99947,100,100047,100,99945,100,100048,100,99943,100,100049,200,99935,100,100050,100,99932,100,100058,200,99927,100,100062,100,99922,100
2019-06-28 09:30:00.000000049,99998,100,99977,100,100020,100,99972,100,100021,100,99971,100,100035,100,99960,100,100047,100,99947,100,100048,100,99945,100,100049,200,99943,100,100050,100,99935,100,100058,200,99932,100,100062,100,99927,100
2019-06-28 09:30:00.000000050,99998,100,99977,100,100020,100,99972,100,100021,100,99971,100,100035,100,99960,100,100047,100,99947,100,100048,100,99945,100,100049,200,99943,100,100050,100,99935,100,100058,200,99932,100,100062,100,99927,100
2019-06-28 09:30:00.000000052,99998,100,99978,100,100020,100,99977,100,100021,100,99972,100,100035,100,99971,100,100047,100,99960,100,100048,100,99947,100,100049,200,99945,100,100050,100,99943,100,100058,200,99935,100,100062,100,99932,100
2019-06-28 09:30:00.000000053,99998,100,99978,100,100020,100,99977,100,100021,100,99972,100,100035,100,99971,100,100047,100,99960,100,100048,100,99947,100,100049,200,99945,100,100050,100,99943,100,100058,200,99935,100,100062,100,99932,100
2019-06-28 09:30:00.000000055,99994,100,99978,100,99998,100,99977,100,100020,100,99972,100,100021,100,99971,100,100035,100,99960,100,100047,100,99947,100,100048,100,99945,100,100049,200,99943,100,100050,100,99935,100,100058,200,99932,100
2019-06-28 09:30:00.000000057,99994,100,99978,100,99998,100,99977,100,100020,100,99972,100,100021,100,99971,100,100035,100,99960,100,100045,100,99947,100,100047,100,99945,100,100048,100,99943,100,100049,200,99935,100,100050,100,99932,100
2019-06-28 09:30:00.000000059,99994,100,99978,200,99998,100,99977,100,100020,100,99972,100,100021,100,99971,100,100035,100,99960,100,100045,100,99947,100,100047,100,99945,100,100048,100,99943,100,100049,200,99935,100,100050,100,99932,100
2019-06-28 09:30:00.000000062,99994,100,99991,100,99998,100,99978,200,100020,100,99977,100,100021,100,99972,100,100035,100,99971,100,100045,100,99960,100,100047,100,99947,100,100048,100,99945,100,100049,200,99943,100,100050,100,99935,100
2019-06-28 09:30:00.000000065,99994,100,99978,200,99998,100,99977,100,100020,100,99972,100,100021,100,99971,100,100035,100,99960,100,100045,100,99947,100,100047,100,99945,100,100048,100,99943,100,100049,200,99935,100,100050,100,99932,100
2019-06-28 09:30:00.000000068,99998,100,99978,200,100020,100,99977,100,100021,100,99972,100,100035,100,99971,100,100045,100,99966,100,100047,100,99960,100,100048,100,99947,100,100049,200,99945,100,100050,100,99943,100,100058,200,99935,100
2019-06-28 09:30:00.000000071,99998,100,99978,200,100020,100,99977,100,100021,100,99972,100,100035,100,99971,100,100045,100,99966,100,100047,100,99960,100,100048,100,99947,100,100049,200,99945,100,100050,100,99943,100,100058,200,99935,100
2019-06-28 09:30:00.000000073,99998,100,99978,200,100020,100,99977,100,100021,100,99972,100,100035,100,99971,100,100045,100,99966,100,100047,100,99960,100,100048,100,99947,100,100049,200,99945,100,100050,100,99943,100,100058,200,99935,100
2019-06-28 09:30:00.000000076,99998,100,99978,200,100020,100,99977,100,100021,100,99972,100,100035,100,99971,100,100045,100,99966,100,100047,100,99960,100,100048,100,99959,100,100049,200,99947,100,100050,100,99945,100,100058,200,99943,100
2019-06-28 09:30:00.000000077,99998,100,99978,200,100020,100,99977,100,100021,100,99972,100,100035,100,99971,100,100045,100,99966,100,100047,100,99960,100,100048,100,99959,100,100049,200,99947,100,100050,100,99945,100,100058,200,99943,100
2019-06-28 09:30:00.000000083,99998,100,99978,200,100020,100,99977,100,100021,100,99972,100,100035,100,99971,100,100045,100,99966,100,100047,100,99960,100,100048,100,99959,100,100049,200,99947,100,100050,100,99945,100,100058,200,99943,100
2019-06-28 09:30:00.000000086,99994,100,99978,200,99998,100,99977,100,100020,100,99972,100,100021,100,99971,100,100035,100,99966,100,100045,100,99960,100,100047,100,99959,100,100048,100,99947,100,100049,200,99945,100,100050,100,99943,100
2019-06-28 09:30:00.000000089,99994,100,99978,200,99998,100,99977,100,100020,100,99972,100,100021,100,99971,100,100035,100,99966,100,100045,100,99960,100,100047,100,99959,100,100048,100,99947,100,100049,200,99945,100,100050,100,99943,100
2019-06-28 09:30:00.000000090,99994,200,99978,200,99998,100,99977,100,100020,100,99972,100,100021,100,99971,100,100035,100,99966,100,100045,100,99960,100,100047,100,99959,100,100048,100,99947,100,100049,200,99945,100,100050,100,99943,100
2019-06-28 09:30:00.000000094,99994,200,99991,100,99998,100,99978,200,100020,100,99977,100,100021,100,99972,100,100035,100,99971,100,100045,100,99966,100,100047,100,99960,100,100048,100,99959,100,100049,200,99947,100,100050,100,99945,100
2019-06-28 09:30:00.000000095,99994,200,99991,100,99998,100,99978,200,100020,100,99977,100,100021,100,99976,100,100035,100,99972,100,100045,100,99971,100,100047,100,99966,100,100048,100,99960,100,100049,200,99959,100,100050,100,99947,100
2019-06-28 09:30:00.000000096,99994,200,99991,100,99998,100,99978,200,100015,100,99977,100,100020,100,99976,100,100021,100,99972,100,100035,100,99971,100,100045,100,99966,100,100047,100,99960,100,100048,100,99959,100,100049,200,99947,100
2019-06-28 09:30:10.000000000,99994,354,99991,254,99998,250,99978,350,100015,250,99977,250,100020,100,99976,100,100021,100,99972,100,100035,100,99971,100,100045,100,99966,100,100047,100,99960,100,100048,100,99959,100,100049,200,99947,100
2019-06-28 09:30:12.144309606,99994,354,99991,354,99998,250,99978,350,100015,250,99977,250,100020,100,99976,100,100021,100,99972,100,100035,100,99971,100,100045,100,99966,100,100047,100,99960,100,100048,100,99959,100,100049,200,99947,100
2019-06-28 09:30:20.000000000,99994,427,99991,427,99998,327,99978,427,100015,100,99977,100,100020,100,99976,100,100021,100,99972,100,100035,100,99971,100,100045,100,99966,100,100047,100,99960,100,100048,100,99959,100,100049,200,99947,100
2019-06-28 09:30:30.000000000,99994,314,99991,314,99998,214,99978,314,100015,214,99977,214,100020,214,99976,214,100021,100,99972,100,100035,100,99971,100,100045,100,99966,100,100047,100,99960,100,100048,100,99959,100,100049,200,99947,100
2019-06-28 09:30:30.017036989,99994,314,99991,214,99998,214,99978,314,100015,214,99977,214,100020,214,99976,214,100021,100,99972,100,100035,100,99971,100,100045,100,99966,100,100047,100,99960,100,100048,100,99959,100,100049,200,99947,100
2019-06-28 09:30:40.000000000,99994,654,99991,554,99998,100,99978,200,100015,100,99977,100,100020,100,99976,100,100021,100,99972,100,100035,100,99971,100,100045,100,99966,100,100047,100,99960,100,100048,100,99959,100,100049,200,99947,100
2019-06-28 09:30:50.000000000,99994,354,99991,254,99998,250,99978,350,100015,250,99977,250,100020,100,99976,100,100021,100,99972,100,100035,100,99971,100,100045,100,99966,100,100047,100,99960,100,100048,100,99959,100,100049,200,99947,100
2019-06-28 09:31:00.000000000,99994,314,99991,214,99998,214,99978,314,100015,214,99977,214,100020,214,99976,214,100021,100,99972,100,100035,100,99971,100,100045,100,99966,100,100047,100,99960,100,100048,100,99959,100,100049,200,99947,100
2019-06-28 09:31:09.062554493,99994,314,99991,214,99998,214,99978,314,100015,214,99977,214,100020,214,99976,214,100021,100,99972,100,100035,100,99971,100,100045,100,99966,100,100047,100,99960,100,100048,100,99959,100,100049,200,99947,100
2019-06-28 09:31:10.000000000,99994,291,99991,191,99998,191,99978,291,100015,191,99977,191,100020,191,99976,191,100021,191,99972,191,100035,100,99971,100,100045,100,99966,100,100047,100,99960,100,100048,100,99959,100,100049,200,99947,100
2019-06-28 09:31:15.068695497,99993,100,99991,191,99994,291,99978,291,99998,191,99977,191,100015,191,99976,191,100020,191,99972,191,100021,191,99971,100,100035,100,99966,100,100045,100,99960,100,100047,100,99959,100,100048,100,99947,100
2019-06-28 09:31:20.000000000,99993,554,99991,554,99994,200,99978,200,99998,100,99977,100,100015,100,99976,100,100020,100,99972,100,100021,100,99971,100,100035,100,99966,100,100045,100,99960,100,100047,100,99959,100,100048,100,99947,100
2019-06-28 09:31:29.742366376,99993,554,99991,554,99994,200,99978,200,99998,100,99977,100,100015,100,99976,100,100020,100,99972,100,100021,100,99971,100,100035,100,99966,100,100045,100,99960,100,100047,100,99959,100,100048,100,99947,100
2019-06-28 09:31:30.000000000,99993,254,99991,254,99994,350,99978,350,99998,250,99977,250,100015,100,99976,100,100020,100,99972,100,100021,100,99971,100,100035,100,99966,100,100045,100,99960,100,100047,100,99959,100,100048,100,99947,100
2019-06-28 09:31:40.000000000,99993,254,99991,254,99994,350,99978,350,99998,250,99977,250,100015,100,99976,100,100020,100,99972,100,100021,100,99971,100,100035,100,99966,100,100045,100,99960,100,100047,100,99959,100,100048,100,99947,100
2019-06-28 09:31:50.000000000,99993,554,99991,554,99994,200,99978,200,99998,100,99977,100,100015,100,99976,100,100020,100,99972,100,100021,100,99971,100,100035,100,99966,100,100045,100,99960,100,100047,100,99959,100,100048,100,99947,100
2019-06-28 09:32:00.000000000,99993,191,99991,191,99994,291,99978,291,99998,191,99977,191,100015,191,99976,191,100020,191,99972,191,100021,100,99971,100,100035,100,99966,100,100045,100,99960,100,100047,100,99959,100,100048,100,99947,100
2019-06-28 09:32:10.000000000,99993,214,99991,214,99994,314,99978,314,99998,214,99977,214,100015,214,99976,214,100020,100,99972,100,100021,100,99971,100,100035,100,99966,100,100045,100,99960,100,100047,100,99959,100,100048,100,99947,100
2019-06-28 09:32:11.844254397,99993,214,99991,214,99994,314,99978,314,99998,214,99977,214,100015,214,99976,214,100020,100,99972,100,100021,100,99971,100,100035,100,99966,100,100047,100,99960,100,100048,100,99959,100,100049,100,99947,100
2019-06-28 09:32:17.390086553,99993,314,99991,214,99994,314,99978,314,99998,214,99977,214,100015,214,99976,214,100020,100,99972,100,100021,100,99971,100,100035,100,99966,100,100048,100,99960,100,100049,100,99959,100,100050,100,99947,100
2019-06-28 09:32:20.000000000,99993,427,99991,327,99994,427,99978,427,99998,100,99977,100,100015,100,99976,100,100020,100,99972,100,100021,100,99971,100,100035,100,99966,100,100048,100,99960,100,100049,100,99959,100,100050,100,99947,100
2019-06-28 09:32:30.000000000,99993,354,99991,254,99994,350,99978,350,99998,250,99977,250,100015,100,99976,100,100020,100,99972,100,100021,100,99971,100,100035,100,99966,100,100048,100,99960,100,100049,100,99959,100,100050,100,99947,100
2019-06-28 09:32:30.351786743,99993,354,99991,254,99994,350,99978,350,99998,250,99977,250,100015,100,99976,100,100020,100,99972,100,100021,100,99971,100,100035,100,99966,100,100048,100,99960,100,100049,100,99959,100,100050,100,99947,100
2019-06-28 09:32:34.921854957,99993,354,99991,254,99994,350,99978,350,99998,250,99977,250,100015,100,99976,100,100020,100,99972,100,100021,100,99971,100,100035,100,99966,100,100048,100,99960,100,100049,100,99947,100,100050,100,99943,100
2019-06-28 09:32:40.000000000,99993,314,99991,214,99994,314,99978,314,99998,214,99977,214,100015,214,99976,214,100020,100,99972,100,100021,100,99971,100,100035,100,99966,100,100048,100,99960,100,100049,100,99947,100,100050,100,99943,100
2019-06-28 09:32:48.904065342,99993,314,99991,114,99994,314,99978,314,99998,214,99977,214,100015,214,99976,214,100020,100,99972,100,100021,100,99971,100,100035,100,99966,100,100048,100,99960,100,100049,100,99947,100,100050,100,99943,100
2019-06-28 09:32:50.000000000,99993,654,99978,654,99994,200,99977,100,99998,100,99976,100,100015,100,99972,100,100020,100,99971,100,100021,100,99966,100,100035,100,99960,100,100048,100,99947,100,100049,100,99943,100,100050,100,99942,100
2019-06-28 09:32:55.290271205,99993,654,99978,554,99994,200,99977,100,99998,100,99976,100,100015,100,99972,100,100020,100,99971,100,100021,100,99966,100,100035,100,99960,100,100048,100,99947,100,100049,100,99943,100,100050,100,99942,100
2019-06-28 09:33:00.000000000,99993,314,99978,214,99994,314,99977,214,99998,214,99976,214,100015,214,99972,214,100020,100,99971,100,100021,100,99966,100,100035,100,99960,100,100048,100,99947,100,100049,100,99943,100,100050,100,99942,100
2019-06-28 09:33:10.000000000,99993,654,99978,554,99994,200,99977,100,99998,100,99976,100,100015,100,99972,100,100020,100,99971,100,100021,100,99966,100,100035,100,99960,100,100048,100,99947,100,100049,100,99943,100,100050,100,99942,100
2019-06-28 09:33:20.000000000,99993,354,99978,254,99994,350,99977,250,99998,250,99976,250,100015,100,99972,100,100020,100,99971,100,100021,100,99966,100,100035,100,99960,100,100048,100,99947,100,100049,100,99943,100,100050,100,99942,100
2019-06-28 09:33:29.306176179,99993,354,99978,254,99994,350,99977,250,99998,250,99976,250,100015,100,99972,100,100020,100,99971,100,100021,100,99966,100,100035,100,99960,100,100048,100,99947,100,100049,100,99943,100,100058,200,99942,100
2019-06-28 09:33:30.000000000,99993,314,99978,214,99994,314,99977,214,99998,214,99976,214,100015,214,99972,214,100020,100,99971,100,100021,100,99966,100,100035,100,99960,100,100048,100,99947,100,100049,100,99943,100,100058,200,99942,100
2019-06-28 09:33:40.000000000,99993,354,99978,254,99994,350,99977,250,99998,250,99976,250,100015,100,99972,100,100020,100,99971,100,100021,100,99966,100,100035,100,99960,100,100048,100,99947,100,100049,100,99943,100,100058,200,99942,100
2019-06-28 09:33:50.000000000,99993,291,99978,191,99994,291,99977,191,99998,191,99976,191,100015,191,99972,191,100020,191,99971,191,100021,100,99966,100,100035,100,99960,100,100048,100,99947,100,100049,100,99943,100,100058,200,99942,100
2019-06-28 09:34:00.000000000,99993,427,99978,327,99994,427,99977,327,99998,100,99976,100,100015,100,99972,100,100020,100,99971,100,100021,100,99966,100,100035,100,99960,100,100048,100,99947,100,100049,100,99943,100,100058,200,99942,100
2019-06-28 09:34:10.000000000,99993,354,99978,254,99994,350,99977,250,99998,250,99976,250,100015,100,99972,100,100020,100,99971,100,100021,100,99966,100,100035,100,99960,100,100048,100,99947,100,100049,100,99943,100,100058,200,99942,100
2019-06-28 09:34:13.523125798,99993,354,99978,254,99994,350,99977,250,99998,250,99976,250,100015,100,99972,100,100020,100,99971,100,100021,100,99966,100,100035,100,99960,100,100049,100,99947,100,100058,200,99943,100,100062,100,99942,100
2019-06-28 09:34:15.662415630,99993,354,99978,154,99994,350,99977,150,99998,250,99976,250,100015,100,99972,100,100020,100,99971,100,100021,100,99966,100,100035,100,99960,100,100049,100,99947,100,100058,200,99943,100,100062,100,99942,100
2019-06-28 09:34:20.000000000,99993,654,99976,554,99994,200,99972,100,99998,100,99971,100,100015,100,99966,100,100020,100,99960,100,100021,100,99947,100,100035,100,99943,100,100049,100,99942,100,100058,200,99935,100,100062,100,99932,100
2019-06-28 09:34:30.000000000,99993,427,99976,327,99994,427,99972,327,99998,100,99971,100,100015,100,99966,100,100020,100,99960,100,100021,100,99947,100,100035,100,99943,100,100049,100,99942,100,100058,200,99935,100,100062,100,99932,100
2019-06-28 09:34:40.000000000,99993,314,99976,214,99994,314,99972,214,99998,214,99971,214,100015,214,99966,214,100020,100,99960,100,100021,100,99947,100,100035,100,99943,100,100049,100,99942,100,100058,200,99935,100,100062,100,99932,100
2019-06-28 09:34:42.857967695,99993,314,99976,114,99994,314,99972,214,99998,214,99971,214,100015,214,99966,214,100020,100,99960,100,100021,100,99947,100,100035,100,99943,100,100049,100,99942,100,100058,200,99935,100,100062,100,99932,100
2019-06-28 09:34:49.445301257,99993,314,99976,14,99994,314,99972,214,99998,214,99971,214,100015,214,99966,214,100020,100,99960,100,100021,100,99947,100,100035,100,99943,100,100049,100,99942,100,100058,200,99935,100,100062,100,99932,100
2019-06-28 09:34:50.000000000,99993,354,99972,254,99994,350,99971,250,99998,250,99966,250,100015,100,99960,100,100020,100,99947,100,100021,100,99943,100,100035,100,99942,100,100049,100,99935,100,100058,200,99932,100,100062,100,99922,100
2019-06-28 09:35:00.000000000,99993,314,99972,214,99994,314,99971,214,99998,214,99966,214,100015,214,99960,214,100020,100,99947,100,100021,100,99943,100,100035,100,99942,100,100049,100,99935,100,100058,200,99932,100,100062,100,99922,100
2019-06-28 09:35:10.000000000,99993,354,99972,254,99994,350,99971,250,99998,250,99966,250,100015,100,99960,100,100020,100,99947,100,100021,100,99943,100,100035,100,99942,100,100049,100,99935,100,100058,200,99932,100,100062,100,99922,100
2019-06-28 09:35:20.000000000,99993,354,99972,254,99994,350,99971,250,99998,250,99966,250,100015,100,99960,100,100020,100,99947,100,100021,100,99943,100,100035,100,99942,100,100049,100,99935,100,100058,200,99932,100,100062,100,99922,100
2019-06-28 09:35:22.979024430,99993,354,99972,254,99994,350,99971,250,99998,250,99966,250,100015,100,99960,100,100020,100,99947,100,100021,100,99943,100,100035,100,99942,100,100049,100,99935,100,100058,200,99932,100,100062,100,99922,100
2019-06-28 09:35:30.000000000,99993,291,99972,191,99994,291,99971,191,99998,191,99966,191,100015,191,99960,191,100020,191,99947,191,100021,100,99943,100,100035,100,99942,100,100049,100,99935,100,100058,200,99932,100,100062,100,99922,100
2019-06-28 09:35:35.662952283,99993,291,99972,191,99994,291,99971,191,99998,191,99966,191,100015,191,99960,191,100020,191,99947,191,100021,100,99943,100,100035,100,99942,100,100049,100,99935,100,100058,200,99932,100,100062,100,99922,100
2019-06-28 09:35:40.000000000,99993,291,99972,191,99994,291,99971,191,99998,191,99966,191,100015,191,99960,191,100020,191,99947,191,100021,100,99943,100,100035,100,99942,100,100049,100,99935,100,100058,200,99932,100,100062,100,99922,100
2019-06-28 09:35:45.751192891,99976,100,99972,191,99993,291,99971,191,99994,291,99966,191,99998,191,99960,191,100015,191,99947,191,100020,191,99943,100,100021,100,99942,100,100035,100,99935,100,100049,100,99932,100,100058,200,99922,100
2019-06-28 09:35:50.000000000,99976,214,99972,214,99993,314,99971,214,99994,314,99966,214,99998,214,99960,214,100015,100,99947,100,100020,100,99943,100,100021,100,99942,100,100035,100,99935,100,100049,100,99932,100,100058,200,99922,100
2019-06-28 09:35:54.192369592,99976,214,99972,214,99993,314,99971,214,99994,314,99966,214,99998,214,99960,214,100015,100,99947,100,100020,100,99943,100,100021,100,99942,100,100035,100,99935,100,100049,100,99932,100,100058,200,99922,100
2019-06-28 09:36:00.000000000,99976,254,99972,254,99993,350,99971,250,99994,350,99966,250,99998,100,99960,100,100015,100,99947,100,100020,100,99943,100,100021,100,99942,100,100035,100,99935,100,100049,100,99932,100,100058,200,99922,100
2019-06-28 09:36:02.401239049,99976,254,99972,254,99993,350,99971,250,99994,350,99966,250,99998,100,99960,100,100015,100,99947,100,100020,100,99943,100,100021,100,99942,100,100035,100,99935,100,100049,100,99932,100,100058,200,99922,100
2019-06-28 09:36:10.000000000,99976,554,99972,554,99993,200,99971,100,99994,200,99966,100,99998,100,99960,100,100015,100,99947,100,100020,100,99943,100,100021,100,99942,100,100035,100,99935,100,100049,100,99932,100,100058,200,99922,100
2019-06-28 09:36:13.299295864,99976,554,99972,454,99993,200,99971,100,99994,200,99966,100,99998,100,99960,100,100015,100,99947,100,100020,100,99943,100,100021,100,99942,100,100035,100,99935,100,100049,100,99932,100,100058,200,99922,100
2019-06-28 09:36:13.618296261,99975,100,99972,454,99976,554,99971,100,99993,100,99966,100,99994,200,99960,100,99998,100,99947,100,100015,100,99943,100,100020,100,99942,100,100021,100,99935,100,100035,100,99932,100,100049,100,99922,100
2019-06-28 09:36:20.000000000,99975,327,99971,327,99976,327,99966,327,99993,100,99960,100,99994,200,99947,100,99998,100,99943,100,100015,100,99942,100,100020,100,99935,100,100021,100,99932,100,100035,100,99922,100,100049,100,99912,100
2019-06-28 09:36:30.000000000,99975,191,99971,191,99976,191,99966,191,99993,191,99960,191,99994,291,99947,191,99998,191,99943,191,100015,100,99942,100,100020,100,99935,100,100021,100,99932,100,100035,100,99922,100,100049,100,99912,100
2019-06-28 09:36:40.000000000,99975,327,99971,327,99976,327,99966,327,99993,100,99960,100,99994,200,99947,100,99998,100,99943,100,100015,100,99942,100,100020,100,99935,100,100021,100,99932,100,100035,100,99922,100,100049,100,99912,100
2019-06-28 09:36:45.695069097,99975,327,99971,227,99976,327,99966,327,99993,100,99960,100,99994,200,99947,100,99998,100,99943,100,100015,100,99942,100,100020,100,99935,100,100021,100,99932,100,100035,100,99922,100,100049,100,99912,100
2019-06-28 09:36:46.058981562,99975,327,99971,127,99976,327,99966,327,99993,100,99960,100,99994,200,99943,100,99998,100,99942,100,100015,100,99935,100,100020,100,99932,100,100021,100,99922,100,100035,100,99912,100,100049,100,99888,100
2019-06-28 09:36:50.000000000,99975,554,99966,554,99976,100,99960,100,99993,100,99943,100,99994,200,99942,100,99998,100,99935,100,100015,100,99932,100,100020,100,99922,100,100021,100,99912,100,100035,100,99888,100,100049,100,99885,100
2019-06-28 09:37:00.000000000,99975,554,99966,554,99976,100,99960,100,99993,100,99943,100,99994,200,99942,100,99998,100,99935,100,100015,100,99932,100,100020,100,99922,100,100021,100,99912,100,100035,100,99888,100,100049,100,99885,100
2019-06-28 09:37:10.000000000,99975,214,99966,214,99976,214,99960,214,99993,214,99943,214,99994,314,99942,214,99998,100,99935,100,100015,100,99932,100,100020,100,99922,100,100021,100,99912,100,100035,100,99888,100,100049,100,99885,100
2019-06-28 09:37:12.578123246,99971,100,99966,214,99975,214,99960,214,99976,214,99943,214,99993,214,99942,214,99994,314,99935,100,99998,100,99932,100,100015,100,99922,100,100020,100,99912,100,100021,100,99888,100,100035,100,99885,100
2019-06-28 09:37:20.000000000,99971,214,99966,214,99975,214,99960,214,99976,214,99943,214,99993,214,99942,214,99994,200,99935,100,99998,100,99932,100,100015,100,99922,100,100020,100,99912,100,100021,100,99888,100,100035,100,99885,100
2019-06-28 09:37:22.521314548,99971,214,99966,114,99975,214,99960,214,99976,214,99943,214,99993,214,99942,214,99994,200,99935,100,99998,100,99932,100,100015,100,99922,100,100020,100,99912,100,100021,100,99888,100,100035,100,99885,100
2019-06-28 09:37:24.976505741,99971,214,99966,14,99975,214,99960,214,99976,214,99943,214,99993,214,99942,114,99994,200,99935,100,99998,100,99932,100,100015,100,99922,100,100020,100,99912,100,100021,100,99888,100,100035,100,99885,100
2019-06-28 09:37:30.000000000,99971,191,99960,191,99975,191,99943,191,99976,191,99935,191,99993,191,99932,191,99994,291,99922,191,99998,100,99912,100,100015,100,99888,100,100020,100,99885,100,100021,100,99864,100,100035,100,99816,100
2019-06-28 09:37:40.000000000,99971,554,99960,554,99975,100,99943,100,99976,100,99935,100,99993,100,99932,100,99994,200,99922,100,99998,100,99912,100,100015,100,99888,100,100020,100,99885,100,100021,100,99864,100,100035,100,99816,100
2019-06-28 09:37:45.749185932,99971,554,99960,554,99975,100,99943,100,99976,100,99935,100,99993,100,99922,100,99994,200,99912,100,99998,100,99888,100,100015,100,99885,100,100020,100,99864,100,100021,100,99816,100,100035,100,99200,100
2019-06-28 09:37:50.000000000,99971,214,99960,214,99975,214,99943,214,99976,214,99935,214,99993,214,99922,214,99994,200,99912,100,99998,100,99888,100,100015,100,99885,100,100020,100,99864,100,100021,100,99816,100,100035,100,99200,100
2019-06-28 09:37:59.878805143,99971,214,99960,214,99975,214,99943,214,99976,214,99935,214,99993,214,99922,214,99994,200,99912,100,99998,100,99888,100,100015,100,99885,100,100020,100,99864,100,100021,100,99816,100,100035,100,99200,100
2019-06-28 09:38:00.000000000,99971,191,99960,191,99975,191,99943,191,99976,191,99935,191,99993,191,99922,191,99994,291,99912,191,99998,100,99888,100,100015,100,99885,100,100020,100,99864,100,100021,100,99816,100,100035,100,99200,100
2019-06-28 09:38:04.735387309,99971,191,99960,191,99975,191,99943,191,99976,191,99935,191,99993,191,99922,191,99994,291,99912,191,99998,100,99888,100,100015,100,99885,100,100020,100,99864,100,100021,100,99816,100,100035,100,99200,100
2019-06-28 09:38:10.000000000,99971,327,99960,327,99975,327,99943,327,99976,100,99935,100,99993,100,99922,100,99994,200,99912,100,99998,100,99888,100,100015,100,99885,100,100020,100,99864,100,100021,100,99816,100,100035,100,99200,100
2019-06-28 09:38:11.804107034,99966,100,99960,327,99971,327,99943,327,99975,327,99935,100,99976,100,99922,100,99993,100,99912,100,99994,200,99888,100,99998,100,99885,100,100015,100,99864,100,100020,100,99816,100,100021,100,99200,100
2019-06-28 09:38:20.000000000,99966,554,99960,554,99971,100,99943,100,99975,100,99935,100,99976,100,99922,100,99993,100,99912,100,99994,200,99888,100,99998,100,99885,100,100015,100,99864,100,100020,100,99816,100,100021,100,99200,100
2019-06-28 09:38:30.000000000,99966,254,99960,254,99971,250,99943,250,99975,250,99935,250,99976,100,99922,100,99993,100,99912,100,99994,200,99888,100,99998,100,99885,100,100015,100,99864,100,100020,100,99816,100,100021,100,99200,100
2019-06-28 09:38:35.244494286,99966,354,99960,254,99971,250,99943,250,99975,250,99935,250,99976,100,99922,100,99993,100,99912,100,99994,200,99888,100,99998,100,99885,100,100015,100,99864,100,100020,100,99816,100,100021,100,99200,100
2019-06-28 09:38:40.000000000,99966,291,99960,191,99971,191,99943,191,99975,191,99935,191,99976,191,99922,191,99993,191,99912,191,99994,200,99888,100,99998,100,99885,100,100015,100,99864,100,100020,100,99816,100,100021,100,99200,100
2019-06-28 09:38:45.858217573,99966,291,99960,91,99971,191,99943,191,99975,191,99935,191,99976,191,99922,191,99993,191,99912,191,99994,200,99888,100,99998,100,99885,100,100015,100,99864,100,100020,100,99816,100,100021,100,99200,100
2019-06-28 09:38:50.000000000,99966,654,99943,554,99971,100,99935,100,99975,100,99922,100,99976,100,99912,100,99993,100,99888,100,99994,200,99885,100,99998,100,99864,100,100015,100,99816,100,100020,100,99200,100,100021,100,99194,100
2019-06-28 09:39:00.000000000,99966,354,99943,254,99971,250,99935,250,99975,250,99922,250,99976,100,99912,100,99993,100,99888,100,99994,200,99885,100,99998,100,99864,100,100015,100,99816,100,100020,100,99200,100,100021,100,99194,100
2019-06-28 09:39:10.000000000,99966,314,99943,214,99971,214,99935,214,99975,214,99922,214,99976,214,99912,214,99993,100,99888,100,99994,200,99885,100,99998,100,99864,100,100015,100,99816,100,100020,100,99200,100,100021,100,99194,100
2019-06-28 09:39:17.983941855,99966,314,99943,214,99971,214,99935,214,99975,214,99922,214,99976,214,99912,214,99993,100,99888,100,99994,200,99885,100,99998,100,99864,100,100015,100,99816,100,100020,100,99200,100,100021,100,99194,100
2019-06-28 09:39:20.000000000,99966,654,99943,554,99971,100,99935,100,99975,100,99922,100,99976,100,99912,100,99993,100,99888,100,99994,200,99885,100,99998,100,99864,100,100015,100,99816,100,100020,100,99200,100,100021,100,99194,100
2019-06-28 09:39:29.486985225,99966,554,99943,554,99971,100,99935,100,99975,100,99922,100,99976,100,99912,100,99993,100,99888,100,99994,200,99885,100,99998,100,99864,100,100015,100,99816,100,100020,100,99200,100,100021,100,99194,100
2019-06-28 09:39:30.000000000,99966,214,99943,214,99971,214,99935,214,99975,214,99922,214,99976,214,99912,214,99993,100,99888,100,99994,200,99885,100,99998,100,99864,100,100015,100,99816,100,100020,100,99200,100,100021,100,99194,100
2019-06-28 09:39:40.000000000,99966,191,99943,191,99971,191,99935,191,99975,191,99922,191,99976,191,99912,191,99993,191,99888,191,99994,200,99885,100,99998,100,99864,100,100015,100,99816,100,100020,100,99200,100,100021,100,99194,100
2019-06-28 09:39:50.000000000,99966,191,99943,191,99971,191,99935,191,99975,191,99922,191,99976,191,99912,191,99993,191,99888,191,99994,200,99885,100,99998,100,99864,100,100015,100,99816,100,100020,100,99200,100,100021,100,99194,100
2019-06-28 09:39:55.888110814,99966,191,99943,91,99971,191,99935,191,99975,191,99922,191,99976,191,99912,191,99993,191,99888,91,99994,200,99885,100,99998,100,99864,100,100015,100,99816,100,100020,100,99200,100,100021,100,99194,100
2019-06-28 09:39:56.280382134,99943,9,99935,191,99966,191,99922,191,99971,191,99912,191,99975,191,99888,91,99976,191,99885,100,99993,191,99864,100,99994,200,99816,100,99998,100,99200,100,100015,100,99194,100,100020,100,99170,100
2019-06-28 09:39:56.299980839,99943,9,99935,191,99966,191,99922,191,99971,191,99912,191,99975,191,99888,91,99976,191,99885,100,99993,191,99864,100,99994,200,99816,100,99998,100,99200,100,100015,100,99194,100,100020,100,99173,100
2019-06-28 09:40:00.000000000,99943,163,99935,254,99966,250,99922,250,99971,250,99912,250,99975,100,99885,100,99976,100,99864,100,99993,100,99816,100,99994,200,99200,100,99998,100,99194,100,100015,100,99173,100,100020,100,99170,100
2019-06-28 09:40:10.000000000,99943,463,99935,554,99966,100,99922,100,99971,100,99912,100,99975,100,99885,100,99976,100,99864,100,99993,100,99816,100,99994,200,99200,100,99998,100,99194,100,100015,100,99173,100,100020,100,99170,100
2019-06-28 09:40:14.970747307,99943,463,99935,454,99966,100,99922,100,99971,100,99912,100,99975,100,99885,100,99976,100,99864,100,99993,100,99816,100,99994,200,99200,100,99998,100,99194,100,100015,100,99173,100,100020,100,99170,100
2019-06-28 09:40:20.000000000,99943,236,99922,327,99966,327,99912,327,99971,100,99885,100,99975,100,99864,100,99976,100,99816,100,99993,100,99200,100,99994,200,99194,100,99998,100,99173,100,100015,100,99170,100,100020,100,99120,100
2019-06-28 09:40:30.000000000,99943,163,99922,254,99966,250,99912,250,99971,250,99885,250,99975,100,99864,100,99976,100,99816,100,99993,100,99200,100,99994,200,99194,100,99998,100,99173,100,100015,100,99170,100,100020,100,99120,100
2019-06-28 09:40:40.000000000,99943,463,99922,554,99966,100,99912,100,99971,100,99885,100,99975,100,99864,100,99976,100,99816,100,99993,100,99200,100,99994,200,99194,100,99998,100,99173,100,100015,100,99170,100,100020,100,99120,100
2019-06-28 09:40:40.487944928,99943,463,99922,554,99966,100,99912,100,99971,100,99885,100,99975,100,99864,100,99976,100,99816,100,99993,100,99200,100,99994,200,99194,100,99998,100,99173,100,100015,100,99170,100,100020,100,99120,100
2019-06-28 09:40:43.508123749,99943,463,99922,454,99966,100,99912,100,99971,100,99885,100,99975,100,99864,100,99976,100,99816,100,99993,100,99200,100,99994,200,99194,100,99998,100,99173,100,100015,100,99170,100,100020,100,99120,100
2019-06-28 09:40:50.000000000,99943,236,99912,327,99966,327,99885,327,99971,100,99864,100,99975,100,99816,100,99976,100,99200,100,99993,100,99194,100,99994,200,99173,100,99998,100,99170,100,100015,100,99120,100,100020,100,98801,100
2019-06-28 09:41:00.000000000,99943,163,99912,254,99966,250,99885,250,99971,250,99864,250,99975,100,99816,100,99976,100,99200,100,99993,100,99194,100,99994,200,99173,100,99998,100,99170,100,100015,100,99120,100,100020,100,98801,100
2019-06-28 09:41:00.645136973,99935,100,99912,254,99943,163,99885,250,99966,250,99864,250,99971,250,99816,100,99975,100,99200,100,99976,100,99194,100,99993,100,99173,100,99994,200,99170,100,99998,100,99120,100,100015,100,98801,100
2019-06-28 09:41:02.852897635,99935,100,99912,54,99943,163,99885,250,99966,250,99864,250,99971,250,99816,100,99975,100,99200,100,99976,100,99194,100,99993,100,99173,100,99994,200,99170,100,99998,100,99120,100,100015,100,98801,100
2019-06-28 09:41:10.000000000,99935,327,99885,327,99943,236,99864,327,99966,100,99816,100,99971,100,99200,100,99975,100,99194,100,99976,100,99173,100,99993,100,99170,100,99994,200,99120,100,99998,100,98801,100,100015,100,98800,100
2019-06-28 09:41:12.809858615,99922,100,99885,327,99935,327,99864,327,99943,236,99816,100,99966,100,99200,100,99971,100,99194,100,99975,100,99173,100,99976,100,99170,100,99994,200,99120,100,99998,100,98801,100,100015,100,98800,100
2019-06-28 09:41:20.000000000,99922,214,99885,214,99935,214,99864,214,99943,123,99816,214,99966,214,99200,214,99971,100,99194,100,99975,100,99173,100,99976,100,99170,100,99994,200,99120,100,99998,100,98801,100,100015,100,98800,100
2019-06-28 09:41:29.267574946,99922,214,99885,214,99935,214,99864,214,99943,123,99816,214,99966,214,99200,214,99971,100,99194,100,99975,100,99173,100,99976,100,99170,100,99994,200,99120,100,99998,100,98801,100,100015,100,98800,100
2019-06-28 09:41:30.000000000,99922,214,99885,214,99935,214,99864,214,99943,123,99816,214,99966,214,99200,214,99971,100,99194,100,99975,100,99173,100,99976,100,99170,100,99994,200,99120,100,99998,100,98801,100,100015,100,98800,100
2019-06-28 09:41:40.000000000,99922,191,99885,191,99935,191,99864,191,99943,100,99816,191,99966,191,99200,191,99971,191,99194,191,99975,100,99173,100,99976,100,99170,100,99994,200,99120,100,99998,100,98801,100,100015,100,98800,100
2019-06-28 09:41:43.241361834,99922,191,99885,191,99935,191,99864,191,99943,100,99816,191,99966,191,99200,191,99971,191,99194,191,99975,100,99173,100,99976,100,99170,100,99994,200,99120,100,99998,100,98801,100,100015,100,98800,100
2019-06-28 09:41:50.000000000,99922,254,99885,254,99935,250,99864,250,99943,159,99816,250,99966,100,99200,100,99971,100,99194,100,99975,100,99173,100,99976,100,99170,100,99994,200,99120,100,99998,100,98801,100,100015,100,98800,100
2019-06-28 09:42:00.000000000,99922,327,99885,327,99935,327,99864,327,99943,9,99816,100,99966,100,99200,100,99971,100,99194,100,99975,100,99173,100,99976,100,99170,100,99994,200,99120,100,99998,100,98801,100,100015,100,98800,100
2019-06-28 09:42:10.000000000,99922,554,99885,554,99935,100,99864,100,99943,9,99816,100,99966,100,99200,100,99971,100,99194,100,99975,100,99173,100,99976,100,99170,100,99994,200,99120,100,99998,100,98801,100,100015,100,98800,100
2019-06-28 09:42:20.000000000,99922,554,99885,554,99935,100,99864,100,99943,9,99816,100,99966,100,99200,100,99971,100,99194,100,99975,100,99173,100,99976,100,99170,100,99994,200,99120,100,99998,100,98801,100,100015,100,98800,100
2019-06-28 09:42:24.672330737,99922,654,99885,554,99935,100,99864,100,99943,9,99816,100,99966,100,99200,100,99971,100,99194,100,99975,100,99173,100,99976,100,99170,100,99994,200,99120,100,99998,100,98801,100,100015,100,98800,100
2019-06-28 09:42:30.000000000,99922,354,99885,254,99935,250,99864,250,99943,159,99816,250,99966,100,99200,100,99971,100,99194,100,99975,100,99173,100,99976,100,99170,100,99994,200,99120,100,99998,100,98801,100,100015,100,98800,100
2019-06-28 09:42:33.451983684,99922,454,99885,254,99935,250,99864,250,99943,159,99816,250,99966,100,99200,100,99971,100,99194,100,99975,100,99173,100,99976,100,99170,100,99994,200,99120,100,99998,100,98801,100,100015,100,98800,100
2019-06-28 09:42:40.000000000,99922,454,99885,254,99935,250,99864,250,99943,159,99816,250,99966,100,99200,100,99971,100,99194,100,99975,100,99173,100,99976,100,99170,100,99994,200,99120,100,99998,100,98801,100,100015,100,98800,100
2019-06-28 09:42:40.310598153,99922,454,99885,154,99935,250,99864,250,99943,159,99816,250,99966,100,99200,100,99971,100,99194,100,99975,100,99173,100,99976,100,99170,100,99994,200,99120,100,100015,100,98801,100,100020,100,98800,100
2019-06-28 09:42:50.000000000,99922,414,99864,214,99935,214,99816,214,99943,123,99200,214,99966,214,99194,214,99971,100,99173,100,99975,100,99170,100,99976,100,99120,100,99994,200,98801,100,100015,100,98800,100,100020,100,98717,100
2019-06-28 09:42:51.122011897,99922,414,99864,214,99935,214,99816,214,99943,123,99200,214,99966,214,99194,214,99971,100,99173,100,99975,100,99170,100,99976,100,99120,100,99994,200,98801,100,100015,100,98800,100,100020,100,98717,100
2019-06-28 09:42:51.146274607,99912,100,99864,214,99922,314,99816,214,99935,214,99200,214,99943,123,99194,214,99966,214,99173,100,99971,100,99170,100,99975,100,99120,100,99976,100,98801,100,99994,200,98800,100,100015,100,98717,100
2019-06-28 09:42:52.715371089,99912,100,99864,214,99922,314,99816,214,99935,214,99200,214,99943,123,99194,214,99966,214,99173,100,99971,100,99170,100,99975,100,99120,100,99976,100,98800,100,99994,200,98717,100,100015,100,98575,100
2019-06-28 09:43:00.000000000,99912,214,99864,214,99922,314,99816,214,99935,214,99200,214,99943,123,99194,214,99966,100,99173,100,99971,100,99170,100,99975,100,99120,100,99976,100,98800,100,99994,200,98717,100,100015,100,98575,100
2019-06-28 09:43:07.534008063,99912,214,99864,114,99922,314,99816,214,99935,214,99200,214,99943,123,99194,214,99966,100,99173,100,99971,100,99170,100,99975,100,99120,100,99976,100,98800,100,99994,200,98717,100,100015,100,98575,100
2019-06-28 09:43:10.000000000,99912,191,99816,191,99922,291,99200,191,99935,191,99194,191,99943,100,99173,191,99966,191,99170,191,99971,100,99120,100,99975,100,98800,100,99976,100,98717,100,99994,200,98575,100,100015,100,98545,100
2019-06-28 09:43:10.187339817,99885,100,99816,191,99912,191,99200,191,99922,291,99194,191,99935,191,99173,191,99943,100,99170,191,99966,191,99120,100,99971,100,98800,100,99975,100,98717,100,99976,100,98575,100,99994,200,98545,100
2019-06-28 09:43:17.572629082,99885,100,99816,191,99912,191,99200,191,99922,291,99194,191,99935,191,99173,191,99943,100,99170,191,99966,191,99120,100,99971,100,98800,100,99975,100,98720,100,99976,100,98717,100,99994,200,98575,100
2019-06-28 09:43:20.000000000,99885,554,99816,554,99912,100,99200,100,99922,200,99194,100,99935,100,99173,100,99943,9,99170,100,99966,100,99120,100,99971,100,98800,100,99975,100,98720,100,99976,100,98717,100,99994,200,98575,100
2019-06-28 09:43:30.000000000,99885,554,99816,554,99912,100,99200,100,99922,200,99194,100,99935,100,99173,100,99943,9,99170,100,99966,100,99120,100,99971,100,98800,100,99975,100,98720,100,99976,100,98717,100,99994,200,98575,100
2019-06-28 09:43:40.000000000,99885,554,99816,554,99912,100,99200,100,99922,200,99194,100,99935,100,99173,100,99943,9,99170,100,99966,100,99120,100,99971,100,98800,100,99975,100,98720,100,99976,100,98717,100,99994,200,98575,100
2019-06-28 09:43:50.000000000,99885,214,99816,214,99912,214,99200,214,99922,314,99194,214,99935,214,99173,214,99943,9,99170,100,99966,100,99120,100,99971,100,98800,100,99975,100,98720,100,99976,100,98717,100,99994,200,98575,100
2019-06-28 09:44:00.000000000,99885,554,99816,554,99912,100,99200,100,99922,200,99194,100,99935,100,99173,100,99943,9,99170,100,99966,100,99120,100,99971,100,98800,100,99975,100,98720,100,99976,100,98717,100,99994,200,98575,100
2019-06-28 09:44:10.000000000,99885,554,99816,554,99912,100,99200,100,99922,200,99194,100,99935,100,99173,100,99943,9,99170,100,99966,100,99120,100,99971,100,98800,100,99975,100,98720,100,99976,100,98717,100,99994,200,98575,100
2019-06-28 09:44:10.175845361,99885,554,99816,554,99912,100,99397,100,99922,200,99200,100,99935,100,99194,100,99943,9,99173,100,99966,100,99170,100,99971,100,99120,100,99975,100,98800,100,99976,100,98720,100,99994,200,98717,100
2019-06-28 09:44:20.000000000,99885,327,99816,327,99912,327,99397,327,99922,200,99200,100,99935,100,99194,100,99943,9,99173,100,99966,100,99170,100,99971,100,99120,100,99975,100,98800,100,99976,100,98720,100,99994,200,98717,100
2019-06-28 09:44:20.871176690,99885,327,99816,227,99912,327,99397,227,99922,200,99200,100,99935,100,99194,100,99943,9,99173,100,99966,100,99170,100,99971,100,99120,100,99975,100,98800,100,99976,100,98720,100,99994,200,98717,100
2019-06-28 09:44:30.000000000,99885,554,99200,554,99912,100,99194,100,99922,200,99173,100,99935,100,99170,100,99943,9,99120,100,99966,100,98800,100,99971,100,98720,100,99975,100,98717,100,99976,100,98575,100,99994,200,98545,100
2019-06-28 09:44:36.315378365,99500,100,99200,554,99885,554,99194,100,99912,100,99173,100,99922,200,99170,100,99935,100,99120,100,99943,9,98800,100,99966,100,98720,100,99971,100,98717,100,99975,100,98575,100,99976,100,98545,100
2019-06-28 09:44:40.000000000,99500,214,99200,214,99885,214,99194,214,99912,214,99173,214,99922,314,99170,214,99935,100,99120,100,99943,9,98800,100,99966,100,98720,100,99971,100,98717,100,99975,100,98575,100,99976,100,98545,100
2019-06-28 09:44:50.000000000,99500,554,99200,554,99885,100,99194,100,99912,100,99173,100,99922,200,99170,100,99935,100,99120,100,99943,9,98800,100,99966,100,98720,100,99971,100,98717,100,99975,100,98575,100,99976,100,98545,100
2019-06-28 09:44:51.002293940,99304,100,99200,554,99500,554,99194,100,99885,100,99173,100,99912,100,99170,100,99922,200,99120,100,99935,100,98800,100,99943,9,98720,100,99966,100,98717,100,99971,100,98575,100,99975,100,98545,100
2019-06-28 09:45:00.000000000,99304,214,99200,214,99500,214,99194,214,99885,214,99173,214,99912,214,99170,214,99922,200,99120,100,99935,100,98800,100,99943,9,98720,100,99966,100,98717,100,99971,100,98575,100,99975,100,98545,100
2019-06-28 09:45:10.000000000,99304,327,99200,327,99500,327,99194,327,99885,100,99173,100,99912,100,99170,100,99922,200,99120,100,99935,100,98800,100,99943,9,98720,100,99966,100,98717,100,99971,100,98575,100,99975,100,98545,100
2019-06-28 09:45:20.000000000,99304,191,99200,191,99500,191,99194,191,99885,191,99173,191,99912,191,99170,191,99922,291,99120,191,99935,100,98800,100,99943,9,98720,100,99966,100,98717,100,99971,100,98575,100,99975,100,98545,100
2019-06-28 09:45:30.000000000,99304,191,99200,191,99500,191,99194,191,99885,191,99173,191,99912,191,99170,191,99922,291,99120,191,99935,100,98800,100,99943,9,98720,100,99966,100,98717,100,99971,100,98575,100,99975,100,98545,100
2019-06-28 09:45:40.000000000,99304,254,99200,254,99500,250,99194,250,99885,250,99173,250,99912,100,99170,100,99922,200,99120,100,99935,100,98800,100,99943,9,98720,100,99966,100,98717,100,99971,100,98575,100,99975,100,98545,100
2019-06-28 09:45:42.426789979,99304,254,99200,254,99500,250,99194,250,99864,100,99173,250,99885,250,99170,100,99912,100,99120,100,99922,200,98800,100,99943,9,98720,100,99966,100,98717,100,99971,100,98575,100,99975,100,98545,100
2019-06-28 09:45:50.000000000,99304,327,99200,327,99500,327,99194,327,99864,100,99173,100,99885,100,99170,100,99912,100,99120,100,99922,200,98800,100,99943,9,98720,100,99966,100,98717,100,99971,100,98575,100,99975,100,98545,100
2019-06-28 09:46:00.000000000,99304,327,99200,327,99500,327,99194,327,99864,100,99173,100,99885,100,99170,100,99912,100,99120,100,99922,200,98800,100,99943,9,98720,100,99966,100,98717,100,99971,100,98575,100,99975,100,98545,100
2019-06-28 09:46:10.000000000,99304,327,99200,327,99500,327,99194,327,99864,100,99173,100,99885,100,99170,100,99912,100,99120,100,99922,200,98800,100,99943,9,98720,100,99966,100,98717,100,99971,100,98575,100,99975,100,98545,100
2019-06-28 09:46:20.000000000,99304,254,99200,254,99500,250,99194,250,99864,250,99173,250,99885,100,99170,100,99912,100,99120,100,99922,200,98800,100,99943,9,98720,100,99966,100,98717,100,99971,100,98575,100,99975,100,98545,100
2019-06-28 09:46:22.830647006,99304,254,99200,154,99500,250,99194,250,99864,250,99173,250,99885,100,99120,100,99912,100,98800,100,99922,200,98720,100,99943,9,98717,100,99966,100,98575,100,99971,100,98545,100,99975,100,98543,100
2019-06-28 09:46:30.000000000,99304,214,99194,214,99500,214,99173,214,99864,214,99120,214,99885,214,98800,214,99912,100,98720,100,99922,200,98717,100,99943,9,98575,100,99966,100,98545,100,99971,100,98543,100,99975,100,98458,100
2019-06-28 09:46:40.000000000,99304,554,99194,554,99500,100,99173,100,99864,100,99120,100,99885,100,98800,100,99912,100,98720,100,99922,200,98717,100,99943,9,98575,100,99966,100,98545,100,99971,100,98543,100,99975,100,98458,100
2019-06-28 09:46:46.838828082,99303,100,99194,554,99304,554,99173,100,99500,100,99120,100,99864,100,98800,100,99885,100,98720,100,99912,100,98717,100,99922,200,98575,100,99943,9,98545,100,99966,100,98543,100,99971,100,98458,100
2019-06-28 09:46:50.000000000,99303,191,99194,191,99304,191,99173,191,99500,191,99120,191,99864,191,98800,191,99885,191,98720,191,99912,100,98717,100,99922,200,98575,100,99943,9,98545,100,99966,100,98543,100,99971,100,98458,100
2019-06-28 09:47:00.000000000,99303,327,99194,327,99304,327,99173,327,99500,100,99120,100,99864,100,98800,100,99885,100,98720,100,99912,100,98717,100,99922,200,98575,100,99943,9,98545,100,99966,100,98543,100,99971,100,98458,100
2019-06-28 09:47:10.000000000,99303,191,99194,191,99304,191,99173,191,99500,191,99120,191,99864,191,98800,191,99885,191,98720,191,99912,100,98717,100,99922,200,98575,100,99943,9,98545,100,99966,100,98543,100,99971,100,98458,100
2019-06-28 09:47:18.113017324,99303,191,99194,91,99304,191,99173,191,99500,191,99120,191,99864,191,98800,191,99885,191,98720,191,99912,100,98717,100,99922,200,98575,100,99943,9,98545,100,99966,100,98543,100,99971,100,98458,100
2019-06-28 09:47:20.000000000,99303,554,99173,554,99304,100,99120,100,99500,100,98800,100,99864,100,98720,100,99885,100,98717,100,99912,100,98575,100,99922,200,98545,100,99943,9,98543,100,99966,100,98458,100,99971,100,98386,100
2019-06-28 09:47:21.148279636,99200,100,99173,554,99303,554,99120,100,99304,100,98800,100,99500,100,98720,100,99864,100,98717,100,99885,100,98575,100,99912,100,98545,100,99922,200,98543,100,99943,9,98458,100,99966,100,98386,100
2019-06-28 09:47:30.000000000,99200,254,99173,254,99303,250,99120,250,99304,250,98800,250,99500,100,98720,100,99864,100,98717,100,99885,100,98575,100,99912,100,98545,100,99922,200,98543,100,99943,9,98458,100,99966,100,98386,100
2019-06-28 09:47:30.529147297,99200,254,99173,254,99303,250,99120,250,99304,250,98800,250,99500,100,98720,100,99864,100,98717,100,99885,100,98575,100,99912,100,98545,100,99922,200,98543,100,99943,9,98461,100,99966,100,98458,100
2019-06-28 09:47:40.000000000,99200,254,99173,254,99303,250,99120,250,99304,250,98800,250,99500,100,98720,100,99864,100,98717,100,99885,100,98575,100,99912,100,98545,100,99922,200,98543,100,99943,9,98461,100,99966,100,98458,100
2019-06-28 09:47:50.000000000,99200,327,99173,327,99303,327,99120,327,99304,100,98800,100,99500,100,98720,100,99864,100,98717,100,99885,100,98575,100,99912,100,98545,100,99922,200,98543,100,99943,9,98461,100,99966,100,98458,100
2019-06-28 09:48:00.000000000,99200,554,99173,554,99303,100,99120,100,99304,100,98800,100,99500,100,98720,100,99864,100,98717,100,99885,100,98575,100,99912,100,98545,100,99922,200,98543,100,99943,9,98461,100,99966,100,98458,100
2019-06-28 09:48:10.000000000,99200,554,99173,554,99303,100,99120,100,99304,100,98800,100,99500,100,98720,100,99864,100,98717,100,99885,100,98575,100,99912,100,98545,100,99922,200,98543,100,99943,9,98461,100,99966,100,98458,100
2019-06-28 09:48:14.132042384,99200,554,99173,554,99303,100,99120,100,99500,100,98800,100,99864,100,98720,100,99885,100,98717,100,99912,100,98575,100,99922,200,98545,100,99943,9,98543,100,99966,100,98467,100,99971,100,98461,100
2019-06-28 09:48:20.000000000,99200,214,99173,214,99303,214,99120,214,99500,214,98800,214,99864,214,98720,214,99885,100,98717,100,99912,100,98575,100,99922,200,98545,100,99943,9,98543,100,99966,100,98467,100,99971,100,98461,100
2019-06-28 09:48:26.141727494,99200,214,99173,214,99303,214,99120,214,99500,214,98800,214,99864,214,98720,214,99885,100,98717,100,99912,100,98575,100,99922,100,98545,100,99943,9,98543,100,99966,100,98467,100,99971,100,98461,100
2019-06-28 09:48:30.000000000,99200,214,99173,214,99303,214,99120,214,99500,214,98800,214,99864,214,98720,214,99885,100,98717,100,99912,100,98575,100,99922,100,98545,100,99943,9,98543,100,99966,100,98467,100,99971,100,98461,100
2019-06-28 09:48:33.111391285,99200,214,99173,214,99303,214,99120,214,99500,214,98800,214,99864,214,98744,100,99885,100,98720,214,99912,100,98717,100,99922,100,98575,100,99943,9,98545,100,99966,100,98543,100,99971,100,98467,100
2019-06-28 09:48:40.000000000,99200,254,99173,254,99303,250,99120,250,99500,250,98800,250,99864,100,98744,100,99885,100,98720,100,99912,100,98717,100,99922,100,98575,100,99943,9,98545,100,99966,100,98543,100,99971,100,98467,100
2019-06-28 09:48:50.000000000,99200,327,99173,327,99303,327,99120,327,99500,100,98800,100,99864,100,98744,100,99885,100,98720,100,99912,100,98717,100,99922,100,98575,100,99943,9,98545,100,99966,100,98543,100,99971,100,98467,100
2019-06-28 09:48:58.853334304,99200,327,99173,327,99303,327,99120,327,99500,100,98800,100,99864,100,98744,100,99885,100,98720,100,99912,100,98717,100,99922,100,98575,100,99943,9,98545,100,99966,100,98543,100,99971,100,98467,100
2019-06-28 09:49:00.000000000,99200,191,99173,191,99303,191,99120,191,99500,191,98800,191,99864,191,98744,191,99885,191,98720,191,99912,100,98717,100,99922,100,98575,100,99943,9,98545,100,99966,100,98543,100,99971,100,98467,100
2019-06-28 09:49:10.000000000,99200,554,99173,554,99303,100,99120,100,99500,100,98800,100,99864,100,98744,100,99885,100,98720,100,99912,100,98717,100,99922,100,98575,100,99943,9,98545,100,99966,100,98543,100,99971,100,98467,100
2019-06-28 09:49:12.690958773,99200,554,99173,554,99303,100,99120,100,99500,100,99108,100,99864,100,98800,100,99885,100,98744,100,99912,100,98717,100,99922,100,98575,100,99943,9,98545,100,99966,100,98543,100,99971,100,98467,100
2019-06-28 09:49:20.000000000,99200,254,99173,254,99303,250,99120,250,99500,250,99108,250,99864,100,98800,100,99885,100,98744,100,99912,100,98717,100,99922,100,98575,100,99943,9,98545,100,99966,100,98543,100,99971,100,98467,100
2019-06-28 09:49:30.000000000,99200,191,99173,191,99303,191,99120,191,99500,191,99108,191,99864,191,98800,191,99885,191,98744,191,99912,100,98717,100,99922,100,98575,100,99943,9,98545,100,99966,100,98543,100,99971,100,98467,100
2019-06-28 09:49:31.737010679,99200,191,99173,91,99303,191,99120,191,99500,191,99108,191,99864,191,98800,191,99885,191,98744,91,99912,100,98717,100,99922,100,98575,100,99943,9,98545,100,99966,100,98543,100,99971,100,98467,100
2019-06-28 09:49:40.000000000,99200,327,99120,327,99303,327,99108,327,99500,100,98800,100,99864,100,98717,100,99885,100,98575,100,99912,100,98545,100,99922,100,98543,100,99943,9,98467,100,99966,100,98461,100,99971,100,98458,100
2019-06-28 09:49:45.698089703,99200,327,99120,227,99303,327,99108,227,99500,100,98800,100,99864,100,98717,100,99885,100,98575,100,99912,100,98545,100,99922,100,98543,100,99943,9,98467,100,99966,100,98461,100,99971,100,98458,100
2019-06-28 09:49:50.000000000,99200,214,98800,214,99303,214,98717,214,99500,214,98575,214,99864,214,98545,214,99885,100,98543,100,99912,100,98467,100,99922,100,98461,100,99943,9,98458,100,99966,100,98386,100,99971,100,,
2019-06-28 09:49:56.324226802,99099,100,98800,214,99200,214,98717,214,99303,214,98575,214,99500,214,98545,114,99864,214,98543,100,99885,100,98467,100,99912,100,98461,100,99922,100,98458,100,99943,9,98386,100,99966,100,,
2019-06-28 09:50:00.000000000,99099,254,98800,254,99200,250,98717,250,99303,250,98575,250,99500,100,98543,100,99864,100,98467,100,99885,100,98461,100,99912,100,98458,100,99922,100,98386,100,99943,9,,,99966,100,,
2019-06-28 09:50:09.265962966,99099,254,98800,254,99109,100,98717,250,99200,250,98575,250,99303,250,98543,100,99500,100,98467,100,99864,100,98461,100,99885,100,98458,100,99912,100,98386,100,99922,100,,,99943,9,,
2019-06-28 09:50:10.000000000,99099,214,98800,214,99109,214,98717,214,99200,214,98575,214,99303,214,98543,214,99500,100,98467,100,99864,100,98461,100,99885,100,98458,100,99912,100,98386,100,99922,100,,,99943,9,,
2019-06-28 09:50:20.000000000,99099,214,98800,214,99109,214,98717,214,99200,214,98575,214,99303,214,98543,214,99500,100,98467,100,99864,100,98461,100,99885,100,98458,100,99912,100,98386,100,99922,100,,,99943,9,,
2019-06-28 09:50:23.762199010,99099,214,98800,114,99109,214,98717,214,99200,214,98575,214,99303,214,98543,214,99500,100,98467,100,99864,100,98461,100,99885,100,98458,100,99912,100,98386,100,99922,100,,,99943,9,,
2019-06-28 09:50:30.000000000,99099,254,98717,254,99109,250,98575,250,99200,250,98543,250,99303,100,98467,100,99500,100,98461,100,99864,100,98458,100,99885,100,98386,100,99912,100,,,99922,100,,,99943,9,,
2019-06-28 09:50:36.642846207,99098,100,98717,254,99099,254,98575,250,99109,250,98543,250,99200,250,98467,100,99303,100,98461,100,99500,100,98458,100,99864,100,98386,100,99885,100,,,99912,100,,,99922,100,,
2019-06-28 09:50:40.000000000,99098,254,98717,254,99099,250,98575,250,99109,250,98543,250,99200,100,98467,100,99303,100,98461,100,99500,100,98458,100,99864,100,98386,100,99885,100,,,99912,100,,,99922,100,,
2019-06-28 09:50:49.141484757,99098,354,98717,254,99099,250,98575,250,99109,250,98543,250,99200,100,98467,100,99303,100,98461,100,99500,100,98458,100,99864,100,98386,100,99885,100,,,99912,100,,,99922,100,,
2019-06-28 09:50:50.000000000,99098,654,98717,554,99099,100,98575,100,99109,100,98543,100,99200,100,98467,100,99303,100,98461,100,99500,100,98458,100,99864,100,98386,100,99885,100,,,99912,100,,,99922,100,,
2019-06-28 09:50:50.620804759,99098,654,98970,100,99099,100,98717,554,99109,100,98575,100,99200,100,98543,100,99303,100,98467,100,99500,100,98461,100,99864,100,98458,100,99885,100,98386,100,99912,100,,,99922,100,,
2019-06-28 09:51:00.000000000,99098,427,98970,327,99099,327,98717,327,99109,100,98575,100,99200,100,98543,100,99303,100,98467,100,99500,100,98461,100,99864,100,98458,100,99885,100,98386,100,99912,100,,,99922,100,,
2019-06-28 09:51:00.634129322,99098,427,98970,327,99099,327,98717,327,99109,100,98629,100,99200,100,98575,100,99303,100,98543,100,99500,100,98467,100,99864,100,98461,100,99885,100,98458,100,99912,100,98386,100,99922,100,,
2019-06-28 09:51:04.821252247,99098,327,98970,327,99099,327,98717,327,99109,100,98629,100,99200,100,98575,100,99303,100,98543,100,99500,100,98467,100,99864,100,98461,100,99885,100,98458,100,99912,100,98386,100,99922,100,,
2019-06-28 09:51:10.000000000,99098,327,98970,327,99099,327,98717,327,99109,100,98629,100,99200,100,98575,100,99303,100,98543,100,99500,100,98467,100,99864,100,98461,100,99885,100,98458,100,99912,100,98386,100,99922,100,,
2019-06-28 09:51:13.925077124,99098,427,98970,327,99099,327,98717,327,99109,100,98629,100,99200,100,98575,100,99303,100,98543,100,99500,100,98467,100,99864,100,98461,100,99885,100,98458,100,99912,100,98386,100,99922,100,,
2019-06-28 09:51:20.000000000,99098,291,98970,191,99099,191,98717,191,99109,191,98629,191,99200,191,98575,191,99303,191,98543,191,99500,100,98467,100,99864,100,98461,100,99885,100,98458,100,99912,100,98386,100,99922,100,,
2019-06-28 09:51:30.000000000,99098,354,98970,254,99099,250,98717,250,99109,250,98629,250,99200,100,98575,100,99303,100,98543,100,99500,100,98467,100,99864,100,98461,100,99885,100,98458,100,99912,100,98386,100,99922,100,,
2019-06-28 09:51:40.000000000,99098,427,98970,327,99099,327,98717,327,99109,100,98629,100,99200,100,98575,100,99303,100,98543,100,99500,100,98467,100,99864,100,98461,100,99885,100,98458,100,99912,100,98386,100,99922,100,,
2019-06-28 09:51:46.632516806,99098,527,98970,327,99099,327,98717,327,99109,100,98629,100,99200,100,98575,100,99303,100,98543,100,99500,100,98467,100,99864,100,98461,100,99912,100,98458,100,99922,100,98386,100,99943,9,,
2019-06-28 09:51:48.499428361,99098,527,98970,327,99099,327,98717,327,99109,100,98629,100,99200,100,98575,100,99303,100,98543,100,99500,100,98467,100,99864,100,98461,100,99912,100,98458,100,99922,100,98386,100,99943,9,,
2019-06-28 09:51:50.000000000,99098,527,98970,327,99099,327,98717,327,99109,100,98629,100,99200,100,98575,100,99303,100,98543,100,99500,100,98467,100,99864,100,98461,100,99912,100,98458,100,99922,100,98386,100,99943,9,,
2019-06-28 09:52:00.000000000,99098,414,98970,214,99099,214,98717,214,99109,214,98629,214,99200,214,98575,214,99303,100,98543,100,99500,100,98467,100,99864,100,98461,100,99912,100,98458,100,99922,100,98386,100,99943,9,,
2019-06-28 09:52:05.416779707,99098,414,98970,214,99099,214,98717,214,99109,214,98629,214,99200,214,98587,100,99303,100,98575,214,99500,100,98543,100,99864,100,98467,100,99912,100,98461,100,99922,100,98458,100,99966,100,98386,100
2019-06-28 09:52:08.822235533,99098,414,98970,214,99099,214,98717,214,99109,214,98629,214,99200,214,98587,100,99303,100,98575,214,99500,100,98543,100,99864,100,98467,100,99912,100,98461,100,99922,100,98458,100,99966,100,98386,100
2019-06-28 09:52:09.532559871,99098,514,98970,214,99099,214,98717,214,99109,214,98629,214,99200,214,98587,100,99303,100,98575,214,99500,100,98543,100,99864,100,98467,100,99912,100,98461,100,99922,100,98458,100,99966,100,98386,100
2019-06-28 09:52:10.000000000,99098,514,98970,214,99099,214,98717,214,99109,214,98629,214,99200,214,98587,214,99303,100,98575,100,99500,100,98543,100,99864,100,98467,100,99912,100,98461,100,99922,100,98458,100,99966,100,98386,100
2019-06-28 09:52:20.000000000,99098,491,98970,191,99099,191,98717,191,99109,191,98629,191,99200,191,98587,191,99303,191,98575,191,99500,100,98543,100,99864,100,98467,100,99912,100,98461,100,99922,100,98458,100,99966,100,98386,100
2019-06-28 09:52:30.000000000,99098,554,98970,254,99099,250,98717,250,99109,250,98629,250,99200,100,98587,100,99303,100,98575,100,99500,100,98543,100,99864,100,98467,100,99912,100,98461,100,99922,100,98458,100,99966,100,98386,100
2019-06-28 09:52:30.606099221,99098,554,98970,254,99099,250,98717,250,99109,250,98645,100,99200,100,98629,250,99303,100,98587,100,99500,100,98575,100,99864,100,98543,100,99912,100,98467,100,99922,100,98461,100,99966,100,98458,100
2019-06-28 09:52:40.000000000,99098,627,98970,327,99099,327,98717,327,99109,100,98645,100,99200,100,98629,100,99303,100,98587,100,99500,100,98575,100,99864,100,98543,100,99912,100,98467,100,99922,100,98461,100,99966,100,98458,100
2019-06-28 09:52:50.000000000,99098,554,98970,254,99099,250,98717,250,99109,250,98645,250,99200,100,98629,100,99303,100,98587,100,99500,100,98575,100,99864,100,98543,100,99912,100,98467,100,99922,100,98461,100,99966,100,98458,100
2019-06-28 09:52:51.070380016,99098,554,98970,254,99099,250,98717,350,99109,250,98645,250,99200,100,98629,100,99303,100,98587,100,99500,100,98575,100,99864,100,98543,100,99912,100,98467,100,99922,100,98461,100,99966,100,98458,100
2019-06-28 09:53:00.000000000,99098,491,98970,191,99099,191,98717,291,99109,191,98645,191,99200,191,98629,191,99303,191,98587,191,99500,100,98575,100,99864,100,98543,100,99912,100,98467,100,99922,100,98461,100,99966,100,98458,100
2019-06-28 09:53:05.239005348,99098,491,98970,91,99099,191,98717,291,99109,191,98645,191,99200,191,98629,191,99303,191,98587,191,99500,100,98543,100,99864,100,98467,100,99912,100,98461,100,99922,100,98458,100,99966,100,,
2019-06-28 09:53:05.613872722,99044,100,98970,91,99098,491,98717,291,99099,191,98645,191,99109,191,98629,191,99200,191,98587,191,99303,191,98543,100,99500,100,98467,100,99864,100,98461,100,99912,100,98458,100,99922,100,,
2019-06-28 09:53:10.000000000,99044,554,98717,654,99098,400,98645,100,99099,100,98629,100,99109,100,98587,100,99200,100,98543,100,99303,100,98467,100,99500,100,98461,100,99864,100,98458,100,99912,100,,,99922,100,,
2019-06-28 09:53:12.767310912,98957,100,98717,654,99044,554,98645,100,99098,400,98629,100,99099,100,98587,100,99109,100,98543,100,99200,100,98467,100,99303,100,98461,100,99500,100,98458,100,99864,100,,,99912,100,,
2019-06-28 09:53:13.354927647,98946,100,98717,654,98957,100,98645,100,99044,554,98629,100,99098,400,98587,100,99099,100,98543,100,99109,100,98467,100,99200,100,98461,100,99303,100,98458,100,99500,100,,,99864,100,,
2019-06-28 09:53:16.026582644,98946,100,98717,654,98957,100,98645,100,98970,100,98629,100,99044,554,98587,100,99098,400,98543,100,99099,100,98467,100,99109,100,98461,100,99200,100,98458,100,99303,100,,,99500,100,,
2019-06-28 09:53:20.000000000,98946,254,98717,354,98957,250,98645,250,98970,250,98629,250,99044,100,98587,100,99098,400,98543,100,99099,100,98467,100,99109,100,98461,100,99200,100,98458,100,99303,100,,,99500,100,,
2019-06-28 09:53:30.000000000,98946,254,98717,354,98957,250,98645,250,98970,250,98629,250,99044,100,98587,100,99098,400,98543,100,99099,100,98467,100,99109,100,98461,100,99200,100,98458,100,99303,100,,,99500,100,,
2019-06-28 09:53:40.000000000,98946,554,98717,654,98957,100,98645,100,98970,100,98629,100,99044,100,98587,100,99098,400,98543,100,99099,100,98467,100,99109,100,98461,100,99200,100,98458,100,99303,100,,,99500,100,,
2019-06-28 09:53:50.000000000,98946,214,98717,314,98957,214,98645,214,98970,214,98629,214,99044,214,98587,214,99098,400,98543,100,99099,100,98467,100,99109,100,98461,100,99200,100,98458,100,99303,100,,,99500,100,,
2019-06-28 09:54:00.000000000,98946,191,98717,291,98957,191,98645,191,98970,191,98629,191,99044,191,98587,191,99098,491,98543,191,99099,100,98467,100,99109,100,98461,100,99200,100,98458,100,99303,100,,,99500,100,,
2019-06-28 09:54:01.055005307,98946,191,98717,191,98957,191,98645,191,98970,191,98629,191,99044,91,98587,191,99098,491,98543,191,99099,100,98467,100,99109,100,98461,100,99200,100,98458,100,99303,100,,,99500,100,,
2019-06-28 09:54:06.800833359,98946,191,98717,191,98957,191,98645,191,98970,191,98629,191,99044,91,98587,191,99098,391,98543,191,99099,100,98467,100,99109,100,98461,100,99200,100,98458,100,99303,100,,,99500,100,,
2019-06-28 09:54:10.000000000,98946,191,98717,191,98957,191,98645,191,98970,191,98629,191,99098,391,98587,191,99099,191,98543,191,99109,100,98467,100,99200,100,98461,100,99303,100,98458,100,99500,100,,,99864,100,,
2019-06-28 09:54:14.044825816,98946,191,98717,191,98957,191,98645,191,98970,191,98629,191,99098,391,98587,191,99099,191,98543,191,99109,100,98467,100,99200,100,98461,100,99303,100,98458,100,99500,100,98184,100,99864,100,,
2019-06-28 09:54:20.000000000,98946,554,98717,554,98957,100,98645,100,98970,100,98629,100,99098,300,98587,100,99099,100,98543,100,99109,100,98467,100,99200,100,98461,100,99303,100,98458,100,99500,100,98184,100,99864,100,,
2019-06-28 09:54:30.000000000,98946,254,98717,254,98957,250,98645,250,98970,250,98629,250,99098,300,98587,100,99099,100,98543,100,99109,100,98467,100,99200,100,98461,100,99303,100,98458,100,99500,100,98184,100,99864,100,,
2019-06-28 09:54:32.118049456,98946,254,98717,154,98957,250,98645,250,98970,250,98629,250,99098,300,98587,100,99099,100,98543,100,99109,100,98467,100,99200,100,98461,100,99303,100,98458,100,99500,100,98184,100,99864,100,,
2019-06-28 09:54:32.980790529,98946,254,98717,154,98957,250,98645,250,98970,250,98629,250,99098,300,98587,100,99099,100,98543,100,99109,100,98461,100,99200,100,98458,100,99303,100,98184,100,99500,100,98166,100,99864,100,,
2019-06-28 09:54:40.000000000,98946,214,98645,214,98957,214,98629,214,98970,214,98587,214,99098,414,98543,214,99099,100,98461,100,99109,100,98458,100,99200,100,98184,100,99303,100,98166,100,99500,100,,,99864,100,,
2019-06-28 09:54:50.000000000,98946,214,98645,214,98957,214,98629,214,98970,214,98587,214,99098,414,98543,214,99099,100,98461,100,99109,100,98458,100,99200,100,98184,100,99303,100,98166,100,99500,100,,,99864,100,,
2019-06-28 09:55:00.000000000,98946,214,98645,214,98957,214,98629,214,98970,214,98587,214,99098,414,98543,214,99099,100,98461,100,99109,100,98458,100,99200,100,98184,100,99303,100,98166,100,99500,100,,,99864,100,,
2019-06-28 09:55:10.000000000,98946,554,98645,554,98957,100,98629,100,98970,100,98587,100,99098,300,98543,100,99099,100,98461,100,99109,100,98458,100,99200,100,98184,100,99303,100,98166,100,99500,100,,,99864,100,,
2019-06-28 09:55:17.634560166,98946,554,98645,454,98957,100,98629,100,98970,100,98587,100,99098,300,98543,100,99099,100,98461,100,99109,100,98458,100,99200,100,98184,100,99303,100,98166,100,99500,100,,,99864,100,,
2019-06-28 09:55:20.000000000,98946,554,98629,554,98957,100,98587,100,98970,100,98543,100,99098,300,98461,100,99099,100,98458,100,99109,100,98184,100,99200,100,98166,100,99303,100,,,99500,100,,,99864,100,,
2019-06-28 09:55:23.220626991,98946,554,98629,554,98957,100,98587,100,98970,100,98543,100,99098,300,98461,100,99099,100,98458,100,99109,100,98325,100,99200,100,98184,100,99303,100,98166,100,99500,100,,,99864,100,,
2019-06-28 09:55:30.000000000,98946,254,98629,254,98957,250,98587,250,98970,250,98543,250,99098,300,98461,100,99099,100,98458,100,99109,100,98325,100,99200,100,98184,100,99303,100,98166,100,99500,100,,,99864,100,,
2019-06-28 09:55:37.769942835,98946,254,98629,254,98957,250,98587,250,98970,250,98543,250,99098,300,98461,100,99099,100,98458,100,99109,100,98325,100,99200,100,98184,100,99303,100,98166,100,99500,100,,,99864,100,,
2019-06-28 09:55:40.000000000,98946,191,98629,191,98957,191,98587,191,98970,191,98543,191,99098,391,98461,191,99099,191,98458,191,99109,100,98325,100,99200,100,98184,100,99303,100,98166,100,99500,100,,,99864,100,,
2019-06-28 09:55:43.882724033,98717,100,98629,191,98946,191,98587,191,98957,191,98543,191,98970,191,98461,191,99098,391,98458,191,99099,191,98325,100,99109,100,98184,100,99200,100,98166,100,99303,100,,,99500,100,,
2019-06-28 09:55:50.000000000,98717,554,98629,554,98946,100,98587,100,98957,100,98543,100,98970,100,98461,100,99098,300,98458,100,99099,100,98325,100,99109,100,98184,100,99200,100,98166,100,99303,100,,,99500,100,,
2019-06-28 09:56:00.000000000,98717,327,98629,327,98946,327,98587,327,98957,100,98543,100,98970,100,98461,100,99098,300,98458,100,99099,100,98325,100,99109,100,98184,100,99200,100,98166,100,99303,100,,,99500,100,,
2019-06-28 09:56:10.000000000,98717,554,98629,554,98946,100,98587,100,98957,100,98543,100,98970,100,98461,100,99098,300,98458,100,99099,100,98325,100,99109,100,98184,100,99200,100,98166,100,99303,100,,,99500,100,,
2019-06-28 09:56:20.000000000,98717,254,98629,254,98946,250,98587,250,98957,250,98543,250,98970,100,98461,100,99098,300,98458,100,99099,100,98325,100,99109,100,98184,100,99200,100,98166,100,99303,100,,,99500,100,,
2019-06-28 09:56:27.136805553,98717,254,98629,254,98946,250,98587,250,98957,250,98543,250,98970,100,98461,100,99098,300,98458,100,99099,100,98454,100,99109,100,98325,100,99200,100,98184,100,99303,100,,,99500,100,,
2019-06-28 09:56:30.000000000,98717,254,98629,254,98946,250,98587,250,98957,250,98543,250,98970,100,98461,100,99098,300,98458,100,99099,100,98454,100,99109,100,98325,100,99200,100,98184,100,99303,100,,,99500,100,,
2019-06-28 09:56:33.919758772,98717,254,98629,154,98946,250,98587,250,98957,250,98543,250,98970,100,98461,100,99098,300,98458,100,99099,100,98454,100,99109,100,98325,100,99200,100,98184,100,99303,100,,,99500,100,,
2019-06-28 09:56:40.000000000,98717,327,98587,327,98946,327,98543,327,98957,100,98461,100,98970,100,98458,100,99098,300,98454,100,99099,100,98325,100,99109,100,98184,100,99200,100,,,99303,100,,,99500,100,,
2019-06-28 09:56:47.479480709,98717,327,98593,100,98946,327,98587,327,98957,100,98543,327,98970,100,98461,100,99098,300,98458,100,99099,100,98454,100,99109,100,98325,100,99200,100,,,99303,100,,,99500,100,,
2019-06-28 09:56:50.000000000,98717,254,98593,254,98946,250,98587,250,98957,250,98543,250,98970,100,98461,100,99098,300,98458,100,99099,100,98454,100,99109,100,98325,100,99200,100,,,99303,100,,,99500,100,,
2019-06-28 09:57:00.000000000,98717,191,98593,191,98946,191,98587,191,98957,191,98543,191,98970,191,98461,191,99098,391,98458,191,99099,100,98454,100,99109,100,98325,100,99200,100,,,99303,100,,,99500,100,,
2019-06-28 09:57:10.000000000,98717,254,98593,254,98946,250,98587,250,98957,250,98543,250,98970,100,98461,100,99098,300,98458,100,99099,100,98454,100,99109,100,98325,100,99200,100,,,99303,100,,,99500,100,,
2019-06-28 09:57:20.000000000,98717,214,98593,214,98946,214,98587,214,98957,214,98543,214,98970,214,98461,214,99098,300,98458,100,99099,100,98454,100,99109,100,98325,100,99200,100,,,99303,100,,,99500,100,,
2019-06-28 09:57:30.000000000,98717,254,98593,254,98946,250,98587,250,98957,250,98543,250,98970,100,98461,100,99098,300,98458,100,99099,100,98454,100,99109,100,98325,100,99200,100,,,99303,100,,,99500,100,,
2019-06-28 09:57:40.000000000,98717,327,98593,327,98946,327,98587,327,98957,100,98543,100,98970,100,98461,100,99098,300,98458,100,99099,100,98454,100,99109,100,98325,100,99200,100,,,99303,100,,,99500,100,,
2019-06-28 09:57:50.000000000,98717,327,98593,327,98946,327,98587,327,98957,100,98543,100,98970,100,98461,100,99098,300,98458,100,99099,100,98454,100,99109,100,98325,100,99200,100,,,99303,100,,,99500,100,,
2019-06-28 09:58:00.000000000,98717,254,98593,254,98946,250,98587,250,98957,250,98543,250,98970,100,98461,100,99098,300,98458,100,99099,100,98454,100,99109,100,98325,100,99200,100,,,99303,100,,,99500,100,,
2019-06-28 09:58:10.000000000,98717,191,98593,191,98946,191,98587,191,98957,191,98543,191,98970,191,98461,191,99098,391,98458,191,99099,100,98454,100,99109,100,98325,100,99200,100,,,99303,100,,,99500,100,,
2019-06-28 09:58:20.000000000,98717,554,98593,554,98946,100,98587,100,98957,100,98543,100,98970,100,98461,100,99098,300,98458,100,99099,100,98454,100,99109,100,98325,100,99200,100,,,99303,100,,,99500,100,,
2019-06-28 09:58:26.258728023,98645,100,98593,554,98717,554,98587,100,98946,100,98543,100,98957,100,98461,100,99098,300,98458,100,99099,100,98454,100,99109,100,98325,100,99200,100,,,99303,100,,,99500,100,,
2019-06-28 09:58:30.000000000,98645,254,98593,254,98717,250,98587,250,98946,250,98543,250,98957,100,98461,100,99098,300,98458,100,99099,100,98454,100,99109,100,98325,100,99200,100,,,99303,100,,,99500,100,,
2019-06-28 09:58:31.228734302,98645,254,98593,154,98717,250,98587,250,98946,250,98543,250,99098,300,98461,100,99099,100,98458,100,99109,100,98454,100,99200,100,98325,100,99303,100,,,99500,100,,,99864,100,,
2019-06-28 09:58:40.000000000,98645,214,98587,214,98717,214,98543,214,98946,214,98461,214,99098,414,98458,214,99099,100,98454,100,99109,100,98325,100,99200,100,,,99303,100,,,99500,100,,,99864,100,,
2019-06-28 09:58:50.000000000,98645,191,98587,191,98717,191,98543,191,98946,191,98461,191,99098,391,98458,191,99099,191,98454,191,99109,100,98325,100,99200,100,,,99303,100,,,99500,100,,,99864,100,,
2019-06-28 09:59:00.000000000,98645,254,98587,254,98717,250,98543,250,98946,250,98461,250,99098,300,98458,100,99099,100,98454,100,99109,100,98325,100,99200,100,,,99303,100,,,99500,100,,,99864,100,,
2019-06-28 09:59:04.884130277,98629,100,98587,254,98645,254,98543,250,98717,250,98461,250,98946,250,98458,100,99098,300,98454,100,99099,100,98325,100,99109,100,,,99200,100,,,99303,100,,,99500,100,,
2019-06-28 09:59:10.000000000,98629,554,98587,554,98645,100,98543,100,98717,100,98461,100,98946,100,98458,100,99098,300,98454,100,99099,100,98325,100,99109,100,,,99200,100,,,99303,100,,,99500,100,,
2019-06-28 09:59:20.000000000,98629,254,98587,254,98645,250,98543,250,98717,250,98461,250,98946,100,98458,100,99098,300,98454,100,99099,100,98325,100,99109,100,,,99200,100,,,99303,100,,,99500,100,,
2019-06-28 09:59:28.974057859,98629,254,98587,154,98645,250,98543,250,98717,250,98461,250,98946,100,98458,100,99098,300,98454,100,99099,100,98325,100,99200,100,,,99303,100,,,99500,100,,,99864,100,,
2019-06-28 09:59:30.000000000,98629,327,98543,327,98645,327,98461,327,98717,100,98458,100,98946,100,98454,100,99098,300,98325,100,99099,100,,,99200,100,,,99303,100,,,99500,100,,,99864,100,,
2019-06-28 09:59:40.000000000,98629,191,98543,191,98645,191,98461,191,98717,191,98458,191,98946,191,98454,191,99098,391,98325,191,99099,100,,,99200,100,,,99303,100,,,99500,100,,,99864,100,,
2019-06-28 09:59:45.405716583,98629,191,98543,191,98645,191,98461,191,98717,191,98458,191,98946,191,98454,191,99098,391,98325,191,99099,100,97762,100,99200,100,,,99303,100,,,99500,100,,,99864,100,,
2019-06-28 09:59:50.000000000,98629,191,98543,191,98645,191,98461,191,98717,191,98458,191,98946,191,98454,191,99098,391,98325,191,99099,100,97762,100,99200,100,,,99303,100,,,99500,100,,,99864,100,,
2019-06-28 10:00:00.000000000,98629,327,98543,327,98645,327,98461,327,98717,100,98458,100,98946,100,98454,100,99098,300,98325,100,99099,100,97762,100,99200,100,,,99303,100,,,99500,100,,,99864,100,,
2019-06-28 10:00:10.000000000,98629,214,98543,214,98645,214,98461,214,98717,214,98458,214,98946,214,98454,214,99098,300,98325,100,99099,100,97762,100,99200,100,,,99303,100,,,99500,100,,,99864,100,,
2019-06-28 10:00:20.000000000,98629,254,98543,254,98645,250,98461,250,98717,250,98458,250,98946,100,98454,100,99098,300,98325,100,99099,100,97762,100,99200,100,,,99303,100,,,99500,100,,,99864,100,,
2019-06-28 10:00:28.384426854,98629,254,98543,254,98645,250,98461,250,98717,250,98458,250,98946,100,98454,100,99098,300,98325,100,99099,100,97845,100,99200,100,97762,100,99303,100,,,99500,100,,,99864,100,,
2019-06-28 10:00:30.000000000,98629,554,98543,554,98645,100,98461,100,98717,100,98458,100,98946,100,98454,100,99098,300,98325,100,99099,100,97845,100,99200,100,97762,100,99303,100,,,99500,100,,,99864,100,,
2019-06-28 10:00:36.749024659,98593,100,98543,554,98629,554,98461,100,98645,100,98458,100,98717,100,98454,100,98946,100,98325,100,99098,300,97845,100,99099,100,97762,100,99200,100,,,99303,100,,,99500,100,,
2019-06-28 10:00:40.000000000,98593,327,98543,327,98629,327,98461,327,98645,100,98458,100,98717,100,98454,100,98946,100,98325,100,99098,300,97845,100,99099,100,97762,100,99200,100,,,99303,100,,,99500,100,,
2019-06-28 10:00:50.000000000,98593,214,98543,214,98629,214,98461,214,98645,214,98458,214,98717,214,98454,214,98946,100,98325,100,99098,300,97845,100,99099,100,97762,100,99200,100,,,99303,100,,,99500,100,,
2019-06-28 10:00:53.299611034,98593,214,98543,114,98629,214,98461,214,98645,214,98458,214,98717,214,98454,214,98946,100,98325,100,99098,300,97845,100,99099,100,97762,100,99200,100,97665,100,99303,100,,,99500,100,,
2019-06-28 10:01:00.000000000,98593,554,98461,554,98629,100,98458,100,98645,100,98454,100,98717,100,98325,100,98946,100,97845,100,99098,300,97762,100,99099,100,97665,100,99200,100,,,99303,100,,,99500,100,,
2019-06-28 10:01:10.000000000,98593,254,98461,254,98629,250,98458,250,98645,250,98454,250,98717,100,98325,100,98946,100,97845,100,99098,300,97762,100,99099,100,97665,100,99200,100,,,99303,100,,,99500,100,,
2019-06-28 10:01:18.301409187,98593,254,98461,254,98629,250,98458,250,98645,250,98454,250,98717,100,97860,100,98946,100,97845,100,99098,300,97762,100,99099,100,97665,100,99200,100,,,99303,100,,,99500,100,,
2019-06-28 10:01:20.000000000,98593,191,98461,191,98629,191,98458,191,98645,191,98454,191,98717,191,97860,191,98946,191,97845,191,99098,300,97762,100,99099,100,97665,100,99200,100,,,99303,100,,,99500,100,,
2019-06-28 10:01:30.000000000,98593,327,98461,327,98629,327,98458,327,98645,100,98454,100,98717,100,97860,100,98946,100,97845,100,99098,300,97762,100,99099,100,97665,100,99200,100,,,99303,100,,,99500,100,,
2019-06-28 10:01:40.000000000,98593,191,98461,191,98629,191,98458,191,98645,191,98454,191,98717,191,97860,191,98946,191,97845,191,99098,300,97762,100,99099,100,97665,100,99200,100,,,99303,100,,,99500,100,,
2019-06-28 10:01:42.115493326,98593,191,98461,191,98629,191,98458,191,98645,191,98454,191,98717,191,97990,100,98946,191,97860,191,99098,300,97845,191,99099,100,97762,100,99200,100,97665,100,99303,100,,,99500,100,,
2019-06-28 10:01:45.410115455,98593,191,98461,91,98629,191,98458,191,98645,191,98454,191,98717,191,97990,100,98946,191,97860,191,99098,300,97845,191,99099,100,97762,100,99200,100,97665,100,99303,100,,,99500,100,,
2019-06-28 10:01:50.000000000,98593,191,98458,191,98629,191,98454,191,98645,191,97990,191,98717,191,97860,191,98946,191,97845,191,99098,300,97762,100,99099,100,97665,100,99200,100,,,99303,100,,,99500,100,,
2019-06-28 10:01:50.369129914,98593,191,98458,191,98629,191,98454,191,98645,191,98011,100,98717,191,97990,191,98946,191,97860,191,99098,300,97845,191,99099,100,97762,100,99200,100,97665,100,99303,100,,,99500,100,,
2019-06-28 10:02:00.000000000,98593,554,98458,554,98629,100,98454,100,98645,100,98011,100,98717,100,97990,100,98946,100,97860,100,99098,300,97845,100,99099,100,97762,100,99200,100,97665,100,99303,100,,,99500,100,,
2019-06-28 10:02:10.000000000,98593,214,98458,214,98629,214,98454,214,98645,214,98011,214,98717,214,97990,214,98946,100,97860,100,99098,300,97845,100,99099,100,97762,100,99200,100,97665,100,99303,100,,,99500,100,,
2019-06-28 10:02:18.136874320,98593,214,98458,214,98629,214,98454,214,98645,214,98289,100,98717,214,98011,214,98946,100,97990,214,99098,300,97860,100,99099,100,97845,100,99200,100,97762,100,99303,100,97665,100,99500,100,,
2019-06-28 10:02:20.000000000,98593,214,98458,214,98629,214,98454,214,98645,214,98289,214,98717,214,98011,214,98946,100,97990,100,99098,300,97860,100,99099,100,97845,100,99200,100,97762,100,99303,100,97665,100,99500,100,,
2019-06-28 10:02:23.563870766,98593,214,98458,214,98629,214,98454,214,98645,214,98289,214,98717,214,98011,214,98946,100,97990,100,99098,300,97860,100,99099,100,97845,100,99200,100,97762,100,99303,100,97665,100,99500,100,,
2019-06-28 10:02:30.000000000,98593,327,98458,327,98629,327,98454,327,98645,100,98289,100,98717,100,98011,100,98946,100,97990,100,99098,300,97860,100,99099,100,97845,100,99200,100,97762,100,99303,100,97665,100,99500,100,,
2019-06-28 10:02:30.324520978,98593,327,98458,327,98629,327,98454,327,98645,100,98289,100,98717,100,98158,100,98946,100,98011,100,99098,300,97990,100,99099,100,97860,100,99200,100,97762,100,99303,100,97665,100,99500,100,,
2019-06-28 10:02:35.228132572,98469,100,98458,327,98593,327,98454,327,98629,327,98289,100,98645,100,98158,100,98717,100,98011,100,98946,100,97990,100,99098,300,97860,100,99099,100,97762,100,99200,100,97665,100,99303,100,,
2019-06-28 10:02:35.309605718,98469,100,98458,327,98593,327,98454,327,98629,327,98289,100,98645,100,98263,100,98717,100,98158,100,98946,100,98011,100,99098,300,97990,100,99099,100,97860,100,99200,100,97762,100,99303,100,97665,100
2019-06-28 10:02:40.000000000,98469,254,98458,254,98593,250,98454,250,98629,250,98289,250,98645,100,98263,100,98717,100,98158,100,98946,100,98011,100,99098,300,97990,100,99099,100,97860,100,99200,100,97762,100,99303,100,97665,100
2019-06-28 10:02:50.000000000,98469,214,98458,214,98593,214,98454,214,98629,214,98289,214,98645,214,98263,214,98717,100,98158,100,98946,100,98011,100,99098,300,97990,100,99099,100,97860,100,99200,100,97762,100,99303,100,97665,100
2019-06-28 10:02:53.464242398,98469,214,98458,214,98593,214,98454,214,98629,114,98289,214,98645,214,98263,214,98717,100,98158,100,98946,100,98011,100,99098,300,97990,100,99099,100,97860,100,99200,100,97762,100,99303,100,97665,100
2019-06-28 10:02:55.826008118,98469,114,98458,214,98593,214,98454,214,98629,114,98289,214,98645,214,98263,214,98717,100,98158,100,98946,100,98011,100,99098,300,97990,100,99099,100,97860,100,99200,100,97665,100,99303,100,,
2019-06-28 10:03:00.000000000,98593,327,98458,327,98645,327,98454,327,98717,100,98289,100,98946,100,98263,100,99098,300,98158,100,99099,100,98011,100,99200,100,97990,100,99303,100,97860,100,99500,100,97665,100,99864,100,,
2019-06-28 10:03:10.000000000,98593,327,98458,327,98645,327,98454,327,98717,100,98289,100,98946,100,98263,100,99098,300,98158,100,99099,100,98011,100,99200,100,97990,100,99303,100,97860,100,99500,100,97665,100,99864,100,,
2019-06-28 10:03:20.000000000,98593,214,98458,214,98645,214,98454,214,98717,214,98289,214,98946,214,98263,214,99098,300,98158,100,99099,100,98011,100,99200,100,97990,100,99303,100,97860,100,99500,100,97665,100,99864,100,,
2019-06-28 10:03:30.000000000,98593,191,98458,191,98645,191,98454,191,98717,191,98289,191,98946,191,98263,191,99098,391,98158,191,99099,100,98011,100,99200,100,97990,100,99303,100,97860,100,99500,100,97665,100,99864,100,,
2019-06-28 10:03:40.000000000,98593,327,98458,327,98645,327,98454,327,98717,100,98289,100,98946,100,98263,100,99098,300,98158,100,99099,100,98011,100,99200,100,97990,100,99303,100,97860,100,99500,100,97665,100,99864,100,,
2019-06-28 10:03:42.368996204,98593,327,98458,327,98645,327,98454,327,98717,100,98289,100,98946,100,98158,100,99098,300,98011,100,99099,100,97990,100,99200,100,97860,100,99303,100,97671,100,99500,100,97665,100,99864,100,,
2019-06-28 10:03:42.570947463,98593,327,98458,327,98645,327,98454,327,98717,100,98289,100,98946,100,98158,100,99098,300,98011,100,99099,100,97990,100,99200,100,97860,100,99303,100,97759,100,99500,100,97671,100,99864,100,97665,100
2019-06-28 10:03:50.000000000,98593,327,98458,327,98645,327,98454,327,98717,100,98289,100,98946,100,98158,100,99098,300,98011,100,99099,100,97990,100,99200,100,97860,100,99303,100,97759,100,99500,100,97671,100,99864,100,97665,100
2019-06-28 10:04:00.000000000,98593,214,98458,214,98645,214,98454,214,98717,214,98289,214,98946,214,98158,214,99098,300,98011,100,99099,100,97990,100,99200,100,97860,100,99303,100,97759,100,99500,100,97671,100,99864,100,97665,100
2019-06-28 10:04:07.396028710,98593,214,98458,114,98645,214,98454,214,98717,214,98289,114,98946,214,98158,214,99098,300,98011,100,99099,100,97990,100,99200,100,97860,100,99303,100,97759,100,99500,100,97671,100,99864,100,97665,100
2019-06-28 10:04:10.000000000,98593,254,98454,254,98645,250,98158,250,98717,250,98011,250,98946,100,97990,100,99098,300,97860,100,99099,100,97759,100,99200,100,97671,100,99303,100,97665,100,99500,100,,,99864,100,,
2019-06-28 10:04:11.131369856,98593,254,98454,154,98645,250,98158,250,98717,250,98011,250,98946,100,97990,100,99098,300,97860,100,99099,100,97759,100,99200,100,97671,100,99303,100,97665,100,99500,100,,,99864,100,,
2019-06-28 10:04:20.000000000,98593,554,98158,554,98645,100,98011,100,98717,100,97990,100,98946,100,97860,100,99098,300,97759,100,99099,100,97671,100,99200,100,97665,100,99303,100,,,99500,100,,,99864,100,,
2019-06-28 10:04:30.000000000,98593,327,98158,327,98645,327,98011,327,98717,100,97990,100,98946,100,97860,100,99098,300,97759,100,99099,100,97671,100,99200,100,97665,100,99303,100,,,99500,100,,,99864,100,,
2019-06-28 10:04:30.051249461,98593,327,98158,327,98645,327,98132,100,98717,100,98011,327,98946,100,97990,100,99098,300,97860,100,99099,100,97759,100,99200,100,97671,100,99303,100,97665,100,99500,100,,,99864,100,,
2019-06-28 10:04:40.000000000,98593,191,98158,191,98645,191,98132,191,98717,191,98011,191,98946,191,97990,191,99098,391,97860,191,99099,100,97759,100,99200,100,97671,100,99303,100,97665,100,99500,100,,,99864,100,,
2019-06-28 10:04:48.954053997,98380,100,98158,191,98593,191,98132,191,98645,191,98011,191,98717,191,97990,191,98946,191,97860,191,99098,391,97759,100,99099,100,97671,100,99200,100,97665,100,99303,100,,,99500,100,,
2019-06-28 10:04:50.000000000,98380,254,98158,254,98593,250,98132,250,98645,250,98011,250,98717,100,97990,100,98946,100,97860,100,99098,300,97759,100,99099,100,97671,100,99200,100,97665,100,99303,100,,,99500,100,,
2019-06-28 10:05:00.000000000,98380,327,98158,327,98593,327,98132,327,98645,100,98011,100,98717,100,97990,100,98946,100,97860,100,99098,300,97759,100,99099,100,97671,100,99200,100,97665,100,99303,100,,,99500,100,,
2019-06-28 10:05:10.000000000,98380,554,98158,554,98593,100,98132,100,98645,100,98011,100,98717,100,97990,100,98946,100,97860,100,99098,300,97759,100,99099,100,97671,100,99200,100,97665,100,99303,100,,,99500,100,,
2019-06-28 10:05:20.000000000,98380,254,98158,254,98593,250,98132,250,98645,250,98011,250,98717,100,97990,100,98946,100,97860,100,99098,300,97759,100,99099,100,97671,100,99200,100,97665,100,99303,100,,,99500,100,,
2019-06-28 10:05:30.000000000,98380,554,98158,554,98593,100,98132,100,98645,100,98011,100,98717,100,97990,100,98946,100,97860,100,99098,300,97759,100,99099,100,97671,100,99200,100,97665,100,99303,100,,,99500,100,,
2019-06-28 10:05:35.258002812,98380,454,98158,554,98593,100,98132,100,98645,100,98011,100,98717,100,97990,100,98946,100,97860,100,99098,300,97759,100,99099,100,97671,100,99200,100,97665,100,99303,100,,,99500,100,,
2019-06-28 10:05:37.150115781,98380,454,98158,554,98593,100,98132,100,98645,100,98011,100,98717,100,97990,100,98946,100,97860,100,99098,300,97759,100,99099,100,97665,100,99200,100,,,99303,100,,,99416,100,,
2019-06-28 10:05:40.000000000,98593,191,98158,191,98645,191,98132,191,98717,191,98011,191,98946,191,97990,191,99098,391,97860,191,99099,100,97759,100,99200,100,97665,100,99303,100,,,99416,100,,,99500,100,,
2019-06-28 10:05:42.375390726,98593,91,98158,191,98645,191,98132,191,98717,191,98011,191,98946,191,97990,191,99098,391,97860,191,99099,100,97759,100,99200,100,97665,100,99303,100,,,99416,100,,,99500,100,,
2019-06-28 10:05:42.781732909,98593,91,98380,100,98645,191,98158,191,98717,191,98132,191,98946,191,98011,191,99098,391,97990,191,99099,100,97860,191,99200,100,97759,100,99303,100,97665,100,99416,100,,,99500,100,,
2019-06-28 10:05:46.155981907,98593,91,98380,200,98645,191,98158,191,98717,191,98132,191,98946,191,98011,191,99098,391,97990,191,99099,100,97860,191,99200,100,97759,100,99303,100,97665,100,99416,100,,,99500,100,,
2019-06-28 10:05:50.000000000,98645,214,98380,314,98717,214,98158,214,98946,214,98132,214,99098,414,98011,214,99099,100,97990,100,99200,100,97860,100,99303,100,97759,100,99416,100,97665,100,99500,100,,,99864,100,,
2019-06-28 10:05:58.706755853,98645,214,98380,314,98717,214,98158,214,98946,214,98132,214,99098,414,98011,214,99099,100,97990,100,99200,100,97860,100,99303,100,97759,100,99416,100,97665,100,99500,100,,,99588,100,,
2019-06-28 10:06:00.000000000,98645,327,98380,427,98717,327,98158,327,98946,100,98132,100,99098,300,98011,100,99099,100,97990,100,99200,100,97860,100,99303,100,97759,100,99416,100,97665,100,99500,100,,,99588,100,,
2019-06-28 10:06:05.917600940,98645,227,98380,427,98717,327,98158,327,98946,100,98132,100,99098,300,98011,100,99099,100,97990,100,99200,100,97860,100,99303,100,97759,100,99416,100,97665,100,99500,100,,,99588,100,,
2019-06-28 10:06:10.000000000,98717,554,98380,654,98946,100,98158,100,99098,300,98132,100,99099,100,98011,100,99200,100,97990,100,99303,100,97860,100,99416,100,97759,100,99500,100,97665,100,99588,100,,,99864,100,,
2019-06-28 10:06:20.000000000,98717,191,98380,291,98946,191,98158,191,99098,391,98132,191,99099,191,98011,191,99200,191,97990,191,99303,100,97860,100,99416,100,97759,100,99500,100,97665,100,99588,100,,,99864,100,,
2019-06-28 10:06:24.558793660,98717,91,98380,291,98946,191,98158,91,99098,391,98132,191,99099,191,98011,191,99200,191,97990,191,99303,100,97860,100,99416,100,97759,100,99500,100,97665,100,99588,100,,,99864,100,,
2019-06-28 10:06:30.000000000,98946,254,98380,354,99098,450,98132,250,99099,250,98011,250,99200,100,97990,100,99303,100,97860,100,99416,100,97759,100,99500,100,97665,100,99588,100,,,99864,100,,,99912,100,,
2019-06-28 10:06:32.231889046,98946,254,98645,100,99098,450,98380,354,99099,250,98132,250,99200,100,98011,250,99303,100,97990,100,99416,100,97860,100,99500,100,97759,100,99588,100,97665,100,99864,100,,,99912,100,,
2019-06-28 10:06:40.000000000,98946,327,98645,327,99098,527,98380,427,99099,100,98132,100,99200,100,98011,100,99303,100,97990,100,99416,100,97860,100,99500,100,97759,100,99588,100,97665,100,99864,100,,,99912,100,,
2019-06-28 10:06:46.205905802,98946,227,98645,327,99098,527,98380,427,99099,100,98132,100,99200,100,98011,100,99303,100,97990,100,99416,100,97860,100,99500,100,97759,100,99588,100,97665,100,99864,100,,,99912,100,,
2019-06-28 10:06:50.000000000,99098,391,98645,191,99099,191,98380,291,99200,191,98132,191,99303,191,98011,191,99416,191,97990,191,99500,100,97860,100,99588,100,97759,100,99864,100,97665,100,99912,100,,,99966,100,,
2019-06-28 10:06:50.569381226,99098,291,98645,191,99099,191,98380,291,99200,191,98132,191,99303,191,98011,191,99416,191,97990,191,99500,100,97860,100,99588,100,97759,100,99864,100,97665,100,99912,100,,,99966,100,,
2019-06-28 10:06:52.878692519,99098,291,98946,100,99099,191,98645,191,99200,191,98380,291,99303,191,98132,191,99416,191,98011,191,99500,100,97990,191,99588,100,97860,100,99912,100,97759,100,99966,100,97665,100,99971,100,,
2019-06-28 10:07:00.000000000,99098,427,98946,327,99099,327,98645,327,99200,100,98380,200,99303,100,98132,100,99416,100,98011,100,99500,100,97990,100,99588,100,97860,100,99912,100,97759,100,99966,100,97665,100,99971,100,,
2019-06-28 10:07:10.000000000,99098,314,98946,214,99099,214,98645,214,99200,214,98380,314,99303,214,98132,214,99416,100,98011,100,99500,100,97990,100,99588,100,97860,100,99912,100,97759,100,99966,100,97665,100,99971,100,,
2019-06-28 10:07:12.110793760,99098,214,98946,214,99099,214,98645,214,99200,214,98380,314,99303,214,98132,214,99416,100,98011,100,99500,100,97990,100,99588,100,97860,100,99912,100,97759,100,99966,100,97665,100,99971,100,,
2019-06-28 10:07:15.270455441,99098,214,98946,214,99099,214,98645,214,99200,214,98380,314,99303,214,98132,214,99416,100,98011,100,99500,100,97990,100,99588,100,97860,100,99912,100,97759,100,99966,100,97665,100,99971,100,,
2019-06-28 10:07:20.000000000,99098,191,98946,191,99099,191,98645,191,99200,191,98380,291,99303,191,98132,191,99416,191,98011,191,99500,100,97990,100,99588,100,97860,100,99912,100,97759,100,99966,100,97665,100,99971,100,,
2019-06-28 10:07:28.728074076,99098,91,98946,191,99099,191,98645,191,99200,191,98380,291,99303,191,98132,191,99416,191,98011,191,99500,100,97990,100,99588,100,97860,100,99912,100,97759,100,99966,100,97665,100,99971,100,,
2019-06-28 10:07:29.161093791,99098,91,98946,191,99099,191,98645,191,99200,191,98380,291,99303,191,98132,191,99416,191,98011,191,99500,100,97990,100,99912,100,97860,100,99966,100,97759,100,99971,100,97665,100,99994,100,,
2019-06-28 10:07:30.000000000,99099,327,98946,327,99200,327,98645,327,99303,100,98380,200,99416,100,98132,100,99500,100,98011,100,99912,100,97990,100,99966,100,97860,100,99971,100,97759,100,99994,100,97665,100,100015,100,,
2019-06-28 10:07:30.302703063,99099,327,98946,327,99200,327,98645,327,99303,100,98380,200,99416,100,98132,100,99500,100,98011,100,99912,100,97990,100,99966,100,97860,100,99971,100,97759,100,99994,100,97665,100,100015,100,,
2019-06-28 10:07:40.000000000,99099,554,98946,554,99200,100,98645,100,99303,100,98380,200,99416,100,98132,100,99500,100,98011,100,99912,100,97990,100,99966,100,97860,100,99971,100,97759,100,99994,100,97665,100,100015,100,,
2019-06-28 10:07:50.000000000,99099,191,98946,191,99200,191,98645,191,99303,191,98380,291,99416,191,98132,191,99500,191,98011,191,99912,100,97990,100,99966,100,97860,100,99971,100,97759,100,99994,100,97665,100,100015,100,,
2019-06-28 10:07:55.873008727,99099,191,98946,191,99200,191,98645,191,99303,191,98380,291,99416,191,98132,191,99500,191,98011,191,99912,100,97990,100,99966,100,97860,100,99971,100,97759,100,99994,100,97665,100,100015,100,,
2019-06-28 10:07:56.811355833,99099,191,98946,191,99200,191,98645,191,99303,191,98380,291,99416,191,98132,191,99500,191,98011,191,99912,100,97990,100,99966,100,97860,100,99971,100,97759,100,99994,100,97665,100,100015,100,,
2019-06-28 10:08:00.000000000,99099,327,98946,327,99200,327,98645,327,99303,100,98380,200,99416,100,98132,100,99500,100,98011,100,99912,100,97990,100,99966,100,97860,100,99971,100,97759,100,99994,100,97665,100,100015,100,,
2019-06-28 10:08:04.287827755,99099,327,98946,327,99200,327,98645,327,99303,100,98380,200,99416,100,98132,100,99500,100,98011,100,99912,100,97990,100,99966,100,97860,100,99971,100,97759,100,99994,100,97665,100,100015,100,,
2019-06-28 10:08:04.736497878,99099,227,98946,327,99200,327,98645,327,99303,100,98380,200,99416,100,98132,100,99500,100,98011,100,99912,100,97990,100,99966,100,97860,100,99971,100,97759,100,99994,100,97665,100,100015,100,,
2019-06-28 10:08:10.000000000,99200,191,98946,191,99303,191,98645,191,99416,191,98380,291,99500,191,98132,191,99912,191,98011,191,99966,100,97990,100,99971,100,97860,100,99994,100,97759,100,100015,100,97665,100,100094,100,,
2019-06-28 10:08:15.730370141,99200,191,98946,191,99303,191,98645,191,99416,191,98380,291,99500,191,98132,191,99912,191,98011,191,99966,100,97990,100,99971,100,97860,100,99994,100,97759,100,100015,100,97665,100,100094,100,,
2019-06-28 10:08:20.000000000,99200,554,98946,554,99303,100,98645,100,99416,100,98380,200,99500,100,98132,100,99912,100,98011,100,99966,100,97990,100,99971,100,97860,100,99994,100,97759,100,100015,100,97665,100,100094,100,,
2019-06-28 10:08:25.267880002,99200,554,98946,554,99303,100,98645,100,99416,100,98380,200,99500,100,98132,100,99912,100,98011,100,99966,100,97990,100,99971,100,97860,100,99994,100,97759,100,100015,100,97665,100,100094,100,,
2019-06-28 10:08:26.035579853,99200,554,98946,554,99303,100,98645,100,99416,100,98380,200,99500,100,98132,100,99912,100,98011,100,99971,100,97990,100,99994,100,97860,100,100015,100,97759,100,100094,100,97665,100,100102,200,,
2019-06-28 10:08:28.332426132,99200,554,99098,100,99303,100,98946,554,99416,100,98645,100,99500,100,98380,200,99912,100,98132,100,99971,100,98011,100,99994,100,97990,100,100015,100,97860,100,100094,100,97759,100,100102,200,97665,100
2019-06-28 10:08:30.000000000,99200,191,99098,191,99303,191,98946,191,99416,191,98645,191,99500,191,98380,291,99912,191,98132,191,99971,100,98011,100,99994,100,97990,100,100015,100,97860,100,100094,100,97759,100,100102,200,97665,100
2019-06-28 10:08:31.189562867,99200,191,99098,191,99303,191,98946,191,99416,191,98645,191,99500,191,98380,291,99912,191,98132,191,99971,100,98011,100,99994,100,97990,100,100015,100,97860,100,100094,100,97759,100,100102,200,97665,100
2019-06-28 10:08:40.000000000,99200,254,99098,254,99303,250,98946,250,99416,250,98645,250,99500,100,98380,200,99912,100,98132,100,99971,100,98011,100,99994,100,97990,100,100015,100,97860,100,100094,100,97759,100,100102,200,97665,100
2019-06-28 10:08:40.885548442,99200,254,99098,254,99303,250,98946,250,99416,250,98645,250,99500,100,98380,200,99912,100,98132,100,99971,100,98011,100,99994,100,97990,100,100015,100,97860,100,100094,100,97759,100,100102,200,97665,100
2019-06-28 10:08:41.471644113,99200,254,99098,354,99303,250,98946,250,99416,250,98645,250,99500,100,98380,100,99912,100,98132,100,99971,100,98011,100,99994,100,97990,100,100015,100,97860,100,100094,100,97759,100,100102,200,97665,100
2019-06-28 10:08:50.000000000,99200,214,99098,314,99303,214,98946,214,99416,214,98645,214,99500,214,98380,214,99912,100,98132,100,99971,100,98011,100,99994,100,97990,100,100015,100,97860,100,100094,100,97759,100,100102,200,97665,100
2019-06-28 10:09:00.000000000,99200,327,99098,427,99303,327,98946,327,99416,100,98645,100,99500,100,98380,100,99912,100,98132,100,99971,100,98011,100,99994,100,97990,100,100015,100,97860,100,100094,100,97759,100,100102,200,97665,100
2019-06-28 10:09:01.073859951,99200,227,99098,427,99303,327,98946,327,99416,100,98645,100,99500,100,98380,100,99912,100,98132,100,99971,100,98011,100,99994,100,97990,100,100015,100,97860,100,100094,100,97759,100,100102,200,97665,100
2019-06-28 10:09:10.000000000,99303,327,99098,427,99416,327,98946,327,99500,100,98645,100,99912,100,98380,100,99971,100,98132,100,99994,100,98011,100,100015,100,97990,100,100094,100,97860,100,100102,200,97759,100,100125,100,97665,100
2019-06-28 10:09:20.000000000,99303,214,99098,314,99416,214,98946,214,99500,214,98645,214,99912,214,98380,214,99971,100,98132,100,99994,100,98011,100,100015,100,97990,100,100094,100,97860,100,100102,200,97759,100,100125,100,97665,100
2019-06-28 10:09:27.999779412,99303,114,99098,314,99416,214,98946,214,99500,114,98645,214,99912,214,98380,214,99971,100,98132,100,99994,100,98011,100,100015,100,97990,100,100094,100,97860,100,100102,200,97759,100,100125,100,97665,100
