,ask_price_1,ask_size_1,bid_price_1,bid_size_1,ask_price_2,ask_size_2,bid_price_2,bid_size_2,ask_price_3,ask_size_3,bid_price_3,bid_size_3,ask_price_4,ask_size_4,bid_price_4,bid_size_4,ask_price_5,ask_size_5,bid_price_5,bid_size_5,ask_price_6,ask_size_6,bid_price_6,bid_size_6,ask_price_7,ask_size_7,bid_price_7,bid_size_7,ask_price_8,ask_size_8,bid_price_8,bid_size_8,ask_price_9,ask_size_9,bid_price_9,bid_size_9,ask_price_10,ask_size_10,bid_price_10,bid_size_10
2019-06-28 09:30:00.000000000,99998,100,,,100121,100,,,,,,,,,,,,,,,,,,,,,,,,,,,,,,,,,,
2019-06-28 09:30:00.000000003,99998,100,,,100079,100,,,100121,100,,,,,,,,,,,,,,,,,,,,,,,,,,,,,,
2019-06-28 09:30:00.000000008,100079,100,,,100121,100,,,,,,,,,,,,,,,,,,,,,,,,,,,,,,,,,,
2019-06-28 09:30:00.000000009,100079,100,99813,100,100121,100,,,,,,,,,,,,,,,,,,,,,,,,,,,,,,,,,,
2019-06-28 09:30:00.000000012,100031,100,99813,100,100079,100,99779,100,100121,100,,,,,,,,,,,,,,,,,,,,,,,,,,,,,,
2019-06-28 09:30:00.000000015,100031,100,99982,100,100079,100,99813,100,100121,100,99779,100,,,,,,,,,,,,,,,,,,,,,,,,,,,,
2019-06-28 09:30:00.000000016,100031,100,99982,100,100079,100,99813,100,100121,100,99779,100,100142,100,,,,,,,,,,,,,,,,,,,,,,,,,,
2019-06-28 09:30:00.000000017,100031,100,99982,100,100079,100,99945,100,100121,100,99813,100,100142,100,99779,100,,,,,,,,,,,,,,,,,,,,,,,,
2019-06-28 09:30:00.000000018,100031,100,99982,100,100079,100,99945,100,100121,100,99884,100,100142,100,99813,100,,,99779,100,,,,,,,,,,,,,,,,,,,,
2019-06-28 09:30:00.000000019,100079,100,99982,100,100086,100,99945,100,100121,100,99884,100,100142,100,99813,100,,,99779,100,,,,,,,,,,,,,,,,,,,,
2019-06-28 09:30:00.000000020,100007,100,99982,100,100079,100,99945,100,100086,100,99884,100,100121,100,99813,100,100142,100,99779,100,,,,,,,,,,,,,,,,,,,,
2019-06-28 09:30:00.000000021,100007,100,99998,100,100079,100,99982,100,100083,100,99945,100,100086,100,99884,100,100121,100,99878,100,100142,100,99813,100,,,99779,100,,,,,,,,,,,,
2019-06-28 09:30:00.000000023,100007,100,99998,200,100079,100,99982,100,100083,100,99945,100,100086,100,99884,100,100121,100,99878,100,100142,100,99813,100,,,99779,100,,,,,,,,,,,,
2019-06-28 09:30:00.000000025,100007,100,99998,200,100053,100,99982,100,100079,100,99945,100,100083,100,99884,100,100086,100,99878,100,100121,100,99813,100,100142,100,99779,100,,,,,,,,,,,,
2019-06-28 09:30:00.000000026,100007,100,99998,200,100043,100,99982,100,100053,100,99945,100,100079,100,99884,100,100083,100,99878,100,100086,100,99844,100,100121,100,99813,100,100142,100,99779,100,,,,,,,,
2019-06-28 09:30:00.000000032,100007,100,99998,200,100043,100,99982,100,100053,100,99945,100,100079,100,99884,100,100083,100,99878,100,100086,100,99877,100,100121,100,99844,100,100142,100,99813,100,,,99779,100,,,,
2019-06-28 09:30:00.000000034,100007,100,99998,200,100031,100,99982,100,100043,100,99945,100,100050,100,99884,100,100053,100,99878,100,100079,100,99877,100,100083,100,99844,100,100086,100,99813,100,100121,100,99779,100,100142,100,,
2019-06-28 09:30:00.000000036,100007,100,99998,200,100031,100,99982,100,100043,100,99945,100,100050,100,99884,100,100053,100,99878,100,100079,100,99877,100,100083,100,99844,100,100086,100,99813,100,100121,100,99779,100,100132,100,,
2019-06-28 09:30:00.000000037,100007,100,99998,200,100031,100,99982,100,100043,100,99945,100,100050,100,99884,100,100053,100,99882,100,100079,100,99878,100,100083,100,99877,100,100086,100,99844,100,100121,100,99813,100,100132,100,99779,100
2019-06-28 09:30:00.000000038,100007,100,99998,200,100031,100,99982,100,100043,100,99945,100,100050,100,99884,100,100053,100,99882,100,100079,100,99878,100,100083,100,99877,100,100086,100,99844,100,100091,100,99813,100,100121,100,99779,100
2019-06-28 09:30:00.000000044,100007,100,99998,300,100031,100,99982,100,100043,100,99964,100,100050,100,99948,100,100053,100,99945,100,100073,100,99884,100,100079,100,99882,100,100083,100,99878,100,100086,100,99877,100,100091,100,99844,100
2019-06-28 09:30:00.000000045,100007,100,99998,400,100031,100,99982,100,100043,100,99964,100,100050,100,99948,100,100053,100,99945,100,100073,100,99884,100,100079,100,99882,100,100083,100,99878,100,100086,100,99877,100,100091,100,99844,100
2019-06-28 09:30:00.000000048,100007,100,99998,500,100031,100,99982,100,100043,100,99964,100,100050,100,99948,100,100053,100,99945,100,100073,100,99884,100,100079,100,99882,100,100083,100,99878,100,100086,100,99877,100,100091,100,99844,100
2019-06-28 09:30:00.000000054,100007,100,99998,500,100031,100,99984,100,100043,100,99982,100,100050,100,99964,100,100053,100,99948,100,100073,100,99945,100,100079,100,99884,100,100083,100,99882,100,100086,100,99878,100,100091,100,99877,100
2019-06-28 09:30:00.000000055,100007,100,99998,500,100031,100,99984,100,100043,100,99982,100,100050,100,99964,100,100053,100,99948,100,100073,100,99945,100,100079,100,99902,100,100083,100,99884,100,100086,100,99882,100,100091,100,99878,100
2019-06-28 09:30:00.000000057,100007,100,99998,400,100031,100,99984,100,100043,100,99982,100,100050,100,99964,100,100053,100,99948,100,100073,100,99945,100,100079,100,99902,100,100083,100,99884,100,100086,100,99882,100,100091,100,99878,100
2019-06-28 09:30:00.000000059,100007,100,99999,100,100031,100,99998,400,100043,100,99984,100,100050,100,99982,100,100053,100,99964,100,100073,100,99948,100,100079,100,99945,100,100083,100,99902,100,100086,100,99884,100,100091,100,99882,100
2019-06-28 09:30:00.000000062,100007,100,99999,100,100031,100,99998,400,100043,100,99984,100,100050,100,99982,100,100053,100,99973,100,100073,100,99964,100,100079,100,99948,100,100083,100,99945,100,100086,100,99902,100,100091,100,99901,100
2019-06-28 09:30:00.000000065,100007,100,99999,100,100031,100,99998,400,100043,100,99984,100,100050,100,99982,100,100053,100,99973,100,100073,100,99964,100,100079,100,99948,100,100083,100,99945,100,100086,100,99902,100,100091,100,99901,100
2019-06-28 09:30:00.000000069,100007,100,99999,100,100031,100,99998,400,100043,100,99984,100,100050,100,99982,100,100053,100,99973,100,100073,100,99964,100,100079,100,99948,100,100083,100,99945,100,100086,100,99933,100,100091,100,99902,100
2019-06-28 09:30:00.000000071,100007,100,99999,100,100031,100,99998,400,100043,100,99984,100,100050,100,99982,100,100053,100,99973,100,100073,100,99964,100,100079,100,99948,100,100083,100,99945,100,100086,100,99933,100,100091,100,99902,100
2019-06-28 09:30:00.000000072,100007,100,99998,400,100031,100,99984,100,100043,100,99982,100,100050,100,99973,100,100053,100,99964,100,100073,100,99948,100,100079,100,99945,100,100083,100,99933,100,100086,100,99912,100,100091,100,99902,100
2019-06-28 09:30:00.000000075,100007,100,99998,400,100031,100,99984,100,100043,100,99982,100,100050,100,99973,100,100053,100,99964,100,100073,100,99948,100,100079,100,99945,100,100083,100,99933,100,100086,100,99930,100,100091,100,99912,100
2019-06-28 09:30:00.000000077,99999,100,99998,400,100007,100,99984,100,100031,100,99982,100,100043,100,99973,100,100050,100,99964,100,100053,100,99948,100,100073,100,99945,100,100079,100,99933,100,100083,100,99930,100,100086,100,99912,100
2019-06-28 09:30:00.000000078,99999,100,99998,400,100007,100,99984,100,100031,100,99982,100,100043,100,99973,100,100050,100,99964,100,100053,100,99948,100,100073,100,99945,100,100079,100,99933,100,100083,100,99930,100,100086,100,99925,100
2019-06-28 09:30:00.000000080,99999,100,99998,400,100007,100,99984,100,100031,100,99982,100,100043,100,99973,100,100050,100,99964,100,100053,100,99948,100,100073,100,99945,100,100079,100,99933,100,100083,100,99930,100,100086,100,99925,100
2019-06-28 09:30:00.000000081,99999,100,99998,400,100007,100,99984,100,100031,100,99982,100,100043,100,99973,100,100050,100,99964,100,100053,100,99948,100,100073,100,99945,100,100079,100,99933,100,100083,100,99930,100,100086,100,99925,100
2019-06-28 09:30:00.000000082,99999,100,99998,400,100007,100,99984,100,100026,100,99982,100,100031,100,99973,100,100043,100,99964,100,100050,100,99948,100,100053,100,99945,100,100073,100,99933,100,100079,100,99930,100,100083,100,99925,100
2019-06-28 09:30:00.000000085,99999,100,99998,400,100007,100,99984,100,100026,100,99982,100,100031,100,99973,100,100043,100,99964,100,100050,100,99948,100,100053,100,99945,100,100073,100,99933,100,100079,100,99930,100,100083,100,99925,100
2019-06-28 09:30:00.000000087,100007,100,99998,400,100026,100,99984,100,100031,100,99982,100,100043,100,99973,100,100050,100,99964,100,100053,100,99958,100,100073,100,99948,100,100079,100,99945,100,100083,100,99933,100,100086,100,99930,100
2019-06-28 09:30:00.000000088,100007,100,99998,400,100026,100,99984,100,100031,100,99982,100,100043,100,99973,100,100050,100,99964,100,100053,100,99958,100,100073,100,99948,100,100079,100,99945,100,100083,100,99933,100,100086,100,99930,100
2019-06-28 09:30:00.000000091,100007,200,99998,400,100026,100,99984,100,100031,100,99982,100,100043,100,99973,100,100050,100,99964,100,100053,100,99958,100,100073,100,99948,100,100079,100,99945,100,100083,100,99933,100,100086,100,99930,100
2019-06-28 09:30:00.000000095,100007,200,99998,400,100026,100,99984,100,100031,100,99982,100,100043,100,99973,100,100050,100,99964,100,100053,100,99958,100,100073,100,99948,100,100079,100,99945,100,100083,100,99933,100,100086,100,99930,100
2019-06-28 09:30:00.000000098,100007,100,99998,400,100026,100,99984,100,100031,100,99982,100,100043,100,99974,100,100050,100,99973,100,100053,100,99964,100,100073,100,99958,100,100079,100,99948,100,100083,100,99945,100,100086,100,99935,100
2019-06-28 09:30:10.000000000,100007,189,99998,489,100026,189,99984,189,100031,189,99982,189,100043,189,99974,189,100050,189,99973,189,100053,100,99964,100,100073,100,99958,100,100079,100,99948,100,100083,100,99945,100,100086,100,99935,100
2019-06-28 09:30:20.000000000,100007,543,99998,843,100026,100,99984,100,100031,100,99982,100,100043,100,99974,100,100050,100,99973,100,100053,100,99964,100,100073,100,99958,100,100079,100,99948,100,100083,100,99945,100,100086,100,99935,100
2019-06-28 09:30:28.426891205,100007,443,99998,843,100026,100,99984,100,100031,100,99982,100,100043,100,99974,100,100050,100,99973,100,100053,100,99964,100,100073,100,99958,100,100079,100,99948,100,100083,100,99945,100,100086,100,99935,100
2019-06-28 09:30:30.000000000,100026,322,99998,622,100031,322,99984,322,100043,100,99982,100,100050,100,99974,100,100053,100,99973,100,100073,100,99964,100,100079,100,99958,100,100083,100,99948,100,100086,100,99945,100,100091,100,99935,100
2019-06-28 09:30:39.092569772,100026,222,99998,622,100031,322,99984,322,100043,100,99974,100,100050,100,99973,100,100053,100,99964,100,100073,100,99958,100,100079,100,99948,100,100083,100,99945,100,100086,100,99935,100,100091,100,99933,100
2019-06-28 09:30:40.000000000,100031,211,99998,511,100043,211,99984,211,100050,211,99974,211,100053,211,99973,211,100073,100,99964,100,100079,100,99958,100,100083,100,99948,100,100086,100,99945,100,100091,100,99935,100,100093,100,99933,100
2019-06-28 09:30:48.967018339,100031,111,99998,511,100043,211,99984,211,100050,211,99974,211,100053,211,99973,211,100073,100,99964,100,100079,100,99958,100,100083,100,99948,100,100086,100,99945,100,100091,100,99935,100,100093,100,99933,100
2019-06-28 09:30:50.000000000,100043,189,99998,489,100050,189,99984,189,100053,189,99974,189,100073,189,99973,189,100079,189,99964,189,100083,100,99958,100,100086,100,99948,100,100091,100,99945,100,100093,100,99935,100,100095,100,99933,100
2019-06-28 09:30:59.541199882,100043,189,99998,489,100050,89,99984,189,100053,189,99974,189,100073,189,99973,189,100079,189,99964,189,100083,100,99958,100,100086,100,99948,100,100091,100,99945,100,100093,100,99935,100,100095,100,99933,100
2019-06-28 09:31:00.000000000,100043,211,99998,511,100053,211,99984,211,100073,211,99974,211,100079,211,99973,211,100083,100,99964,100,100086,100,99958,100,100091,100,99948,100,100093,100,99945,100,100095,100,99935,100,100101,100,99933,100
2019-06-28 09:31:10.000000000,100043,543,99998,843,100053,100,99984,100,100073,100,99974,100,100079,100,99973,100,100083,100,99964,100,100086,100,99958,100,100091,100,99948,100,100093,100,99945,100,100095,100,99935,100,100101,100,99933,100
2019-06-28 09:31:20.000000000,100043,322,99998,622,100053,322,99984,322,100073,100,99974,100,100079,100,99973,100,100083,100,99964,100,100086,100,99958,100,100091,100,99948,100,100093,100,99945,100,100095,100,99935,100,100101,100,99933,100
2019-06-28 09:31:30.000000000,100043,322,99998,622,100053,322,99984,322,100073,100,99974,100,100079,100,99973,100,100083,100,99964,100,100086,100,99958,100,100091,100,99948,100,100093,100,99945,100,100095,100,99935,100,100101,100,99933,100
2019-06-28 09:31:40.000000000,100043,189,99998,489,100053,189,99984,189,100073,189,99974,189,100079,189,99973,189,100083,189,99964,189,100086,100,99958,100,100091,100,99948,100,100093,100,99945,100,100095,100,99935,100,100101,100,99933,100
2019-06-28 09:31:50.000000000,100043,189,99998,489,100053,189,99984,189,100073,189,99974,189,100079,189,99973,189,100083,189,99964,189,100086,100,99958,100,100091,100,99948,100,100093,100,99945,100,100095,100,99935,100,100101,100,99933,100
2019-06-28 09:31:58.262250893,100043,189,100026,100,100053,189,99998,489,100073,189,99984,189,100079,189,99974,189,100083,189,99973,189,100086,100,99964,189,100091,100,99958,100,100093,100,99948,100,100095,100,99945,100,100101,100,99935,100
2019-06-28 09:32:00.000000000,100043,189,100026,189,100053,189,99998,489,100073,189,99984,189,100079,189,99974,189,100083,189,99973,189,100086,100,99964,100,100091,100,99958,100,100093,100,99948,100,100095,100,99945,100,100101,100,99935,100
2019-06-28 09:32:04.318378328,100043,189,100026,189,100053,189,99998,489,100073,189,99984,189,100079,189,99974,189,100083,189,99973,189,100086,100,99964,100,100091,100,99958,100,100093,100,99948,100,100095,100,99945,100,100101,100,99935,100
2019-06-28 09:32:05.847970743,100043,189,100026,189,100053,189,99998,489,100073,189,99984,189,100079,189,99974,189,100083,189,99973,189,100086,100,99964,100,100091,100,99958,100,100093,100,99948,100,100095,100,99945,100,100101,100,99935,100
2019-06-28 09:32:05.898851541,100043,189,100026,189,100053,189,99998,489,100073,189,99984,189,100079,189,99974,189,100083,189,99973,189,100086,100,99964,100,100091,100,99958,100,100093,100,99948,100,100095,100,99945,100,100101,100,99935,100
2019-06-28 09:32:08.994617033,100043,189,100026,189,100053,189,99998,489,100073,189,99984,189,100079,189,99974,89,100083,189,99973,189,100086,100,99964,100,100091,100,99958,100,100093,100,99948,100,100095,100,99945,100,100101,100,99935,100
2019-06-28 09:32:10.000000000,100043,211,100026,211,100053,211,99998,511,100073,211,99984,211,100079,211,99973,211,100083,100,99964,100,100086,100,99958,100,100091,100,99948,100,100093,100,99945,100,100095,100,99935,100,100101,100,99933,100
2019-06-28 09:32:15.918978804,100043,211,100026,211,100053,211,99998,511,100073,211,99984,211,100079,211,99973,211,100083,100,99964,100,100086,100,99958,100,100091,100,99948,100,100093,100,99945,100,100095,100,99935,100,100101,100,99933,100
2019-06-28 09:32:20.000000000,100043,322,100026,322,100053,322,99998,622,100073,100,99984,100,100079,100,99973,100,100083,100,99964,100,100086,100,99958,100,100091,100,99948,100,100093,100,99945,100,100095,100,99935,100,100101,100,99933,100
2019-06-28 09:32:30.000000000,100043,543,100026,543,100053,100,99998,400,100073,100,99984,100,100079,100,99973,100,100083,100,99964,100,100086,100,99958,100,100091,100,99948,100,100093,100,99945,100,100095,100,99935,100,100101,100,99933,100
2019-06-28 09:32:40.000000000,100043,322,100026,322,100053,322,99998,622,100073,100,99984,100,100079,100,99973,100,100083,100,99964,100,100086,100,99958,100,100091,100,99948,100,100093,100,99945,100,100095,100,99935,100,100101,100,99933,100
2019-06-28 09:32:48.137041352,100043,322,100026,222,100053,322,99998,622,100073,100,99984,100,100079,100,99973,100,100083,100,99964,100,100086,100,99958,100,100091,100,99948,100,100093,100,99945,100,100095,100,99935,100,100101,100,99933,100
2019-06-28 09:32:50.000000000,100043,189,99998,489,100053,189,99984,189,100073,189,99973,189,100079,189,99964,189,100083,189,99958,189,100086,100,99948,100,100091,100,99945,100,100093,100,99935,100,100095,100,99933,100,100101,100,99925,100
2019-06-28 09:33:00.000000000,100043,543,99998,843,100053,100,99984,100,100073,100,99973,100,100079,100,99964,100,100083,100,99958,100,100086,100,99948,100,100091,100,99945,100,100093,100,99935,100,100095,100,99933,100,100101,100,99925,100
2019-06-28 09:33:10.000000000,100043,322,99998,622,100053,322,99984,322,100073,100,99973,100,100079,100,99964,100,100083,100,99958,100,100086,100,99948,100,100091,100,99945,100,100093,100,99935,100,100095,100,99933,100,100101,100,99925,100
2019-06-28 09:33:20.000000000,100043,543,99998,843,100053,100,99984,100,100073,100,99973,100,100079,100,99964,100,100083,100,99958,100,100086,100,99948,100,100091,100,99945,100,100093,100,99935,100,100095,100,99933,100,100101,100,99925,100
2019-06-28 09:33:30.000000000,100043,543,99998,843,100053,100,99984,100,100073,100,99973,100,100079,100,99964,100,100083,100,99958,100,100086,100,99948,100,100091,100,99945,100,100093,100,99935,100,100095,100,99933,100,100101,100,99925,100
2019-06-28 09:33:40.000000000,100043,543,99998,843,100053,100,99984,100,100073,100,99973,100,100079,100,99964,100,100083,100,99958,100,100086,100,99948,100,100091,100,99945,100,100093,100,99935,100,100095,100,99933,100,100101,100,99925,100
2019-06-28 09:33:50.000000000,100043,211,99998,511,100053,211,99984,211,100073,211,99973,211,100079,211,99964,211,100083,100,99958,100,100086,100,99948,100,100091,100,99945,100,100093,100,99935,100,100095,100,99933,100,100101,100,99925,100
2019-06-28 09:33:50.806808624,100043,211,99998,511,100053,211,99984,211,100073,211,99973,211,100079,211,99964,211,100083,100,99958,100,100086,100,99948,100,100091,100,99945,100,100093,100,99935,100,100095,100,99933,100,100101,100,99925,100
2019-06-28 09:34:00.000000000,100043,251,99998,551,100053,246,99984,246,100073,246,99973,246,100079,100,99964,100,100083,100,99958,100,100086,100,99948,100,100091,100,99945,100,100093,100,99935,100,100095,100,99933,100,100101,100,99925,100
2019-06-28 09:34:08.128017261,100043,251,99998,551,100053,246,99984,246,100073,246,99973,246,100079,100,99964,100,100083,100,99958,100,100086,100,99956,100,100091,100,99948,100,100093,100,99945,100,100095,100,99935,100,100101,100,99933,100
2019-06-28 09:34:09.484934446,100043,251,99998,551,100053,246,99984,246,100073,246,99973,246,100079,100,99964,100,100083,100,99958,100,100086,100,99956,100,100091,100,99948,100,100093,100,99945,100,100101,100,99935,100,100102,100,99933,100
2019-06-28 09:34:10.000000000,100043,211,99998,511,100053,211,99984,211,100073,211,99973,211,100079,211,99964,211,100083,100,99958,100,100086,100,99956,100,100091,100,99948,100,100093,100,99945,100,100101,100,99935,100,100102,100,99933,100
2019-06-28 09:34:20.000000000,100043,211,99998,511,100053,211,99984,211,100073,211,99973,211,100079,211,99964,211,100083,100,99958,100,100086,100,99956,100,100091,100,99948,100,100093,100,99945,100,100101,100,99935,100,100102,100,99933,100
2019-06-28 09:34:30.000000000,100043,211,99998,511,100053,211,99984,211,100073,211,99973,211,100079,211,99964,211,100083,100,99958,100,100086,100,99956,100,100091,100,99948,100,100093,100,99945,100,100101,100,99935,100,100102,100,99933,100
2019-06-28 09:34:38.942740475,100030,100,99998,511,100043,211,99984,211,100053,211,99973,211,100073,211,99964,211,100079,211,99958,100,100083,100,99956,100,100086,100,99948,100,100091,100,99945,100,100093,100,99935,100,100101,100,99933,100
2019-06-28 09:34:40.000000000,100030,251,99998,551,100043,246,99984,246,100053,246,99973,246,100073,100,99964,100,100079,100,99958,100,100083,100,99956,100,100086,100,99948,100,100091,100,99945,100,100093,100,99935,100,100101,100,99933,100
2019-06-28 09:34:50.000000000,100030,211,99998,511,100043,211,99984,211,100053,211,99973,211,100073,211,99964,211,100079,100,99958,100,100083,100,99956,100,100086,100,99948,100,100091,100,99945,100,100093,100,99935,100,100101,100,99933,100
2019-06-28 09:34:56.513184707,100030,211,99998,511,100043,211,99984,211,100053,211,99973,211,100073,211,99964,211,100079,100,99958,100,100083,100,99956,100,100086,100,99948,100,100091,100,99945,100,100093,100,99935,100,100101,100,99933,100
2019-06-28 09:35:00.000000000,100030,251,99998,551,100043,246,99984,246,100053,246,99973,246,100073,100,99964,100,100079,100,99958,100,100083,100,99956,100,100086,100,99948,100,100091,100,99945,100,100093,100,99935,100,100101,100,99933,100
2019-06-28 09:35:10.000000000,100030,322,99998,622,100043,322,99984,322,100053,100,99973,100,100073,100,99964,100,100079,100,99958,100,100083,100,99956,100,100086,100,99948,100,100091,100,99945,100,100093,100,99935,100,100101,100,99933,100
2019-06-28 09:35:20.000000000,100030,543,99998,843,100043,100,99984,100,100053,100,99973,100,100073,100,99964,100,100079,100,99958,100,100083,100,99956,100,100086,100,99948,100,100091,100,99945,100,100093,100,99935,100,100101,100,99933,100
2019-06-28 09:35:30.000000000,100030,251,99998,551,100043,246,99984,246,100053,246,99973,246,100073,100,99964,100,100079,100,99958,100,100083,100,99956,100,100086,100,99948,100,100091,100,99945,100,100093,100,99935,100,100101,100,99933,100
2019-06-28 09:35:39.241273483,100030,351,99998,551,100043,246,99984,246,100053,246,99973,246,100073,100,99964,100,100079,100,99958,100,100083,100,99956,100,100086,100,99948,100,100091,100,99945,100,100093,100,99935,100,100101,100,99933,100
2019-06-28 09:35:40.000000000,100030,643,99998,843,100043,100,99984,100,100053,100,99973,100,100073,100,99964,100,100079,100,99958,100,100083,100,99956,100,100086,100,99948,100,100091,100,99945,100,100093,100,99935,100,100101,100,99933,100
2019-06-28 09:35:45.492958030,100030,743,99998,843,100043,100,99984,100,100053,100,99973,100,100073,100,99964,100,100079,100,99958,100,100083,100,99956,100,100086,100,99948,100,100091,100,99945,100,100093,100,99935,100,100101,100,99933,100
2019-06-28 09:35:50.000000000,100030,389,99998,489,100043,189,99984,189,100053,189,99973,189,100073,189,99964,189,100079,189,99958,189,100083,100,99956,100,100086,100,99948,100,100091,100,99945,100,100093,100,99935,100,100101,100,99933,100
2019-06-28 09:35:56.841271502,100030,389,99998,489,100043,189,99984,189,100053,189,99973,189,100073,189,99964,189,100079,189,99958,189,100083,100,99956,100,100086,100,99948,100,100091,100,99945,100,100093,100,99935,100,100101,100,99933,100
2019-06-28 09:36:00.000000000,100030,411,99998,511,100043,211,99984,211,100053,211,99973,211,100073,211,99964,211,100079,100,99958,100,100083,100,99956,100,100086,100,99948,100,100091,100,99945,100,100093,100,99935,100,100101,100,99933,100
2019-06-28 09:36:04.050036372,100030,511,99998,411,100043,211,99984,211,100053,211,99973,211,100073,211,99964,211,100079,100,99958,100,100083,100,99956,100,100086,100,99948,100,100091,100,99945,100,100093,100,99935,100,100101,100,99933,100
2019-06-28 09:36:07.964827240,100030,511,99998,311,100043,211,99984,211,100053,211,99973,211,100073,211,99964,211,100079,100,99958,100,100083,100,99956,100,100086,100,99948,100,100091,100,99945,100,100093,100,99935,100,100101,100,99933,100
2019-06-28 09:36:10.000000000,100030,489,99998,289,100043,189,99984,189,100053,189,99973,189,100073,189,99964,189,100079,189,99958,189,100083,100,99956,100,100086,100,99948,100,100091,100,99945,100,100093,100,99935,100,100101,100,99933,100
2019-06-28 09:36:13.982188716,100030,489,99998,189,100043,189,99984,189,100053,189,99973,189,100073,189,99964,189,100079,189,99958,189,100086,100,99956,100,100091,100,99948,100,100093,100,99945,100,100101,100,99935,100,100102,100,99933,100
2019-06-28 09:36:20.000000000,100030,511,99998,211,100043,211,99984,211,100053,211,99973,211,100073,211,99964,211,100079,100,99958,100,100086,100,99956,100,100091,100,99948,100,100093,100,99945,100,100101,100,99935,100,100102,100,99933,100
2019-06-28 09:36:30.000000000,100030,489,99998,189,100043,189,99984,189,100053,189,99973,189,100073,189,99964,189,100079,189,99958,189,100086,100,99956,100,100091,100,99948,100,100093,100,99945,100,100101,100,99935,100,100102,100,99933,100
2019-06-28 09:36:33.312297763,100030,489,99998,189,100043,189,99984,189,100053,189,99973,189,100073,189,99964,189,100079,189,99958,189,100086,100,99956,100,100091,100,99945,100,100093,100,99935,100,100101,100,99933,100,100102,100,99925,100
2019-06-28 09:36:36.258678847,100030,489,99998,189,100043,189,99984,189,100053,189,99973,89,100073,189,99964,189,100079,189,99958,189,100086,100,99956,100,100091,100,99945,100,100093,100,99935,100,100101,100,99933,100,100102,100,99925,100
2019-06-28 09:36:40.000000000,100030,843,99998,543,100043,100,99984,100,100053,100,99964,100,100073,100,99958,100,100079,100,99956,100,100086,100,99945,100,100091,100,99935,100,100093,100,99933,100,100101,100,99925,100,100102,100,99912,100
2019-06-28 09:36:50.000000000,100030,489,99998,189,100043,189,99984,189,100053,189,99964,189,100073,189,99958,189,100079,189,99956,189,100086,100,99945,100,100091,100,99935,100,100093,100,99933,100,100101,100,99925,100,100102,100,99912,100
2019-06-28 09:36:52.934366550,100030,489,99998,189,100043,189,99984,289,100053,189,99964,189,100073,89,99958,189,100079,189,99956,189,100086,100,99945,100,100091,100,99935,100,100093,100,99933,100,100101,100,99925,100,100102,100,99912,100
2019-06-28 09:37:00.000000000,100030,511,99998,211,100043,211,99984,311,100053,211,99964,211,100079,211,99958,211,100086,100,99956,100,100091,100,99945,100,100093,100,99935,100,100101,100,99933,100,100102,100,99925,100,100107,100,99912,100
2019-06-28 09:37:10.000000000,100030,511,99998,211,100043,211,99984,311,100053,211,99964,211,100079,211,99958,211,100086,100,99956,100,100091,100,99945,100,100093,100,99935,100,100101,100,99933,100,100102,100,99925,100,100107,100,99912,100
2019-06-28 09:37:20.000000000,100030,511,99998,211,100043,211,99984,311,100053,211,99964,211,100079,211,99958,211,100086,100,99956,100,100091,100,99945,100,100093,100,99935,100,100101,100,99933,100,100102,100,99925,100,100107,100,99912,100
2019-06-28 09:37:30.000000000,100030,622,99998,322,100043,322,99984,422,100053,100,99964,100,100079,100,99958,100,100086,100,99956,100,100091,100,99945,100,100093,100,99935,100,100101,100,99933,100,100102,100,99925,100,100107,100,99912,100
2019-06-28 09:37:34.419633031,100030,622,99998,322,100043,322,99984,422,100053,100,99964,100,100079,100,99958,100,100086,100,99945,100,100091,100,99935,100,100093,100,99933,100,100101,100,99925,100,100102,100,99912,100,100107,100,99904,100
2019-06-28 09:37:40.000000000,100030,511,99998,211,100043,211,99984,311,100053,211,99964,211,100079,211,99958,211,100086,100,99945,100,100091,100,99935,100,100093,100,99933,100,100101,100,99925,100,100102,100,99912,100,100107,100,99904,100
2019-06-28 09:37:50.000000000,100030,843,99998,543,100043,100,99984,200,100053,100,99964,100,100079,100,99958,100,100086,100,99945,100,100091,100,99935,100,100093,100,99933,100,100101,100,99925,100,100102,100,99912,100,100107,100,99904,100
2019-06-28 09:38:00.000000000,100030,551,99998,251,100043,246,99984,346,100053,246,99964,246,100079,100,99958,100,100086,100,99945,100,100091,100,99935,100,100093,100,99933,100,100101,100,99925,100,100102,100,99912,100,100107,100,99904,100
2019-06-28 09:38:08.377399345,100030,451,99998,251,100043,246,99984,346,100053,246,99964,246,100079,100,99958,100,100086,100,99945,100,100091,100,99935,100,100093,100,99933,100,100101,100,99925,100,100102,100,99912,100,100107,100,99904,100
2019-06-28 09:38:10.000000000,100030,411,99998,211,100043,211,99984,311,100053,211,99964,211,100079,211,99958,211,100086,100,99945,100,100091,100,99935,100,100093,100,99933,100,100101,100,99925,100,100102,100,99912,100,100107,100,99904,100
2019-06-28 09:38:20.000000000,100030,743,99998,543,100043,100,99984,200,100053,100,99964,100,100079,100,99958,100,100086,100,99945,100,100091,100,99935,100,100093,100,99933,100,100101,100,99925,100,100102,100,99912,100,100107,100,99904,100
2019-06-28 09:38:27.693182822,100030,743,99998,543,100043,100,99984,200,100053,100,99964,100,100079,100,99958,100,100086,100,99955,100,100091,100,99945,100,100093,100,99935,100,100101,100,99933,100,100102,100,99925,100,100107,100,99912,100
2019-06-28 09:38:30.000000000,100030,451,99998,251,100043,246,99984,346,100053,246,99964,246,100079,100,99958,100,100086,100,99955,100,100091,100,99945,100,100093,100,99935,100,100101,100,99933,100,100102,100,99925,100,100107,100,99912,100
2019-06-28 09:38:40.000000000,100030,389,99998,189,100043,189,99984,289,100053,189,99964,189,100079,189,99958,189,100086,189,99955,189,100091,100,99945,100,100093,100,99935,100,100101,100,99933,100,100102,100,99925,100,100107,100,99912,100
2019-06-28 09:38:42.769517728,100029,100,99998,189,100030,389,99984,289,100043,189,99964,189,100053,189,99958,189,100079,189,99955,189,100086,189,99945,100,100091,100,99935,100,100093,100,99933,100,100101,100,99925,100,100102,100,99912,100
2019-06-28 09:38:50.000000000,100029,543,99998,543,100030,300,99984,200,100043,100,99964,100,100053,100,99958,100,100079,100,99955,100,100086,100,99945,100,100091,100,99935,100,100093,100,99933,100,100101,100,99925,100,100102,100,99912,100
2019-06-28 09:38:54.851818385,100029,543,99998,543,100030,300,99984,200,100043,100,99964,100,100053,100,99958,100,100079,100,99955,100,100086,100,99945,100,100091,100,99935,100,100093,100,99933,100,100101,100,99925,100,100102,100,99912,100
2019-06-28 09:39:00.000000000,100029,322,99998,322,100030,522,99984,422,100043,100,99964,100,100053,100,99958,100,100079,100,99955,100,100086,100,99945,100,100091,100,99935,100,100093,100,99933,100,100101,100,99925,100,100102,100,99912,100
2019-06-28 09:39:10.000000000,100029,251,99998,251,100030,446,99984,346,100043,246,99964,246,100053,100,99958,100,100079,100,99955,100,100086,100,99945,100,100091,100,99935,100,100093,100,99933,100,100101,100,99925,100,100102,100,99912,100
2019-06-28 09:39:11.810419307,100029,251,99999,100,100030,446,99998,251,100043,246,99984,346,100053,100,99964,246,100079,100,99958,100,100086,100,99955,100,100091,100,99945,100,100093,100,99935,100,100101,100,99933,100,100102,100,99925,100
2019-06-28 09:39:20.000000000,100029,211,99999,211,100030,411,99998,211,100043,211,99984,311,100053,211,99964,211,100079,100,99958,100,100086,100,99955,100,100091,100,99945,100,100093,100,99935,100,100101,100,99933,100,100102,100,99925,100
2019-06-28 09:39:30.000000000,100029,251,99999,251,100030,446,99998,246,100043,246,99984,346,100053,100,99964,100,100079,100,99958,100,100086,100,99955,100,100091,100,99945,100,100093,100,99935,100,100101,100,99933,100,100102,100,99925,100
2019-06-28 09:39:40.000000000,100029,189,99999,189,100030,389,99998,189,100043,189,99984,289,100053,189,99964,189,100079,189,99958,189,100086,100,99955,100,100091,100,99945,100,100093,100,99935,100,100101,100,99933,100,100102,100,99925,100
2019-06-28 09:39:50.000000000,100029,189,99999,189,100030,389,99998,189,100043,189,99984,289,100053,189,99964,189,100079,189,99958,189,100086,100,99955,100,100091,100,99945,100,100093,100,99935,100,100101,100,99933,100,100102,100,99925,100
2019-06-28 09:40:00.000000000,100029,189,99999,189,100030,389,99998,189,100043,189,99984,289,100053,189,99964,189,100079,189,99958,189,100086,100,99955,100,100091,100,99945,100,100093,100,99935,100,100101,100,99933,100,100102,100,99925,100
2019-06-28 09:40:10.000000000,100029,543,99999,543,100030,300,99998,100,100043,100,99984,200,100053,100,99964,100,100079,100,99958,100,100086,100,99955,100,100091,100,99945,100,100093,100,99935,100,100101,100,99933,100,100102,100,99925,100
2019-06-28 09:40:19.828918825,100029,543,99999,443,100030,300,99998,100,100043,100,99984,200,100053,100,99964,100,100079,100,99958,100,100086,100,99955,100,100091,100,99945,100,100093,100,99935,100,100101,100,99933,100,100102,100,99925,100
2019-06-28 09:40:20.000000000,100029,211,99998,211,100030,411,99984,311,100043,211,99964,211,100053,211,99958,211,100079,100,99955,100,100086,100,99945,100,100091,100,99935,100,100093,100,99933,100,100101,100,99925,100,100102,100,99904,100
2019-06-28 09:40:30.000000000,100029,543,99998,543,100030,300,99984,200,100043,100,99964,100,100053,100,99958,100,100079,100,99955,100,100086,100,99945,100,100091,100,99935,100,100093,100,99933,100,100101,100,99925,100,100102,100,99904,100
2019-06-28 09:40:35.004614802,100029,543,99998,543,100030,300,99984,200,100043,100,99964,100,100053,100,99958,100,100079,100,99955,100,100086,100,99948,100,100091,100,99945,100,100101,100,99935,100,100102,100,99933,100,100107,100,99925,100
2019-06-28 09:40:40.000000000,100029,322,99998,322,100030,522,99984,422,100043,100,99964,100,100053,100,99958,100,100079,100,99955,100,100086,100,99948,100,100091,100,99945,100,100101,100,99935,100,100102,100,99933,100,100107,100,99925,100
2019-06-28 09:40:50.000000000,100029,543,99998,543,100030,300,99984,200,100043,100,99964,100,100053,100,99958,100,100079,100,99955,100,100086,100,99948,100,100091,100,99945,100,100101,100,99935,100,100102,100,99933,100,100107,100,99925,100
2019-06-28 09:40:50.239342561,100029,543,99998,543,100030,300,99984,200,100043,100,99964,100,100053,100,99958,100,100079,100,99955,100,100086,100,99948,100,100091,100,99945,100,100101,100,99935,100,100102,100,99933,100,100107,100,99925,100
2019-06-28 09:40:54.825805258,100029,543,99998,543,100030,300,99984,200,100043,100,99964,100,100053,100,99958,100,100079,100,99955,100,100086,100,99948,100,100091,100,99945,100,100101,100,99935,100,100102,100,99933,100,100107,100,99925,100
2019-06-28 09:40:59.463187370,100029,543,99998,543,100030,300,99984,200,100038,100,99964,100,100043,100,99958,100,100053,100,99955,100,100079,100,99948,100,100086,100,99945,100,100091,100,99935,100,100101,100,99933,100,100102,100,99925,100
2019-06-28 09:41:00.000000000,100029,189,99998,189,100030,389,99984,289,100038,189,99964,189,100043,189,99958,189,100053,189,99955,189,100079,100,99948,100,100086,100,99945,100,100091,100,99935,100,100101,100,99933,100,100102,100,99925,100
2019-06-28 09:41:10.000000000,100029,543,99998,543,100030,300,99984,200,100038,100,99964,100,100043,100,99958,100,100053,100,99955,100,100079,100,99948,100,100086,100,99945,100,100091,100,99935,100,100101,100,99933,100,100102,100,99925,100
2019-06-28 09:41:20.000000000,100029,251,99998,251,100030,446,99984,346,100038,246,99964,246,100043,100,99958,100,100053,100,99955,100,100079,100,99948,100,100086,100,99945,100,100091,100,99935,100,100101,100,99933,100,100102,100,99925,100
2019-06-28 09:41:30.000000000,100029,189,99998,189,100030,389,99984,289,100038,189,99964,189,100043,189,99958,189,100053,189,99955,189,100079,100,99948,100,100086,100,99945,100,100091,100,99935,100,100101,100,99933,100,100102,100,99925,100
2019-06-28 09:41:32.009834066,100028,100,99998,189,100029,189,99984,289,100030,389,99964,189,100038,189,99958,189,100043,189,99955,189,100053,189,99948,100,100079,100,99945,100,100086,100,99935,100,100091,100,99933,100,100101,100,99925,100
2019-06-28 09:41:40.000000000,100028,543,99998,543,100029,100,99984,200,100030,300,99964,100,100038,100,99958,100,100043,100,99955,100,100053,100,99948,100,100079,100,99945,100,100086,100,99935,100,100091,100,99933,100,100101,100,99925,100
2019-06-28 09:41:44.953796210,100028,543,99998,543,100029,100,99984,200,100030,300,99964,100,100038,100,99958,100,100043,100,99955,100,100053,100,99948,100,100079,100,99945,100,100086,100,99935,100,100091,100,99925,100,100101,100,99904,100
2019-06-28 09:41:50.000000000,100028,543,99998,543,100029,100,99984,200,100030,300,99964,100,100038,100,99958,100,100043,100,99955,100,100053,100,99948,100,100079,100,99945,100,100086,100,99935,100,100091,100,99925,100,100101,100,99904,100
2019-06-28 09:42:00.000000000,100028,189,99998,189,100029,189,99984,289,100030,389,99964,189,100038,189,99958,189,100043,189,99955,189,100053,100,99948,100,100079,100,99945,100,100086,100,99935,100,100091,100,99925,100,100101,100,99904,100
2019-06-28 09:42:07.720334266,100028,189,99998,189,100029,189,99984,289,100030,389,99964,189,100038,189,99958,189,100043,189,99955,189,100053,100,99948,100,100079,100,99945,100,100086,100,99935,100,100101,100,99925,100,100102,100,99904,100
2019-06-28 09:42:10.000000000,100028,543,99998,543,100029,100,99984,200,100030,300,99964,100,100038,100,99958,100,100043,100,99955,100,100053,100,99948,100,100079,100,99945,100,100086,100,99935,100,100101,100,99925,100,100102,100,99904,100
2019-06-28 09:42:10.238761618,100028,543,99998,543,100029,100,99984,200,100030,300,99964,100,100038,100,99958,100,100043,100,99955,100,100053,100,99948,100,100079,100,99945,100,100086,100,99935,100,100101,100,99925,100,100102,100,99904,100
2019-06-28 09:42:20.000000000,100028,189,99998,189,100029,189,99984,289,100030,389,99964,189,100038,189,99958,189,100043,189,99955,189,100053,100,99948,100,100079,100,99945,100,100086,100,99935,100,100101,100,99925,100,100102,100,99904,100
2019-06-28 09:42:30.000000000,100028,251,99998,251,100029,246,99984,346,100030,446,99964,246,100038,100,99958,100,100043,100,99955,100,100053,100,99948,100,100079,100,99945,100,100086,100,99935,100,100101,100,99925,100,100102,100,99904,100
2019-06-28 09:42:40.000000000,100028,543,99998,543,100029,100,99984,200,100030,300,99964,100,100038,100,99958,100,100043,100,99955,100,100053,100,99948,100,100079,100,99945,100,100086,100,99935,100,100101,100,99925,100,100102,100,99904,100
2019-06-28 09:42:50.000000000,100028,211,99998,211,100029,211,99984,311,100030,411,99964,211,100038,211,99958,211,100043,100,99955,100,100053,100,99948,100,100079,100,99945,100,100086,100,99935,100,100101,100,99925,100,100102,100,99904,100
2019-06-28 09:43:00.000000000,100028,189,99998,189,100029,189,99984,289,100030,389,99964,189,100038,189,99958,189,100043,189,99955,189,100053,100,99948,100,100079,100,99945,100,100086,100,99935,100,100101,100,99925,100,100102,100,99904,100
2019-06-28 09:43:10.000000000,100028,543,99998,543,100029,100,99984,200,100030,300,99964,100,100038,100,99958,100,100043,100,99955,100,100053,100,99948,100,100079,100,99945,100,100086,100,99935,100,100101,100,99925,100,100102,100,99904,100
2019-06-28 09:43:12.201484549,100028,543,99998,543,100029,100,99984,200,100030,300,99964,100,100038,100,99958,100,100043,100,99955,100,100053,100,99948,100,100079,100,99945,100,100086,100,99935,100,100101,100,99925,100,100102,100,99904,100
2019-06-28 09:43:20.000000000,100028,211,99998,211,100029,211,99984,311,100030,411,99964,211,100038,211,99958,211,100043,100,99955,100,100053,100,99948,100,100079,100,99945,100,100086,100,99935,100,100101,100,99925,100,100102,100,99904,100
2019-06-28 09:43:27.690367150,100028,211,99998,211,100029,211,99984,311,100030,411,99964,211,100038,211,99958,211,100043,100,99955,100,100053,100,99948,100,100079,100,99945,100,100086,100,99935,100,100101,100,99925,100,100102,100,99904,100
2019-06-28 09:43:29.002312971,100028,211,99998,211,100029,211,99984,211,100030,411,99964,211,100038,211,99958,211,100043,100,99955,100,100053,100,99948,100,100079,100,99945,100,100086,100,99935,100,100101,100,99925,100,100102,100,99904,100
2019-06-28 09:43:30.000000000,100028,211,99998,211,100029,211,99984,211,100030,411,99964,211,100038,211,99958,211,100043,100,99955,100,100053,100,99948,100,100079,100,99945,100,100086,100,99935,100,100101,100,99925,100,100102,100,99904,100
2019-06-28 09:43:31.252184711,100028,211,99998,111,100029,211,99984,211,100030,411,99964,211,100038,211,99958,211,100043,100,99955,100,100053,100,99948,100,100079,100,99945,100,100086,100,99935,100,100101,100,99925,100,100102,100,99904,100
2019-06-28 09:43:36.084163110,100028,211,99998,111,100029,211,99984,211,100030,411,99964,211,100038,211,99958,211,100043,100,99955,100,100053,100,99948,100,100079,100,99945,100,100086,100,99935,100,100101,100,99925,100,100102,100,99904,100
2019-06-28 09:43:40.000000000,100028,251,99984,251,100029,246,99964,246,100030,446,99958,246,100038,100,99955,100,100043,100,99948,100,100053,100,99945,100,100079,100,99935,100,100086,100,99925,100,100101,100,99904,100,100102,100,99882,100
2019-06-28 09:43:49.774380468,99999,100,99984,251,100028,251,99964,246,100029,246,99958,246,100030,446,99955,100,100038,100,99948,100,100043,100,99945,100,100053,100,99935,100,100079,100,99925,100,100086,100,99904,100,100101,100,99882,100
2019-06-28 09:43:50.000000000,99999,322,99984,322,100028,322,99964,322,100029,100,99958,100,100030,300,99955,100,100038,100,99948,100,100043,100,99945,100,100053,100,99935,100,100079,100,99925,100,100086,100,99904,100,100101,100,99882,100
2019-06-28 09:43:59.446115389,99999,322,99984,322,100028,322,99964,322,100029,100,99958,100,100030,300,99955,100,100043,100,99948,100,100053,100,99945,100,100079,100,99935,100,100086,100,99925,100,100101,100,99904,100,100102,100,99882,100
2019-06-28 09:44:00.000000000,99999,211,99984,211,100028,211,99964,211,100029,211,99958,211,100030,411,99955,211,100043,100,99948,100,100053,100,99945,100,100079,100,99935,100,100086,100,99925,100,100101,100,99904,100,100102,100,99882,100
2019-06-28 09:44:10.000000000,99999,211,99984,211,100028,211,99964,211,100029,211,99958,211,100030,411,99955,211,100043,100,99948,100,100053,100,99945,100,100079,100,99935,100,100086,100,99925,100,100101,100,99904,100,100102,100,99882,100
2019-06-28 09:44:20.000000000,99999,189,99984,189,100028,189,99964,189,100029,189,99958,189,100030,389,99955,189,100043,189,99948,189,100053,100,99945,100,100079,100,99935,100,100086,100,99925,100,100101,100,99904,100,100102,100,99882,100
2019-06-28 09:44:28.661923162,99999,189,99984,189,100028,189,99964,189,100029,189,99958,189,100030,389,99955,189,100043,189,99948,189,100053,100,99945,100,100079,100,99935,100,100086,100,99925,100,100101,100,99904,100,100102,100,99882,100
2019-06-28 09:44:30.000000000,99999,543,99984,543,100028,100,99964,100,100029,100,99958,100,100030,300,99955,100,100043,100,99948,100,100053,100,99945,100,100079,100,99935,100,100086,100,99925,100,100101,100,99904,100,100102,100,99882,100
2019-06-28 09:44:40.000000000,99999,543,99984,543,100028,100,99964,100,100029,100,99958,100,100030,300,99955,100,100043,100,99948,100,100053,100,99945,100,100079,100,99935,100,100086,100,99925,100,100101,100,99904,100,100102,100,99882,100
2019-06-28 09:44:50.000000000,99999,211,99984,211,100028,211,99964,211,100029,211,99958,211,100030,411,99955,211,100043,100,99948,100,100053,100,99945,100,100079,100,99935,100,100086,100,99925,100,100101,100,99904,100,100102,100,99882,100
2019-06-28 09:45:00.000000000,99999,543,99984,543,100028,100,99964,100,100029,100,99958,100,100030,300,99955,100,100043,100,99948,100,100053,100,99945,100,100079,100,99935,100,100086,100,99925,100,100101,100,99904,100,100102,100,99882,100
2019-06-28 09:45:02.998190966,99999,443,99984,543,100028,100,99964,100,100029,100,99958,100,100030,300,99955,100,100043,100,99948,100,100053,100,99945,100,100079,100,99935,100,100086,100,99925,100,100101,100,99904,100,100102,100,99882,100
2019-06-28 09:45:10.000000000,100028,322,99984,322,100029,322,99964,322,100030,300,99958,100,100043,100,99955,100,100053,100,99948,100,100079,100,99945,100,100086,100,99935,100,100101,100,99925,100,100102,100,99904,100,100107,100,99882,100
2019-06-28 09:45:20.000000000,100028,189,99984,189,100029,189,99964,189,100030,389,99958,189,100043,189,99955,189,100053,189,99948,189,100079,100,99945,100,100086,100,99935,100,100101,100,99925,100,100102,100,99904,100,100107,100,99882,100
2019-06-28 09:45:25.107094912,100028,189,99999,100,100029,89,99984,189,100030,389,99964,189,100043,189,99958,189,100053,189,99955,189,100079,100,99948,189,100086,100,99945,100,100101,100,99935,100,100102,100,99925,100,100107,100,99904,100
2019-06-28 09:45:27.866950754,100028,189,99999,100,100029,89,99984,189,100030,389,99964,189,100043,189,99958,189,100053,189,99955,189,100079,100,99948,89,100086,100,99945,100,100101,100,99935,100,100102,100,99925,100,100107,100,99904,100
2019-06-28 09:45:30.000000000,100028,322,99999,322,100030,522,99984,322,100043,100,99964,100,100053,100,99958,100,100079,100,99955,100,100086,100,99945,100,100101,100,99935,100,100102,100,99925,100,100107,100,99904,100,100108,100,99882,100
2019-06-28 09:45:40.000000000,100028,211,99999,211,100030,411,99984,211,100043,211,99964,211,100053,211,99958,211,100079,100,99955,100,100086,100,99945,100,100101,100,99935,100,100102,100,99925,100,100107,100,99904,100,100108,100,99882,100
2019-06-28 09:45:50.000000000,100028,189,99999,189,100030,389,99984,189,100043,189,99964,189,100053,189,99958,189,100079,189,99955,189,100086,100,99945,100,100101,100,99935,100,100102,100,99925,100,100107,100,99904,100,100108,100,99882,100
2019-06-28 09:46:00.000000000,100028,211,99999,211,100030,411,99984,211,100043,211,99964,211,100053,211,99958,211,100079,100,99955,100,100086,100,99945,100,100101,100,99935,100,100102,100,99925,100,100107,100,99904,100,100108,100,99882,100
2019-06-28 09:46:00.099187645,100028,211,99999,311,100030,411,99984,211,100043,211,99964,211,100053,211,99958,211,100079,100,99955,100,100086,100,99945,100,100101,100,99935,100,100102,100,99925,100,100107,100,99904,100,100108,100,99882,100
2019-06-28 09:46:10.000000000,100028,189,99999,289,100030,389,99984,189,100043,189,99964,189,100053,189,99958,189,100079,189,99955,189,100086,100,99945,100,100101,100,99935,100,100102,100,99925,100,100107,100,99904,100,100108,100,99882,100
2019-06-28 09:46:16.101130366,100028,189,99999,289,100030,389,99984,189,100043,189,99964,189,100053,189,99958,189,100079,189,99955,189,100086,100,99945,100,100101,100,99935,100,100102,100,99925,100,100107,100,99904,100,100108,100,99882,100
2019-06-28 09:46:20.000000000,100028,322,99999,422,100030,522,99984,322,100043,100,99964,100,100053,100,99958,100,100079,100,99955,100,100086,100,99945,100,100101,100,99935,100,100102,100,99925,100,100107,100,99904,100,100108,100,99882,100
2019-06-28 09:46:30.000000000,100028,322,99999,422,100030,522,99984,322,100043,100,99964,100,100053,100,99958,100,100079,100,99955,100,100086,100,99945,100,100101,100,99935,100,100102,100,99925,100,100107,100,99904,100,100108,100,99882,100
2019-06-28 09:46:32.000225929,100028,322,99999,422,100030,522,99984,322,100043,100,99964,100,100053,100,99958,100,100079,100,99955,100,100086,100,99945,100,100101,100,99935,100,100102,100,99925,100,100107,100,99904,100,100108,100,99882,100
2019-06-28 09:46:37.140615174,100028,322,99999,522,100030,522,99984,322,100043,100,99964,100,100053,100,99958,100,100079,100,99955,100,100086,100,99945,100,100101,100,99935,100,100102,100,99925,100,100107,100,99904,100,100108,100,99882,100
2019-06-28 09:46:40.000000000,100028,322,99999,522,100030,522,99984,322,100043,100,99964,100,100053,100,99958,100,100079,100,99955,100,100086,100,99945,100,100101,100,99935,100,100102,100,99925,100,100107,100,99904,100,100108,100,99882,100
2019-06-28 09:46:50.000000000,100028,322,99999,522,100030,522,99984,322,100043,100,99964,100,100053,100,99958,100,100079,100,99955,100,100086,100,99945,100,100101,100,99935,100,100102,100,99925,100,100107,100,99904,100,100108,100,99882,100
2019-06-28 09:47:00.000000000,100028,211,99999,411,100030,411,99984,211,100043,211,99964,211,100053,211,99958,211,100079,100,99955,100,100086,100,99945,100,100101,100,99935,100,100102,100,99925,100,100107,100,99904,100,100108,100,99882,100
2019-06-28 09:47:01.346520662,100028,211,99999,411,100030,311,99984,211,100043,211,99964,211,100053,211,99958,211,100079,100,99955,100,100086,100,99945,100,100101,100,99935,100,100102,100,99925,100,100107,100,99904,100,100108,100,99882,100
2019-06-28 09:47:10.000000000,100028,211,99999,411,100030,311,99984,211,100043,211,99964,211,100053,211,99958,211,100079,100,99955,100,100086,100,99945,100,100101,100,99935,100,100102,100,99925,100,100107,100,99904,100,100108,100,99882,100
2019-06-28 09:47:12.904625809,100028,211,99999,411,100030,311,99984,211,100043,211,99964,211,100053,211,99958,211,100079,100,99955,100,100086,100,99945,100,100101,100,99935,100,100102,100,99925,100,100107,100,99904,100,100159,100,99882,100
2019-06-28 09:47:20.000000000,100028,543,99999,743,100030,200,99984,100,100043,100,99964,100,100053,100,99958,100,100079,100,99955,100,100086,100,99945,100,100101,100,99935,100,100102,100,99925,100,100107,100,99904,100,100159,100,99882,100
2019-06-28 09:47:30.000000000,100028,251,99999,451,100030,346,99984,246,100043,246,99964,246,100053,100,99958,100,100079,100,99955,100,100086,100,99945,100,100101,100,99935,100,100102,100,99925,100,100107,100,99904,100,100159,100,99882,100
2019-06-28 09:47:30.648643998,100028,151,99999,551,100030,346,99984,246,100043,246,99964,246,100053,100,99958,100,100079,100,99955,100,100086,100,99945,100,100101,100,99935,100,100102,100,99925,100,100107,100,99904,100,100159,100,99882,100
2019-06-28 09:47:35.218962326,100028,151,99999,551,100030,346,99984,246,100043,246,99964,246,100053,100,99958,100,100079,100,99955,100,100086,100,99945,100,100101,100,99935,100,100102,100,99925,100,100107,100,99904,100,100159,100,99882,100
2019-06-28 09:47:40.000000000,100030,311,99999,511,100043,211,99984,211,100053,211,99964,211,100079,211,99958,211,100086,100,99955,100,100101,100,99945,100,100102,100,99935,100,100107,100,99925,100,100159,100,99904,100,100285,100,99882,100
2019-06-28 09:47:50.000000000,100030,422,99999,622,100043,322,99984,322,100053,100,99964,100,100079,100,99958,100,100086,100,99955,100,100101,100,99945,100,100102,100,99935,100,100107,100,99925,100,100159,100,99904,100,100285,100,99882,100
2019-06-28 09:47:59.891088755,100030,422,99999,622,100043,322,99984,322,100053,100,99964,100,100079,100,99958,100,100086,100,99955,100,100101,100,99945,100,100102,100,99935,100,100107,100,99925,100,100159,100,99904,100,100285,100,99882,100
2019-06-28 09:48:00.000000000,100030,351,99999,551,100043,246,99984,246,100053,246,99964,246,100079,100,99958,100,100086,100,99955,100,100101,100,99945,100,100102,100,99935,100,100107,100,99925,100,100159,100,99904,100,100285,100,99882,100
2019-06-28 09:48:01.892089774,100030,351,99999,551,100043,246,99984,246,100053,246,99964,246,100079,100,99958,100,100086,100,99955,100,100101,100,99945,100,100102,100,99935,100,100107,100,99925,100,100159,100,99904,100,100285,100,99882,100
2019-06-28 09:48:10.000000000,100030,643,99999,843,100043,100,99984,100,100053,100,99964,100,100079,100,99958,100,100086,100,99955,100,100101,100,99945,100,100102,100,99935,100,100107,100,99925,100,100159,100,99904,100,100285,100,99882,100
2019-06-28 09:48:14.257546179,100030,643,99999,843,100043,100,99984,100,100053,100,99964,100,100079,100,99958,100,100086,100,99955,100,100101,100,99945,100,100102,100,99935,100,100107,100,99904,100,100159,100,99882,100,100285,100,99877,100
2019-06-28 09:48:20.000000000,100030,422,99999,622,100043,322,99984,322,100053,100,99964,100,100079,100,99958,100,100086,100,99955,100,100101,100,99945,100,100102,100,99935,100,100107,100,99904,100,100159,100,99882,100,100285,100,99877,100
2019-06-28 09:48:30.000000000,100030,422,99999,622,100043,322,99984,322,100053,100,99964,100,100079,100,99958,100,100086,100,99955,100,100101,100,99945,100,100102,100,99935,100,100107,100,99904,100,100159,100,99882,100,100285,100,99877,100
2019-06-28 09:48:40.000000000,100030,289,99999,489,100043,189,99984,189,100053,189,99964,189,100079,189,99958,189,100086,189,99955,189,100101,100,99945,100,100102,100,99935,100,100107,100,99904,100,100159,100,99882,100,100285,100,99877,100
2019-06-28 09:48:50.000000000,100030,289,99999,489,100043,189,99984,189,100053,189,99964,189,100079,189,99958,189,100086,189,99955,189,100101,100,99945,100,100102,100,99935,100,100107,100,99904,100,100159,100,99882,100,100285,100,99877,100
2019-06-28 09:49:00.000000000,100030,351,99999,551,100043,246,99984,246,100053,246,99964,246,100079,100,99958,100,100086,100,99955,100,100101,100,99945,100,100102,100,99935,100,100107,100,99904,100,100159,100,99882,100,100285,100,99877,100
2019-06-28 09:49:01.905251159,100030,251,99999,551,100043,246,99984,246,100053,146,99964,246,100079,100,99958,100,100086,100,99955,100,100101,100,99945,100,100102,100,99935,100,100107,100,99904,100,100159,100,99882,100,100285,100,99877,100
2019-06-28 09:49:10.000000000,100030,211,99999,511,100043,211,99984,211,100079,211,99964,211,100086,211,99958,211,100101,100,99955,100,100102,100,99945,100,100107,100,99935,100,100159,100,99904,100,100285,100,99882,100,100310,100,99877,100
2019-06-28 09:49:11.385704771,100030,211,100000,100,100043,211,99999,411,100079,211,99984,211,100086,211,99964,211,100101,100,99958,211,100102,100,99955,100,100107,100,99945,100,100159,100,99935,100,100285,100,99904,100,100310,100,99882,100
2019-06-28 09:49:20.000000000,100030,211,100000,211,100043,211,99999,411,100079,211,99984,211,100086,211,99964,211,100101,100,99958,100,100102,100,99955,100,100107,100,99945,100,100159,100,99935,100,100285,100,99904,100,100310,100,99882,100
2019-06-28 09:49:26.484548413,100030,211,100000,211,100043,211,99999,411,100079,111,99984,211,100086,211,99964,311,100101,100,99958,100,100102,100,99955,100,100107,100,99945,100,100159,100,99935,100,100285,100,99904,100,100310,100,99882,100
2019-06-28 09:49:30.000000000,100030,543,100000,543,100043,100,99999,300,100086,100,99984,100,100101,100,99964,200,100102,100,99958,100,100107,100,99955,100,100159,100,99945,100,100285,100,99935,100,100310,100,99904,100,100641,100,99882,100
2019-06-28 09:49:40.000000000,100030,211,100000,211,100043,211,99999,411,100086,211,99984,211,100101,211,99964,311,100102,100,99958,100,100107,100,99955,100,100159,100,99945,100,100285,100,99935,100,100310,100,99904,100,100641,100,99882,100
2019-06-28 09:49:50.000000000,100030,189,100000,189,100043,189,99999,389,100086,189,99984,189,100101,189,99964,289,100102,189,99958,189,100107,100,99955,100,100159,100,99945,100,100285,100,99935,100,100310,100,99904,100,100641,100,99882,100
2019-06-28 09:50:00.000000000,100030,543,100000,543,100043,100,99999,300,100086,100,99984,100,100101,100,99964,200,100102,100,99958,100,100107,100,99955,100,100159,100,99945,100,100285,100,99935,100,100310,100,99904,100,100641,100,99882,100
2019-06-28 09:50:06.985387618,100030,543,100000,543,100043,100,99999,300,100086,100,99984,100,100101,100,99964,200,100102,100,99958,100,100107,100,99955,100,100159,100,99945,100,100285,100,99935,100,100310,100,99904,100,100641,100,99882,100
2019-06-28 09:50:10.000000000,100030,211,100000,211,100043,211,99999,411,100086,211,99984,211,100101,211,99964,311,100102,100,99958,100,100107,100,99955,100,100159,100,99945,100,100285,100,99935,100,100310,100,99904,100,100641,100,99882,100
2019-06-28 09:50:20.000000000,100030,251,100000,251,100043,246,99999,446,100086,246,99984,246,100101,100,99964,200,100102,100,99958,100,100107,100,99955,100,100159,100,99945,100,100285,100,99935,100,100310,100,99904,100,100641,100,99882,100
2019-06-28 09:50:30.000000000,100030,189,100000,189,100043,189,99999,389,100086,189,99984,189,100101,189,99964,289,100102,189,99958,189,100107,100,99955,100,100159,100,99945,100,100285,100,99935,100,100310,100,99904,100,100641,100,99882,100
2019-06-28 09:50:40.000000000,100030,211,100000,211,100043,211,99999,411,100086,211,99984,211,100101,211,99964,311,100102,100,99958,100,100107,100,99955,100,100159,100,99945,100,100285,100,99935,100,100310,100,99904,100,100641,100,99882,100
2019-06-28 09:50:50.000000000,100030,211,100000,211,100043,211,99999,411,100086,211,99984,211,100101,211,99964,311,100102,100,99958,100,100107,100,99955,100,100159,100,99945,100,100285,100,99935,100,100310,100,99904,100,100641,100,99882,100
2019-06-28 09:51:00.000000000,100030,543,100000,543,100043,100,99999,300,100086,100,99984,100,100101,100,99964,200,100102,100,99958,100,100107,100,99955,100,100159,100,99945,100,100285,100,99935,100,100310,100,99904,100,100641,100,99882,100
2019-06-28 09:51:10.000000000,100030,189,100000,189,100043,189,99999,389,100086,189,99984,189,100101,189,99964,289,100102,189,99958,189,100107,100,99955,100,100159,100,99945,100,100285,100,99935,100,100310,100,99904,100,100641,100,99882,100
2019-06-28 09:51:20.000000000,100030,251,100000,251,100043,246,99999,446,100086,246,99984,246,100101,100,99964,200,100102,100,99958,100,100107,100,99955,100,100159,100,99945,100,100285,100,99935,100,100310,100,99904,100,100641,100,99882,100
2019-06-28 09:51:20.001240812,100030,251,100000,151,100043,246,99999,446,100086,246,99984,246,100101,100,99964,200,100102,100,99958,100,100107,100,99955,100,100159,100,99945,100,100285,100,99935,100,100310,100,99904,100,100641,100,99882,100
2019-06-28 09:51:30.000000000,100030,189,99999,389,100043,189,99984,189,100086,189,99964,289,100101,189,99958,189,100102,189,99955,189,100107,100,99945,100,100159,100,99935,100,100285,100,99904,100,100310,100,99882,100,100641,100,99877,100
2019-06-28 09:51:35.563254330,100030,189,99999,389,100043,189,99984,189,100086,189,99964,289,100101,189,99958,189,100102,189,99955,189,100107,100,99945,100,100159,100,99935,100,100285,100,99904,100,100310,100,99882,100,100641,100,99877,100
2019-06-28 09:51:40.000000000,100030,251,99999,451,100043,246,99984,246,100086,246,99964,346,100101,100,99958,100,100102,100,99955,100,100107,100,99945,100,100159,100,99935,100,100285,100,99904,100,100310,100,99882,100,100641,100,99877,100
2019-06-28 09:51:45.798517416,100030,251,99999,351,100043,246,99984,246,100086,246,99964,346,100101,100,99958,100,100107,100,99955,100,100159,100,99945,100,100285,100,99935,100,100310,100,99904,100,100641,100,99882,100,100729,100,99877,100
2019-06-28 09:51:50.000000000,100030,543,99999,643,100043,100,99984,100,100086,100,99964,200,100101,100,99958,100,100107,100,99955,100,100159,100,99945,100,100285,100,99935,100,100310,100,99904,100,100641,100,99882,100,100729,100,99877,100
2019-06-28 09:51:55.220882010,100030,543,99999,543,100043,100,99984,100,100086,100,99964,200,100101,100,99958,100,100107,100,99955,100,100159,100,99945,100,100285,100,99935,100,100310,100,99904,100,100641,100,99882,100,100729,100,99877,100
2019-06-28 09:52:00.000000000,100030,322,99999,322,100043,322,99984,322,100086,100,99964,200,100101,100,99958,100,100107,100,99955,100,100159,100,99945,100,100285,100,99935,100,100310,100,99904,100,100641,100,99882,100,100729,100,99877,100
2019-06-28 09:52:00.348702372,100030,322,99999,322,100043,322,99984,322,100086,100,99964,200,100101,100,99958,100,100107,100,99955,100,100159,100,99945,100,100285,100,99935,100,100310,100,99904,100,100641,100,99882,100,100729,100,99877,100
2019-06-28 09:52:03.335141770,100030,322,99999,222,100043,322,99984,322,100086,100,99964,200,100101,100,99958,100,100107,100,99955,100,100159,100,99945,100,100285,100,99935,100,100310,100,99904,100,100641,100,99877,100,100729,100,99870,100
2019-06-28 09:52:10.000000000,100030,543,99984,543,100043,100,99964,200,100086,100,99958,100,100101,100,99955,100,100107,100,99945,100,100159,100,99935,100,100285,100,99904,100,100310,100,99877,100,100641,100,99870,100,100729,100,99841,100
2019-06-28 09:52:20.000000000,100030,543,99984,543,100043,100,99964,200,100086,100,99958,100,100101,100,99955,100,100107,100,99945,100,100159,100,99935,100,100285,100,99904,100,100310,100,99877,100,100641,100,99870,100,100729,100,99841,100
2019-06-28 09:52:30.000000000,100030,322,99984,322,100043,322,99964,422,100086,100,99958,100,100101,100,99955,100,100107,100,99945,100,100159,100,99935,100,100285,100,99904,100,100310,100,99877,100,100641,100,99870,100,100729,100,99841,100
2019-06-28 09:52:36.738401396,100030,322,99984,322,100043,322,99964,422,100086,100,99958,100,100101,100,99955,100,100107,100,99945,100,100159,100,99935,100,100285,100,99904,100,100310,100,99877,100,100320,100,99870,100,100641,100,99841,100
2019-06-28 09:52:40.000000000,100030,543,99984,543,100043,100,99964,200,100086,100,99958,100,100101,100,99955,100,100107,100,99945,100,100159,100,99935,100,100285,100,99904,100,100310,100,99877,100,100320,100,99870,100,100641,100,99841,100
2019-06-28 09:52:47.535233758,100030,543,99984,543,100043,100,99964,200,100086,100,99958,100,100101,100,99955,100,100107,100,99945,100,100159,100,99935,100,100285,100,99904,100,100310,100,99877,100,100320,100,99870,100,100641,100,99854,100
2019-06-28 09:52:50.000000000,100030,251,99984,251,100043,246,99964,346,100086,246,99958,246,100101,100,99955,100,100107,100,99945,100,100159,100,99935,100,100285,100,99904,100,100310,100,99877,100,100320,100,99870,100,100641,100,99854,100
2019-06-28 09:53:00.000000000,100030,189,99984,189,100043,189,99964,289,100086,189,99958,189,100101,189,99955,189,100107,189,99945,189,100159,100,99935,100,100285,100,99904,100,100310,100,99877,100,100320,100,99870,100,100641,100,99854,100
2019-06-28 09:53:10.000000000,100030,251,99984,251,100043,246,99964,346,100086,246,99958,246,100101,100,99955,100,100107,100,99945,100,100159,100,99935,100,100285,100,99904,100,100310,100,99877,100,100320,100,99870,100,100641,100,99854,100
2019-06-28 09:53:20.000000000,100030,322,99984,322,100043,322,99964,422,100086,100,99958,100,100101,100,99955,100,100107,100,99945,100,100159,100,99935,100,100285,100,99904,100,100310,100,99877,100,100320,100,99870,100,100641,100,99854,100
2019-06-28 09:53:25.476849163,100030,322,99984,222,100043,322,99964,422,100086,100,99958,100,100101,100,99955,100,100107,100,99945,100,100159,100,99935,100,100285,100,99904,100,100310,100,99877,100,100320,100,99870,100,100641,100,99854,100
2019-06-28 09:53:26.147188076,100030,322,99984,122,100043,322,99964,422,100086,100,99955,100,100101,100,99945,100,100107,100,99935,100,100159,100,99904,100,100285,100,99877,100,100310,100,99870,100,100320,100,99854,100,100641,100,99841,100
2019-06-28 09:53:29.143534295,100030,322,99984,22,100043,322,99964,422,100086,100,99955,100,100101,100,99945,100,100107,100,99935,100,100159,100,99904,100,100285,100,99877,100,100310,100,99870,100,100320,100,99854,100,100641,100,99841,100
2019-06-28 09:53:30.000000000,100030,543,99964,643,100043,100,99955,100,100086,100,99945,100,100101,100,99935,100,100107,100,99904,100,100159,100,99877,100,100285,100,99870,100,100310,100,99854,100,100320,100,99841,100,100641,100,99793,100
2019-06-28 09:53:40.000000000,100030,322,99964,422,100043,322,99955,322,100086,100,99945,100,100101,100,99935,100,100107,100,99904,100,100159,100,99877,100,100285,100,99870,100,100310,100,99854,100,100320,100,99841,100,100641,100,99793,100
2019-06-28 09:53:50.000000000,100030,251,99964,351,100043,246,99955,246,100086,246,99945,246,100101,100,99935,100,100107,100,99904,100,100159,100,99877,100,100285,100,99870,100,100310,100,99854,100,100320,100,99841,100,100641,100,99793,100
2019-06-28 09:53:57.100842286,100030,251,99964,251,100043,246,99955,246,100086,246,99945,246,100101,100,99935,100,100107,100,99904,100,100159,100,99877,100,100285,100,99870,100,100310,100,99854,100,100320,100,99841,100,100641,100,99793,100
2019-06-28 09:54:00.000000000,100030,543,99964,543,100043,100,99955,100,100086,100,99945,100,100101,100,99935,100,100107,100,99904,100,100159,100,99877,100,100285,100,99870,100,100310,100,99854,100,100320,100,99841,100,100641,100,99793,100
2019-06-28 09:54:10.000000000,100030,189,99964,189,100043,189,99955,189,100086,189,99945,189,100101,189,99935,189,100107,189,99904,189,100159,100,99877,100,100285,100,99870,100,100310,100,99854,100,100320,100,99841,100,100641,100,99793,100
2019-06-28 09:54:16.961443620,100030,189,99964,89,100043,189,99955,189,100086,189,99945,189,100101,189,99935,189,100107,189,99904,189,100159,100,99877,100,100285,100,99870,100,100310,100,99854,100,100320,100,99841,100,100641,100,99793,100
2019-06-28 09:54:20.000000000,100030,322,99955,322,100043,322,99945,322,100086,100,99935,100,100101,100,99904,100,100107,100,99877,100,100159,100,99870,100,100285,100,99854,100,100310,100,99841,100,100320,100,99793,100,100641,100,99763,100
2019-06-28 09:54:23.290604139,99964,100,99955,322,100030,322,99945,322,100043,322,99935,100,100086,100,99904,100,100101,100,99877,100,100107,100,99870,100,100159,100,99854,100,100285,100,99841,100,100310,100,99793,100,100320,100,99763,100
2019-06-28 09:54:25.481608549,99964,100,99955,322,100030,322,99945,322,100043,322,99935,100,100086,100,99904,100,100101,100,99877,100,100107,100,99870,100,100159,100,99854,100,100285,100,99841,100,100310,100,99793,100,100320,100,99763,100
2019-06-28 09:54:30.000000000,99964,543,99955,543,100030,100,99945,100,100043,100,99935,100,100086,100,99904,100,100101,100,99877,100,100107,100,99870,100,100159,100,99854,100,100285,100,99841,100,100310,100,99793,100,100320,100,99763,100
2019-06-28 09:54:40.000000000,99964,251,99955,251,100030,246,99945,246,100043,246,99935,246,100086,100,99904,100,100101,100,99877,100,100107,100,99870,100,100159,100,99854,100,100285,100,99841,100,100310,100,99793,100,100320,100,99763,100
2019-06-28 09:54:43.330263678,99964,251,99959,100,100030,246,99955,251,100043,246,99945,246,100086,100,99935,246,100101,100,99904,100,100107,100,99877,100,100285,100,99870,100,100310,100,99854,100,100320,100,99841,100,100641,100,99793,100
2019-06-28 09:54:47.819813717,99964,151,99959,100,100030,246,99955,251,100043,246,99945,246,100086,100,99935,246,100101,100,99904,100,100107,100,99877,100,100285,100,99870,100,100310,100,99854,100,100320,100,99841,100,100641,100,99793,100
2019-06-28 09:54:50.000000000,100030,251,99959,251,100043,246,99955,246,100086,246,99945,246,100101,100,99935,100,100107,100,99904,100,100285,100,99877,100,100310,100,99870,100,100320,100,99854,100,100641,100,99841,100,100729,100,99793,100
2019-06-28 09:54:53.102150414,100030,251,99959,251,100043,246,99955,246,100086,246,99945,246,100101,100,99935,100,100107,100,99904,100,100166,100,99877,100,100285,100,99870,100,100310,100,99854,100,100320,100,99841,100,100641,100,99793,100
2019-06-28 09:54:54.111097035,100030,251,99965,100,100043,246,99959,251,100086,246,99955,246,100101,100,99945,246,100107,100,99935,100,100166,100,99904,100,100285,100,99877,100,100310,100,99870,100,100320,100,99854,100,100641,100,99841,100
2019-06-28 09:55:00.000000000,100030,322,99965,322,100043,322,99959,322,100086,100,99955,100,100101,100,99945,100,100107,100,99935,100,100166,100,99904,100,100285,100,99877,100,100310,100,99870,100,100320,100,99854,100,100641,100,99841,100
2019-06-28 09:55:10.000000000,100030,211,99965,211,100043,211,99959,211,100086,211,99955,211,100101,211,99945,211,100107,100,99935,100,100166,100,99904,100,100285,100,99877,100,100310,100,99870,100,100320,100,99854,100,100641,100,99841,100
2019-06-28 09:55:16.296429868,100030,211,99965,211,100043,211,99959,211,100086,211,99955,211,100101,111,99945,211,100107,100,99935,100,100166,100,99904,100,100285,100,99877,100,100310,100,99870,100,100320,100,99854,100,100641,100,99841,100
2019-06-28 09:55:20.000000000,100030,189,99965,189,100043,189,99959,189,100086,189,99955,189,100107,189,99945,189,100166,189,99935,189,100285,100,99904,100,100310,100,99877,100,100320,100,99870,100,100641,100,99854,100,100729,100,99841,100
2019-06-28 09:55:30.000000000,100030,251,99965,251,100043,246,99959,246,100086,246,99955,246,100107,100,99945,100,100166,100,99935,100,100285,100,99904,100,100310,100,99877,100,100320,100,99870,100,100641,100,99854,100,100729,100,99841,100
2019-06-28 09:55:40.000000000,100030,543,99965,543,100043,100,99959,100,100086,100,99955,100,100107,100,99945,100,100166,100,99935,100,100285,100,99904,100,100310,100,99877,100,100320,100,99870,100,100641,100,99854,100,100729,100,99841,100
2019-06-28 09:55:41.291807545,100030,543,99965,543,100043,100,99959,100,100086,100,99955,100,100107,100,99945,100,100166,100,99935,100,100285,100,99904,100,100310,100,99877,100,100320,100,99870,100,100641,100,99854,100,100729,100,99841,100
2019-06-28 09:55:44.040020471,100030,543,99965,443,100043,100,99959,100,100107,100,99955,100,100166,100,99945,100,100285,100,99935,100,100310,100,99904,100,100320,100,99877,100,100641,100,99870,100,100729,100,99854,100,100790,100,99841,100
2019-06-28 09:55:49.245098862,100030,543,99965,443,100043,100,99959,100,100107,100,99955,100,100166,100,99945,100,100285,100,99935,100,100310,100,99904,100,100320,100,99877,100,100641,100,99870,100,100729,100,99854,100,100790,100,99841,100
2019-06-28 09:55:50.000000000,100030,211,99959,211,100043,211,99955,211,100107,211,99945,211,100166,211,99935,211,100285,100,99904,100,100310,100,99877,100,100320,100,99870,100,100641,100,99854,100,100729,100,99841,100,100790,100,99793,100
2019-06-28 09:56:00.000000000,100030,211,99959,211,100043,211,99955,211,100107,211,99945,211,100166,211,99935,211,100285,100,99904,100,100310,100,99877,100,100320,100,99870,100,100641,100,99854,100,100729,100,99841,100,100790,100,99793,100
2019-06-28 09:56:10.000000000,100030,543,99959,543,100043,100,99955,100,100107,100,99945,100,100166,100,99935,100,100285,100,99904,100,100310,100,99877,100,100320,100,99870,100,100641,100,99854,100,100729,100,99841,100,100790,100,99793,100
2019-06-28 09:56:12.480450624,100030,543,99959,443,100043,100,99955,100,100107,100,99945,100,100166,100,99935,100,100285,100,99904,100,100310,100,99877,100,100320,100,99870,100,100729,100,99854,100,100790,100,99841,100,100848,100,99793,100
2019-06-28 09:56:20.000000000,100030,251,99955,251,100043,246,99945,246,100107,246,99935,246,100166,100,99904,100,100285,100,99877,100,100310,100,99870,100,100320,100,99854,100,100729,100,99841,100,100790,100,99793,100,100848,100,99706,100
2019-06-28 09:56:30.000000000,100030,322,99955,322,100043,322,99945,322,100107,100,99935,100,100166,100,99904,100,100285,100,99877,100,100310,100,99870,100,100320,100,99854,100,100729,100,99841,100,100790,100,99793,100,100848,100,99706,100
2019-06-28 09:56:40.000000000,100030,189,99955,189,100043,189,99945,189,100107,189,99935,189,100166,189,99904,189,100285,189,99877,189,100310,100,99870,100,100320,100,99854,100,100729,100,99841,100,100790,100,99793,100,100848,100,99706,100
2019-06-28 09:56:50.000000000,100030,251,99955,251,100043,246,99945,246,100107,246,99935,246,100166,100,99904,100,100285,100,99877,100,100310,100,99870,100,100320,100,99854,100,100729,100,99841,100,100790,100,99793,100,100848,100,99706,100
2019-06-28 09:57:00.000000000,100030,189,99955,189,100043,189,99945,189,100107,189,99935,189,100166,189,99904,189,100285,189,99877,189,100310,100,99870,100,100320,100,99854,100,100729,100,99841,100,100790,100,99793,100,100848,100,99706,100
2019-06-28 09:57:00.354426194,100030,89,99955,189,100043,189,99945,189,100107,189,99935,189,100166,189,99904,189,100285,189,99877,189,100310,100,99870,100,100320,100,99854,100,100729,100,99793,100,100790,100,99706,100,100848,100,99704,100
2019-06-28 09:57:10.000000000,100043,211,99955,211,100107,211,99945,211,100166,211,99935,211,100285,211,99904,211,100310,100,99877,100,100320,100,99870,100,100729,100,99854,100,100790,100,99793,100,100848,100,99706,100,101216,100,99704,100
2019-06-28 09:57:15.386450589,100043,111,99955,211,100107,211,99945,211,100166,211,99935,211,100285,211,99904,211,100310,100,99877,100,100320,100,99870,100,100729,100,99854,100,100790,100,99793,100,100848,100,99706,100,101216,100,99704,100
2019-06-28 09:57:20.000000000,100107,189,99955,189,100166,189,99945,189,100285,189,99935,189,100310,189,99904,189,100320,189,99877,189,100729,100,99870,100,100790,100,99854,100,100848,100,99793,100,101216,100,99706,100,101407,100,99704,100
2019-06-28 09:57:30.000000000,100107,322,99955,322,100166,322,99945,322,100285,100,99935,100,100310,100,99904,100,100320,100,99877,100,100729,100,99870,100,100790,100,99854,100,100848,100,99793,100,101216,100,99706,100,101407,100,99704,100
2019-06-28 09:57:30.593482239,100107,322,100030,100,100166,322,99955,322,100285,100,99945,322,100310,100,99935,100,100320,100,99904,100,100729,100,99877,100,100790,100,99870,100,100848,100,99854,100,101216,100,99793,100,101407,100,99706,100
2019-06-28 09:57:31.882847561,100107,322,100030,200,100166,322,99955,322,100285,100,99945,322,100310,100,99935,100,100320,100,99904,100,100729,100,99877,100,100790,100,99870,100,100848,100,99854,100,101216,100,99793,100,101407,100,99706,100
2019-06-28 09:57:40.000000000,100107,543,100030,643,100166,100,99955,100,100285,100,99945,100,100310,100,99935,100,100320,100,99904,100,100729,100,99877,100,100790,100,99870,100,100848,100,99854,100,101216,100,99793,100,101407,100,99706,100
2019-06-28 09:57:50.000000000,100107,189,100030,289,100166,189,99955,189,100285,189,99945,189,100310,189,99935,189,100320,189,99904,189,100729,100,99877,100,100790,100,99870,100,100848,100,99854,100,101216,100,99793,100,101407,100,99706,100
2019-06-28 09:58:00.000000000,100107,189,100030,289,100166,189,99955,189,100285,189,99945,189,100310,189,99935,189,100320,189,99904,189,100729,100,99877,100,100790,100,99870,100,100848,100,99854,100,101216,100,99793,100,101407,100,99706,100
2019-06-28 09:58:10.000000000,100107,251,100030,351,100166,246,99955,246,100285,246,99945,246,100310,100,99935,100,100320,100,99904,100,100729,100,99877,100,100790,100,99870,100,100848,100,99854,100,101216,100,99793,100,101407,100,99706,100
2019-06-28 09:58:11.364188817,100107,251,100030,351,100166,246,99955,246,100285,146,99945,246,100310,100,99935,100,100320,100,99904,100,100702,100,99877,100,100729,100,99870,100,100790,100,99854,100,100848,100,99793,100,101216,100,99706,100
2019-06-28 09:58:12.054384003,100107,151,100030,351,100166,246,99955,246,100285,146,99945,246,100310,100,99935,100,100320,100,99904,100,100702,100,99877,100,100729,100,99870,100,100790,100,99854,100,100838,100,99793,100,100848,100,99706,100
2019-06-28 09:58:20.000000000,100166,322,100030,422,100310,322,99955,322,100320,100,99945,100,100702,100,99935,100,100729,100,99904,100,100790,100,99877,100,100838,100,99870,100,100848,100,99854,100,101216,100,99793,100,101407,100,99706,100
2019-06-28 09:58:20.502245557,100166,322,100030,422,100310,322,99955,222,100320,100,99945,100,100702,100,99935,100,100729,100,99904,100,100790,100,99877,100,100838,100,99870,100,100848,100,99854,100,100865,100,99793,100,101216,100,99706,100
2019-06-28 09:58:24.253316936,100166,122,100030,422,100310,322,99955,222,100320,100,99945,100,100702,100,99935,100,100729,100,99904,100,100790,100,99877,100,100838,100,99870,100,100848,100,99854,100,100865,100,99793,100,101216,100,99706,100
2019-06-28 09:58:30.000000000,100310,189,100030,289,100320,189,99945,189,100702,189,99935,189,100729,189,99904,189,100790,189,99877,189,100838,100,99870,100,100848,100,99854,100,100865,100,99793,100,101216,100,99706,100,101407,100,99704,100
2019-06-28 09:58:40.000000000,100310,189,100030,289,100320,189,99945,189,100702,189,99935,189,100729,189,99904,189,100790,189,99877,189,100838,100,99870,100,100848,100,99854,100,100865,100,99793,100,101216,100,99706,100,101407,100,99704,100
2019-06-28 09:58:50.000000000,100310,543,100030,643,100320,100,99945,100,100702,100,99935,100,100729,100,99904,100,100790,100,99877,100,100838,100,99870,100,100848,100,99854,100,100865,100,99793,100,101216,100,99706,100,101407,100,99704,100
2019-06-28 09:58:50.560568966,100310,543,100030,643,100320,100,99945,100,100702,100,99935,100,100729,100,99904,100,100790,100,99877,100,100811,100,99870,100,100838,100,99854,100,100848,100,99793,100,100865,100,99706,100,101216,100,99704,100
2019-06-28 09:59:00.000000000,100310,251,100030,351,100320,246,99945,246,100702,246,99935,246,100729,100,99904,100,100790,100,99877,100,100811,100,99870,100,100838,100,99854,100,100848,100,99793,100,100865,100,99706,100,101216,100,99704,100
2019-06-28 09:59:10.000000000,100310,189,100030,289,100320,189,99945,189,100702,189,99935,189,100729,189,99904,189,100790,189,99877,189,100811,100,99870,100,100838,100,99854,100,100848,100,99793,100,100865,100,99706,100,101216,100,99704,100
2019-06-28 09:59:17.352385900,100310,189,100030,289,100320,189,99945,189,100702,189,99935,189,100729,189,99904,189,100790,189,99877,189,100811,100,99870,100,100838,100,99854,100,100848,100,99793,100,100865,100,99706,100,101004,100,99704,100
2019-06-28 09:59:20.000000000,100310,251,100030,351,100320,246,99945,246,100702,246,99935,246,100729,100,99904,100,100790,100,99877,100,100811,100,99870,100,100838,100,99854,100,100848,100,99793,100,100865,100,99706,100,101004,100,99704,100
2019-06-28 09:59:21.562218835,100310,251,100043,100,100320,246,100030,351,100702,246,99945,246,100729,100,99935,246,100790,100,99904,100,100811,100,99877,100,100838,100,99870,100,100848,100,99854,100,100865,100,99793,100,101004,100,99706,100
2019-06-28 09:59:30.000000000,100310,251,100043,251,100320,246,100030,346,100702,246,99945,246,100729,100,99935,100,100790,100,99904,100,100811,100,99877,100,100838,100,99870,100,100848,100,99854,100,100865,100,99793,100,101004,100,99706,100
2019-06-28 09:59:40.000000000,100310,322,100043,322,100320,322,100030,422,100702,100,99945,100,100729,100,99935,100,100790,100,99904,100,100811,100,99877,100,100838,100,99870,100,100848,100,99854,100,100865,100,99793,100,101004,100,99706,100
2019-06-28 09:59:47.346011979,100310,222,100043,322,100320,322,100030,422,100702,100,99945,100,100729,100,99935,100,100790,100,99904,100,100811,100,99877,100,100838,100,99870,100,100848,100,99854,100,100865,100,99793,100,101004,100,99706,100
2019-06-28 09:59:50.000000000,100320,211,100043,211,100702,211,100030,311,100729,211,99945,211,100790,211,99935,211,100811,100,99904,100,100838,100,99877,100,100848,100,99870,100,100865,100,99854,100,101004,100,99793,100,101216,100,99706,100
2019-06-28 10:00:00.000000000,100320,543,100043,543,100702,100,100030,200,100729,100,99945,100,100790,100,99935,100,100811,100,99904,100,100838,100,99877,100,100848,100,99870,100,100865,100,99854,100,101004,100,99793,100,101216,100,99706,100
2019-06-28 10:00:10.000000000,100320,543,100043,543,100702,100,100030,200,100729,100,99945,100,100790,100,99935,100,100811,100,99904,100,100838,100,99877,100,100848,100,99870,100,100865,100,99854,100,101004,100,99793,100,101216,100,99706,100
2019-06-28 10:00:20.000000000,100320,322,100043,322,100702,322,100030,422,100729,100,99945,100,100790,100,99935,100,100811,100,99904,100,100838,100,99877,100,100848,100,99870,100,100865,100,99854,100,101004,100,99793,100,101216,100,99706,100
2019-06-28 10:00:23.766795247,100320,322,100043,322,100543,100,100030,422,100702,322,99945,100,100729,100,99935,100,100790,100,99904,100,100811,100,99877,100,100838,100,99870,100,100848,100,99854,100,100865,100,99793,100,101004,100,99706,100
2019-06-28 10:00:30.000000000,100320,211,100043,211,100543,211,100030,311,100702,211,99945,211,100729,211,99935,211,100790,100,99904,100,100811,100,99877,100,100838,100,99870,100,100848,100,99854,100,100865,100,99793,100,101004,100,99706,100
2019-06-28 10:00:35.939200663,100320,111,100043,211,100543,211,100030,311,100702,211,99945,211,100729,211,99935,211,100790,100,99904,100,100811,100,99877,100,100838,100,99870,100,100848,100,99854,100,100865,100,99793,100,101004,100,99706,100
2019-06-28 10:00:36.240770027,100320,111,100043,211,100543,211,100030,311,100702,211,99945,211,100729,211,99935,211,100790,100,99904,100,100811,100,99877,100,100838,100,99870,100,100848,100,99854,100,100857,100,99793,100,100865,100,99706,100
2019-06-28 10:00:40.000000000,100543,322,100043,322,100702,322,100030,422,100729,100,99945,100,100790,100,99935,100,100811,100,99904,100,100838,100,99877,100,100848,100,99870,100,100857,100,99854,100,100865,100,99793,100,101004,100,99706,100
2019-06-28 10:00:45.535314926,100543,322,100310,100,100702,322,100043,322,100729,100,100030,422,100790,100,99935,100,100811,100,99904,100,100838,100,99877,100,100848,100,99870,100,100857,100,99854,100,100865,100,99793,100,101004,100,99706,100
2019-06-28 10:00:50.000000000,100543,543,100310,543,100702,100,100043,100,100729,100,100030,200,100790,100,99935,100,100811,100,99904,100,100838,100,99877,100,100848,100,99870,100,100857,100,99854,100,100865,100,99793,100,101004,100,99706,100
2019-06-28 10:01:00.000000000,100543,251,100310,251,100702,246,100043,246,100729,246,100030,346,100790,100,99935,100,100811,100,99904,100,100838,100,99877,100,100848,100,99870,100,100857,100,99854,100,100865,100,99793,100,101004,100,99706,100
2019-06-28 10:01:01.252448222,100543,251,100310,251,100702,246,100043,246,100729,246,100030,346,100753,100,99935,100,100790,100,99904,100,100811,100,99877,100,100838,100,99870,100,100848,100,99854,100,100857,100,99793,100,100865,100,99706,100
2019-06-28 10:01:10.000000000,100543,211,100310,211,100702,211,100043,211,100729,211,100030,311,100753,211,99935,211,100790,100,99904,100,100811,100,99877,100,100838,100,99870,100,100848,100,99854,100,100857,100,99793,100,100865,100,99706,100
2019-06-28 10:01:20.000000000,100543,251,100310,251,100702,246,100043,246,100729,246,100030,346,100753,100,99935,100,100790,100,99904,100,100811,100,99877,100,100838,100,99870,100,100848,100,99854,100,100857,100,99793,100,100865,100,99706,100
2019-06-28 10:01:25.532055519,100543,251,100435,100,100702,246,100310,251,100729,246,100043,246,100753,100,100030,346,100790,100,99935,100,100811,100,99904,100,100838,100,99877,100,100848,100,99870,100,100857,100,99854,100,100865,100,99793,100
2019-06-28 10:01:30.000000000,100543,211,100435,211,100702,211,100310,211,100729,211,100043,211,100753,211,100030,311,100790,100,99935,100,100811,100,99904,100,100838,100,99877,100,100848,100,99870,100,100857,100,99854,100,100865,100,99793,100
2019-06-28 10:01:39.402163637,100543,211,100454,100,100702,211,100435,211,100729,211,100310,211,100753,211,100043,211,100790,100,100030,311,100811,100,99935,100,100838,100,99904,100,100848,100,99877,100,100857,100,99870,100,100865,100,99854,100
2019-06-28 10:01:40.000000000,100543,251,100454,251,100702,246,100435,246,100729,246,100310,246,100753,100,100043,100,100790,100,100030,200,100811,100,99935,100,100838,100,99904,100,100848,100,99877,100,100857,100,99870,100,100865,100,99854,100
2019-06-28 10:01:50.000000000,100543,543,100454,543,100702,100,100435,100,100729,100,100310,100,100753,100,100043,100,100790,100,100030,200,100811,100,99935,100,100838,100,99904,100,100848,100,99877,100,100857,100,99870,100,100865,100,99854,100
2019-06-28 10:02:00.000000000,100543,322,100454,322,100702,322,100435,322,100729,100,100310,100,100753,100,100043,100,100790,100,100030,200,100811,100,99935,100,100838,100,99904,100,100848,100,99877,100,100857,100,99870,100,100865,100,99854,100
2019-06-28 10:02:01.066221477,100543,222,100454,322,100702,322,100435,322,100729,100,100310,100,100753,100,100043,100,100790,100,100030,200,100811,100,99935,100,100838,100,99904,100,100857,100,99877,100,100865,100,99870,100,101004,100,99854,100
2019-06-28 10:02:10.000000000,100702,189,100454,189,100729,189,100435,189,100753,189,100310,189,100790,189,100043,189,100811,189,100030,289,100838,100,99935,100,100857,100,99904,100,100865,100,99877,100,101004,100,99870,100,101216,100,99854,100
2019-06-28 10:02:20.000000000,100702,251,100454,251,100729,246,100435,246,100753,246,100310,246,100790,100,100043,100,100811,100,100030,200,100838,100,99935,100,100857,100,99904,100,100865,100,99877,100,101004,100,99870,100,101216,100,99854,100
2019-06-28 10:02:30.000000000,100702,189,100454,189,100729,189,100435,189,100753,189,100310,189,100790,189,100043,189,100811,189,100030,289,100838,100,99935,100,100857,100,99904,100,100865,100,99877,100,101004,100,99870,100,101216,100,99854,100
2019-06-28 10:02:40.000000000,100702,322,100454,322,100729,322,100435,322,100753,100,100310,100,100790,100,100043,100,100811,100,100030,200,100838,100,99935,100,100857,100,99904,100,100865,100,99877,100,101004,100,99870,100,101216,100,99854,100
2019-06-28 10:02:50.000000000,100702,251,100454,251,100729,246,100435,246,100753,246,100310,246,100790,100,100043,100,100811,100,100030,200,100838,100,99935,100,100857,100,99904,100,100865,100,99877,100,101004,100,99870,100,101216,100,99854,100
2019-06-28 10:03:00.000000000,100702,322,100454,322,100729,322,100435,322,100753,100,100310,100,100790,100,100043,100,100811,100,100030,200,100838,100,99935,100,100857,100,99904,100,100865,100,99877,100,101004,100,99870,100,101216,100,99854,100
2019-06-28 10:03:10.000000000,100702,322,100454,322,100729,322,100435,322,100753,100,100310,100,100790,100,100043,100,100811,100,100030,200,100838,100,99935,100,100857,100,99904,100,100865,100,99877,100,101004,100,99870,100,101216,100,99854,100
2019-06-28 10:03:16.095398512,100702,322,100454,222,100729,322,100435,222,100753,100,100310,100,100790,100,100043,100,100811,100,100030,200,100838,100,99935,100,100857,100,99904,100,100865,100,99877,100,101004,100,99870,100,101216,100,99854,100
2019-06-28 10:03:20.000000000,100702,322,100310,322,100729,322,100043,322,100753,100,100030,200,100790,100,99935,100,100811,100,99904,100,100838,100,99877,100,100857,100,99870,100,100865,100,99854,100,101004,100,99793,100,101216,100,99706,100
2019-06-28 10:03:26.549420227,100491,100,100310,322,100702,322,100043,322,100729,322,100030,200,100753,100,99935,100,100790,100,99904,100,100811,100,99877,100,100838,100,99870,100,100857,100,99854,100,100865,100,99793,100,101004,100,99706,100
2019-06-28 10:03:30.000000000,100491,211,100310,211,100702,211,100043,211,100729,211,100030,311,100753,211,99935,211,100790,100,99904,100,100811,100,99877,100,100838,100,99870,100,100857,100,99854,100,100865,100,99793,100,101004,100,99706,100
2019-06-28 10:03:40.000000000,100491,322,100310,322,100702,322,100043,322,100729,100,100030,200,100753,100,99935,100,100790,100,99904,100,100811,100,99877,100,100838,100,99870,100,100857,100,99854,100,100865,100,99793,100,101004,100,99706,100
2019-06-28 10:03:50.000000000,100491,543,100310,543,100702,100,100043,100,100729,100,100030,200,100753,100,99935,100,100790,100,99904,100,100811,100,99877,100,100838,100,99870,100,100857,100,99854,100,100865,100,99793,100,101004,100,99706,100
2019-06-28 10:04:00.000000000,100491,251,100310,251,100702,246,100043,246,100729,246,100030,346,100753,100,99935,100,100790,100,99904,100,100811,100,99877,100,100838,100,99870,100,100857,100,99854,100,100865,100,99793,100,101004,100,99706,100
2019-06-28 10:04:03.687699500,100491,151,100310,251,100702,246,100043,246,100729,246,100030,346,100753,100,99935,100,100790,100,99904,100,100811,100,99877,100,100838,100,99870,100,100857,100,99854,100,100865,100,99793,100,101004,100,99706,100
2019-06-28 10:04:06.379115766,100491,151,100310,251,100653,100,100043,246,100702,246,100030,346,100729,246,99935,100,100753,100,99904,100,100790,100,99877,100,100811,100,99870,100,100838,100,99854,100,100857,100,99793,100,100865,100,99706,100
2019-06-28 10:04:08.695019834,100491,151,100310,251,100495,100,100043,246,100653,100,100030,346,100702,246,99935,100,100729,246,99904,100,100753,100,99877,100,100790,100,99870,100,100811,100,99854,100,100838,100,99793,100,100857,100,99706,100
2019-06-28 10:04:10.000000000,100495,251,100310,251,100653,246,100043,246,100702,246,100030,346,100729,100,99935,100,100753,100,99904,100,100790,100,99877,100,100811,100,99870,100,100838,100,99854,100,100857,100,99793,100,100865,100,99706,100
2019-06-28 10:04:20.000000000,100495,211,100310,211,100653,211,100043,211,100702,211,100030,311,100729,211,99935,211,100753,100,99904,100,100790,100,99877,100,100811,100,99870,100,100838,100,99854,100,100857,100,99793,100,100865,100,99706,100
2019-06-28 10:04:30.000000000,100495,251,100310,251,100653,246,100043,246,100702,246,100030,346,100729,100,99935,100,100753,100,99904,100,100790,100,99877,100,100811,100,99870,100,100838,100,99854,100,100857,100,99793,100,100865,100,99706,100
2019-06-28 10:04:40.000000000,100495,251,100310,251,100653,246,100043,246,100702,246,100030,346,100729,100,99935,100,100753,100,99904,100,100790,100,99877,100,100811,100,99870,100,100838,100,99854,100,100857,100,99793,100,100865,100,99706,100
2019-06-28 10:04:46.986003087,100495,251,100310,151,100653,246,100043,246,100702,246,100030,346,100729,100,99935,100,100753,100,99904,100,100790,100,99877,100,100811,100,99870,100,100838,100,99854,100,100857,100,99793,100,100865,100,99704,100
2019-06-28 10:04:50.000000000,100495,211,100043,211,100653,211,100030,311,100702,211,99935,211,100729,211,99904,211,100753,100,99877,100,100790,100,99870,100,100811,100,99854,100,100838,100,99793,100,100857,100,99704,100,100865,100,99568,100
2019-06-28 10:05:00.000000000,100495,251,100043,251,100653,246,100030,346,100702,246,99935,246,100729,100,99904,100,100753,100,99877,100,100790,100,99870,100,100811,100,99854,100,100838,100,99793,100,100857,100,99704,100,100865,100,99568,100
2019-06-28 10:05:06.520101227,100495,251,100043,251,100549,100,100030,346,100653,246,99935,246,100702,246,99904,100,100729,100,99877,100,100753,100,99870,100,100790,100,99854,100,100811,100,99793,100,100838,100,99704,100,100857,100,99568,100
2019-06-28 10:05:10.000000000,100495,322,100043,322,100549,322,100030,422,100653,100,99935,100,100702,100,99904,100,100729,100,99877,100,100753,100,99870,100,100790,100,99854,100,100811,100,99793,100,100838,100,99704,100,100857,100,99568,100
2019-06-28 10:05:20.000000000,100495,189,100043,189,100549,189,100030,289,100653,189,99935,189,100702,189,99904,189,100729,189,99877,189,100753,100,99870,100,100790,100,99854,100,100811,100,99793,100,100838,100,99704,100,100857,100,99568,100
2019-06-28 10:05:30.000000000,100495,251,100043,251,100549,246,100030,346,100653,246,99935,246,100702,100,99904,100,100729,100,99877,100,100753,100,99870,100,100790,100,99854,100,100811,100,99793,100,100838,100,99704,100,100857,100,99568,100
2019-06-28 10:05:31.796648473,100495,251,100163,100,100549,246,100043,251,100653,246,100030,346,100702,100,99935,246,100729,100,99904,100,100753,100,99877,100,100790,100,99870,100,100811,100,99854,100,100838,100,99793,100,100857,100,99704,100
2019-06-28 10:05:33.981860887,100323,100,100163,100,100495,251,100043,251,100549,246,100030,346,100653,246,99935,246,100702,100,99904,100,100729,100,99877,100,100753,100,99870,100,100790,100,99854,100,100811,100,99793,100,100838,100,99704,100
2019-06-28 10:05:40.000000000,100323,211,100163,211,100495,211,100043,211,100549,211,100030,311,100653,211,99935,211,100702,100,99904,100,100729,100,99877,100,100753,100,99870,100,100790,100,99854,100,100811,100,99793,100,100838,100,99704,100
2019-06-28 10:05:41.827452812,100323,211,100163,211,100495,211,100147,100,100549,211,100043,211,100653,211,100030,311,100702,100,99935,211,100729,100,99904,100,100753,100,99877,100,100790,100,99870,100,100811,100,99854,100,100838,100,99793,100
2019-06-28 10:05:50.000000000,100323,322,100163,322,100495,322,100147,322,100549,100,100043,100,100653,100,100030,200,100702,100,99935,100,100729,100,99904,100,100753,100,99877,100,100790,100,99870,100,100811,100,99854,100,100838,100,99793,100
2019-06-28 10:06:00.000000000,100323,322,100163,322,100495,322,100147,322,100549,100,100043,100,100653,100,100030,200,100702,100,99935,100,100729,100,99904,100,100753,100,99877,100,100790,100,99870,100,100811,100,99854,100,100838,100,99793,100
2019-06-28 10:06:10.000000000,100323,211,100163,211,100495,211,100147,211,100549,211,100043,211,100653,211,100030,311,100702,100,99935,100,100729,100,99904,100,100753,100,99877,100,100790,100,99870,100,100811,100,99854,100,100838,100,99793,100
2019-06-28 10:06:10.321858762,100323,211,100163,211,100495,211,100147,211,100549,211,100043,211,100653,211,100030,311,100702,100,99935,100,100729,100,99904,100,100753,100,99877,100,100790,100,99870,200,100811,100,99854,100,100838,100,99793,100
2019-06-28 10:06:16.695533990,100323,211,100163,111,100495,211,100147,211,100549,211,100043,211,100653,211,100030,311,100702,100,99935,100,100729,100,99904,100,100753,100,99877,100,100790,100,99870,200,100811,100,99854,100,100838,100,99793,100
2019-06-28 10:06:20.000000000,100323,322,100147,322,100495,322,100043,322,100549,100,100030,200,100653,100,99935,100,100702,100,99904,100,100729,100,99877,100,100753,100,99870,200,100790,100,99854,100,100811,100,99793,100,100838,100,99704,100
2019-06-28 10:06:30.000000000,100323,251,100147,251,100495,246,100043,246,100549,246,100030,346,100653,100,99935,100,100702,100,99904,100,100729,100,99877,100,100753,100,99870,200,100790,100,99854,100,100811,100,99793,100,100838,100,99704,100
2019-06-28 10:06:37.909291509,100323,251,100147,251,100495,246,100043,246,100549,246,100030,346,100653,100,99935,100,100702,100,99904,100,100729,100,99877,100,100753,100,99870,200,100811,100,99854,100,100838,100,99793,100,100857,100,99704,100
2019-06-28 10:06:40.000000000,100323,322,100147,322,100495,322,100043,322,100549,100,100030,200,100653,100,99935,100,100702,100,99904,100,100729,100,99877,100,100753,100,99870,200,100811,100,99854,100,100838,100,99793,100,100857,100,99704,100
2019-06-28 10:06:46.059910941,100323,322,100147,322,100495,322,100043,322,100549,100,100030,200,100653,100,99935,100,100702,100,99904,100,100729,100,99877,100,100753,100,99870,200,100838,100,99854,100,100857,100,99793,100,100865,100,99704,100
2019-06-28 10:06:50.000000000,100323,251,100147,251,100495,246,100043,246,100549,246,100030,346,100653,100,99935,100,100702,100,99904,100,100729,100,99877,100,100753,100,99870,200,100838,100,99854,100,100857,100,99793,100,100865,100,99704,100
2019-06-28 10:07:00.000000000,100323,189,100147,189,100495,189,100043,189,100549,189,100030,289,100653,189,99935,189,100702,189,99904,189,100729,100,99877,100,100753,100,99870,200,100838,100,99854,100,100857,100,99793,100,100865,100,99704,100
2019-06-28 10:07:02.340751214,100323,189,100147,89,100495,89,100043,189,100549,189,100030,289,100653,189,99935,189,100702,189,99904,189,100729,100,99877,100,100753,100,99870,200,100838,100,99854,100,100857,100,99793,100,100865,100,99704,100
2019-06-28 10:07:10.000000000,100323,251,100043,251,100549,246,100030,346,100653,246,99935,246,100702,100,99904,100,100729,100,99877,100,100753,100,99870,200,100838,100,99854,100,100857,100,99793,100,100865,100,99704,100,101216,100,99568,100
2019-06-28 10:07:17.723489221,100323,251,100043,151,100549,246,100030,346,100653,246,99935,246,100702,100,99904,100,100729,100,99877,100,100753,100,99870,100,100838,100,99854,100,100857,100,99793,100,100865,100,99704,100,101216,100,99568,100
2019-06-28 10:07:18.978048246,100147,100,100043,151,100323,251,100030,346,100549,246,99935,246,100653,246,99904,100,100702,100,99877,100,100729,100,99870,100,100753,100,99854,100,100838,100,99793,100,100857,100,99704,100,100865,100,99568,100
2019-06-28 10:07:20.000000000,100147,211,100030,311,100323,211,99935,211,100549,211,99904,211,100653,211,99877,211,100702,100,99870,100,100729,100,99854,100,100753,100,99793,100,100838,100,99704,100,100857,100,99568,100,100865,100,99509,100
2019-06-28 10:07:30.000000000,100147,543,100030,643,100323,100,99935,100,100549,100,99904,100,100653,100,99877,100,100702,100,99870,100,100729,100,99854,100,100753,100,99793,100,100838,100,99704,100,100857,100,99568,100,100865,100,99509,100
2019-06-28 10:07:37.431141607,100147,543,100030,643,100323,100,99935,100,100549,100,99904,100,100653,100,99877,100,100702,100,99870,100,100729,100,99854,100,100753,100,99793,100,100838,100,99704,100,100857,100,99568,100,100865,100,99509,100
2019-06-28 10:07:40.000000000,100147,251,100030,351,100323,246,99935,246,100549,246,99904,246,100653,100,99877,100,100702,100,99870,100,100729,100,99854,100,100753,100,99793,100,100838,100,99704,100,100857,100,99568,100,100865,100,99509,100
2019-06-28 10:07:42.766020275,100147,251,100030,351,100323,246,99935,246,100549,246,99904,246,100653,100,99877,100,100702,100,99870,100,100729,100,99854,100,100753,100,99793,100,100838,100,99704,100,100857,100,99568,100,100865,100,99509,100
2019-06-28 10:07:50.000000000,100147,211,100030,311,100323,211,99935,211,100549,211,99904,211,100653,211,99877,211,100702,100,99870,100,100729,100,99854,100,100753,100,99793,100,100838,100,99704,100,100857,100,99568,100,100865,100,99509,100
2019-06-28 10:08:00.000000000,100147,322,100030,422,100323,322,99935,322,100549,100,99904,100,100653,100,99877,100,100702,100,99870,100,100729,100,99854,100,100753,100,99793,100,100838,100,99704,100,100857,100,99568,100,100865,100,99509,100
2019-06-28 10:08:10.000000000,100147,322,100030,422,100323,322,99935,322,100549,100,99904,100,100653,100,99877,100,100702,100,99870,100,100729,100,99854,100,100753,100,99793,100,100838,100,99704,100,100857,100,99568,100,100865,100,99509,100
2019-06-28 10:08:12.353735445,100147,422,100030,422,100323,322,99935,322,100549,100,99904,100,100653,100,99877,100,100702,100,99870,100,100729,100,99854,100,100753,100,99793,100,100838,100,99704,100,100857,100,99568,100,100865,100,99509,100
2019-06-28 10:08:16.650236387,100147,422,100030,422,100323,322,99935,322,100549,100,99904,100,100653,100,99877,100,100702,100,99870,100,100729,100,99793,100,100753,100,99704,100,100838,100,99568,100,100857,100,99509,100,100865,100,99400,100
2019-06-28 10:08:18.325208900,100147,422,100030,422,100323,322,99935,322,100549,100,99904,100,100653,100,99877,100,100702,100,99870,100,100729,100,99704,100,100753,100,99568,100,100838,100,99509,100,100857,100,99400,100,100865,100,99356,100
2019-06-28 10:08:20.000000000,100147,289,100030,289,100323,189,99935,189,100549,189,99904,189,100653,189,99877,189,100702,189,99870,189,100729,100,99704,100,100753,100,99568,100,100838,100,99509,100,100857,100,99400,100,100865,100,99356,100
2019-06-28 10:08:30.000000000,100147,643,100030,643,100323,100,99935,100,100549,100,99904,100,100653,100,99877,100,100702,100,99870,100,100729,100,99704,100,100753,100,99568,100,100838,100,99509,100,100857,100,99400,100,100865,100,99356,100
2019-06-28 10:08:40.000000000,100147,643,100030,643,100323,100,99935,100,100549,100,99904,100,100653,100,99877,100,100702,100,99870,100,100729,100,99704,100,100753,100,99568,100,100838,100,99509,100,100857,100,99400,100,100865,100,99356,100
2019-06-28 10:08:50.000000000,100147,643,100030,643,100323,100,99935,100,100549,100,99904,100,100653,100,99877,100,100702,100,99870,100,100729,100,99704,100,100753,100,99568,100,100838,100,99509,100,100857,100,99400,100,100865,100,99356,100
2019-06-28 10:09:00.000000000,100147,311,100030,311,100323,211,99935,211,100549,211,99904,211,100653,211,99877,211,100702,100,99870,100,100729,100,99704,100,100753,100,99568,100,100838,100,99509,100,100857,100,99400,100,100865,100,99356,100
2019-06-28 10:09:06.050525116,100147,311,100030,211,100323,211,99935,211,100549,211,99904,211,100653,211,99877,211,100702,100,99870,100,100729,100,99568,100,100753,100,99509,100,100838,100,99400,100,100857,100,99356,100,100865,100,98694,100
2019-06-28 10:09:07.052622146,100147,311,100030,111,100323,211,99935,211,100549,211,99904,211,100653,211,99877,211,100702,100,99870,100,100729,100,99568,100,100753,100,99509,100,100838,100,99400,100,100857,100,99356,100,100865,100,98694,100
2019-06-28 10:09:10.000000000,100147,643,99935,543,100323,100,99904,100,100549,100,99877,100,100653,100,99870,100,100702,100,99568,100,100729,100,99509,100,100753,100,99400,100,100838,100,99356,100,100857,100,98694,100,100865,100,98560,100
2019-06-28 10:09:20.000000000,100147,289,99935,189,100323,189,99904,189,100549,189,99877,189,100653,189,99870,189,100702,189,99568,189,100729,100,99509,100,100753,100,99400,100,100838,100,99356,100,100857,100,98694,100,100865,100,98560,100
2019-06-28 10:09:30.000000000,100147,351,99935,251,100323,246,99904,246,100549,246,99877,246,100653,100,99870,100,100702,100,99568,100,100729,100,99509,100,100753,100,99400,100,100838,100,99356,100,100857,100,98694,100,100865,100,98560,100
2019-06-28 10:09:35.257230963,100147,251,99935,251,100323,246,99904,246,100549,246,99877,246,100653,100,99870,100,100702,100,99568,100,100729,100,99509,100,100753,100,99400,100,100838,100,99356,100,100857,100,98694,100,100865,100,98560,100
2019-06-28 10:09:40.000000000,100147,251,99935,251,100323,246,99904,246,100549,246,99877,246,100653,100,99870,100,100702,100,99568,100,100729,100,99509,100,100753,100,99400,100,100838,100,99356,100,100857,100,98694,100,100865,100,98560,100
2019-06-28 10:09:50.000000000,100147,211,99935,211,100323,211,99904,211,100549,211,99877,211,100653,211,99870,211,100702,100,99568,100,100729,100,99509,100,100753,100,99400,100,100838,100,99356,100,100857,100,98694,100,100865,100,98560,100
2019-06-28 10:09:54.712769511,100147,211,99935,211,100323,211,99904,211,100549,211,99877,211,100653,211,99870,211,100702,100,99568,100,100729,100,99537,100,100753,100,99509,100,100838,100,99400,100,100857,100,99356,100,100865,100,98694,100
2019-06-28 10:10:00.000000000,100147,211,99935,211,100323,211,99904,211,100549,211,99877,211,100653,211,99870,211,100702,100,99568,100,100729,100,99537,100,100753,100,99509,100,100838,100,99400,100,100857,100,99356,100,100865,100,98694,100
