,ask_price_1,ask_size_1,bid_price_1,bid_size_1,ask_price_2,ask_size_2,bid_price_2,bid_size_2,ask_price_3,ask_size_3,bid_price_3,bid_size_3,ask_price_4,ask_size_4,bid_price_4,bid_size_4,ask_price_5,ask_size_5,bid_price_5,bid_size_5,ask_price_6,ask_size_6,bid_price_6,bid_size_6,ask_price_7,ask_size_7,bid_price_7,bid_size_7,ask_price_8,ask_size_8,bid_price_8,bid_size_8,ask_price_9,ask_size_9,bid_price_9,bid_size_9,ask_price_10,ask_size_10,bid_price_10,bid_size_10
2019-06-28 09:30:00.000000002,,,99965,100,,,,,,,,,,,,,,,,,,,,,,,,,,,,,,,,,,,,
2019-06-28 09:30:00.000000004,,,100024,100,,,99965,100,,,,,,,,,,,,,,,,,,,,,,,,,,,,,,,,
2019-06-28 09:30:00.000000005,,,100024,100,,,100006,100,,,99965,100,,,,,,,,,,,,,,,,,,,,,,,,,,,,
2019-06-28 09:30:00.000000008,100051,100,100024,100,,,100006,100,,,99965,100,,,,,,,,,,,,,,,,,,,,,,,,,,,,
2019-06-28 09:30:00.000000010,100051,100,100024,100,,,100006,100,,,99965,100,,,99940,100,,,,,,,,,,,,,,,,,,,,,,,,
2019-06-28 09:30:00.000000011,100051,100,100024,100,,,100006,100,,,99965,100,,,99940,100,,,99910,100,,,,,,,,,,,,,,,,,,,,
2019-06-28 09:30:00.000000015,100051,100,100006,100,100129,100,99965,100,,,99940,100,,,99910,100,,,99904,100,,,,,,,,,,,,,,,,,,,,
2019-06-28 09:30:00.000000016,100051,100,100006,100,100129,100,99965,100,,,99940,100,,,99910,100,,,99904,100,,,99870,100,,,,,,,,,,,,,,,,
2019-06-28 09:30:00.000000018,100051,100,100006,100,100081,100,99965,100,100129,100,99940,100,,,99910,100,,,99904,100,,,99870,100,,,,,,,,,,,,,,,,
2019-06-28 09:30:00.000000019,100051,100,100006,100,100063,100,99990,100,100081,100,99965,100,100129,100,99940,100,,,99910,100,,,99904,100,,,99870,100,,,,,,,,,,,,
2019-06-28 09:30:00.000000020,100051,100,100006,100,100063,100,99990,100,100081,100,99973,100,100091,100,99965,100,100129,100,99940,100,,,99910,100,,,99904,100,,,99870,100,,,,,,,,
2019-06-28 09:30:00.000000021,100051,100,100050,100,100063,100,100006,100,100081,100,99990,100,100091,100,99973,100,100129,100,99965,100,,,99940,100,,,99910,100,,,99904,100,,,99870,100,,,,
2019-06-28 09:30:00.000000022,100051,100,100050,100,100063,100,100006,100,100081,100,99990,100,100091,100,99973,100,100129,100,99970,100,,,99965,100,,,99940,100,,,99910,100,,,99904,100,,,99870,100
2019-06-28 09:30:00.000000026,100051,100,100006,100,100063,100,99990,100,100081,100,99973,100,100091,100,99970,100,100129,100,99965,100,,,99940,100,,,99910,100,,,99904,100,,,99870,100,,,,
2019-06-28 09:30:00.000000027,100051,100,100006,100,100063,200,99990,100,100081,100,99973,100,100091,100,99970,100,100129,100,99965,100,100170,100,99940,100,,,99910,100,,,99904,100,,,99870,100,,,,
2019-06-28 09:30:00.000000028,100050,200,100006,100,100051,100,99990,100,100063,200,99973,100,100081,100,99970,100,100091,100,99965,100,100129,100,99940,100,100170,100,99910,100,,,99904,100,,,99870,100,,,,
2019-06-28 09:30:00.000000030,100050,200,100006,100,100051,100,99990,100,100063,200,99973,100,100081,100,99970,100,100091,100,99965,100,100129,100,99940,100,100170,100,99910,100,,,99904,100,,,99870,100,,,99798,100
2019-06-28 09:30:00.000000034,100050,200,99990,100,100051,100,99973,100,100063,200,99970,100,100081,100,99965,100,100091,100,99940,100,100129,100,99910,100,100170,100,99904,100,,,99870,100,,,99798,100,,,,
2019-06-28 09:30:00.000000035,100050,200,99990,100,100051,100,99973,100,100063,200,99970,100,100081,100,99965,100,100091,100,99940,100,100129,100,99910,100,100170,100,99904,100,,,99870,100,,,99798,100,,,99783,100
2019-06-28 09:30:00.000000040,100035,100,99973,100,100050,200,99970,100,100051,100,99965,100,100063,200,99940,100,100081,100,99910,100,100091,100,99904,100,100129,100,99870,100,100170,100,99798,100,,,99783,100,,,,
2019-06-28 09:30:00.000000042,100035,100,99973,100,100050,200,99970,100,100051,100,99965,100,100063,200,99940,100,100081,100,99910,100,100091,100,99904,100,100129,100,99870,100,100170,100,99798,100,100193,100,99783,100,,,,
2019-06-28 09:30:00.000000044,100035,100,99973,100,100050,200,99970,100,100051,100,99965,100,100063,200,99940,100,100081,100,99910,100,100091,100,99904,100,100129,100,99870,100,100170,100,99798,100,100190,100,99783,100,100193,100,,
2019-06-28 09:30:00.000000045,100006,100,99973,100,100035,100,99970,100,100050,200,99965,100,100051,100,99940,100,100063,200,99910,100,100081,100,99904,100,100091,100,99870,100,100129,100,99798,100,100170,100,99783,100,100190,100,,
2019-06-28 09:30:00.000000050,100006,200,99973,100,100035,100,99970,100,100050,200,99965,100,100051,100,99940,100,100063,200,99910,100,100081,100,99904,100,100091,100,99870,100,100129,100,99798,100,100170,100,99783,100,100190,100,,
2019-06-28 09:30:00.000000056,100006,200,99990,100,100035,100,99973,100,100050,200,99970,100,100051,100,99965,100,100063,200,99940,100,100081,100,99910,100,100091,100,99904,100,100129,100,99870,100,100170,100,99798,100,100190,100,99783,100
2019-06-28 09:30:00.000000057,100006,200,99990,100,100035,100,99973,100,100050,200,99972,100,100051,100,99970,100,100063,200,99965,100,100081,100,99940,100,100091,100,99931,100,100129,100,99910,100,100170,100,99904,100,100190,100,99870,100
2019-06-28 09:30:00.000000058,100006,200,99990,100,100035,100,99973,100,100050,200,99972,100,100051,100,99970,100,100063,200,99965,100,100069,100,99940,100,100081,100,99931,100,100091,100,99910,100,100129,100,99904,100,100131,100,99870,100
2019-06-28 09:30:00.000000059,100006,200,99990,100,100035,100,99973,100,100050,200,99972,100,100051,100,99971,100,100063,200,99970,100,100069,100,99965,100,100081,100,99940,100,100091,100,99931,100,100129,100,99910,100,100131,100,99904,100
2019-06-28 09:30:00.000000062,100006,200,99990,100,100035,100,99976,100,100050,200,99973,100,100051,100,99972,100,100063,200,99971,100,100069,100,99970,100,100081,100,99965,100,100091,100,99940,100,100129,100,99931,100,100131,100,99910,100
2019-06-28 09:30:00.000000064,100006,100,99991,100,100035,100,99990,100,100050,200,99976,100,100051,100,99973,100,100063,200,99972,100,100069,100,99971,100,100081,100,99970,100,100091,100,99965,100,100129,100,99940,100,100131,100,99931,100
2019-06-28 09:30:00.000000065,100005,100,99991,100,100006,100,99990,100,100035,100,99976,100,100050,200,99973,100,100051,100,99972,100,100063,200,99971,100,100069,100,99970,100,100081,100,99965,100,100091,100,99940,100,100129,100,99931,100
2019-06-28 09:30:00.000000067,100005,100,99991,100,100006,100,99990,100,100020,100,99976,100,100035,100,99973,100,100050,200,99972,100,100051,100,99971,100,100063,200,99970,100,100069,100,99965,100,100081,100,99940,100,100091,100,99931,100
2019-06-28 09:30:00.000000069,100005,100,99991,100,100006,100,99990,100,100020,100,99976,100,100035,100,99973,100,100050,200,99972,100,100051,100,99971,100,100063,200,99970,100,100069,100,99965,100,100081,100,99940,200,100091,100,99931,100
2019-06-28 09:30:00.000000071,100005,100,99991,100,100006,100,99990,100,100020,100,99976,100,100035,100,99973,100,100050,200,99972,100,100051,100,99971,100,100054,100,99970,100,100063,200,99965,100,100069,100,99940,200,100081,100,99931,100
2019-06-28 09:30:00.000000072,100005,100,99991,100,100006,100,99990,100,100020,100,99976,100,100035,100,99973,200,100050,200,99972,100,100051,100,99971,100,100054,100,99970,100,100063,200,99965,100,100069,100,99940,200,100081,100,99931,100
2019-06-28 09:30:00.000000077,100005,100,99991,100,100006,100,99990,100,100020,100,99976,100,100035,100,99973,200,100050,200,99972,100,100051,100,99971,100,100054,100,99970,100,100063,200,99965,100,100069,100,99940,200,100081,100,99931,100
2019-06-28 09:30:00.000000079,100005,100,99991,100,100006,100,99990,100,100020,100,99976,100,100035,100,99973,200,100050,200,99972,100,100051,100,99971,100,100054,100,99970,100,100063,200,99965,100,100069,100,99947,100,100081,100,99940,200
2019-06-28 09:30:00.000000081,100005,100,99991,100,100006,100,99990,100,100020,100,99976,100,100035,100,99973,200,100050,200,99972,100,100051,100,99971,100,100054,100,99970,100,100063,200,99965,100,100069,100,99947,100,100081,100,99940,200
2019-06-28 09:30:00.000000082,100005,100,99991,200,100006,100,99990,100,100020,100,99976,100,100035,100,99973,200,100050,200,99972,100,100051,100,99971,100,100054,100,99970,100,100063,200,99965,100,100069,100,99947,100,100081,100,99940,200
2019-06-28 09:30:00.000000083,100005,200,99991,200,100006,100,99990,100,100020,100,99976,100,100035,100,99973,200,100050,200,99972,100,100051,100,99971,100,100054,100,99970,100,100063,200,99965,100,100069,100,99947,100,100081,100,99940,200
2019-06-28 09:30:00.000000084,100006,100,99991,200,100020,100,99990,100,100035,100,99976,100,100050,200,99973,200,100051,100,99972,100,100054,100,99971,100,100063,200,99970,100,100069,100,99965,100,100081,100,99947,100,100091,100,99940,200
2019-06-28 09:30:00.000000085,100006,100,99991,200,100018,100,99990,100,100020,100,99976,100,100035,100,99973,200,100050,200,99972,100,100051,100,99971,100,100054,100,99970,100,100063,200,99965,100,100069,100,99947,100,100081,100,99940,200
2019-06-28 09:30:00.000000087,100006,100,99991,200,100010,100,99990,100,100018,100,99976,100,100020,100,99973,200,100035,100,99972,100,100050,200,99971,100,100051,100,99970,100,100054,100,99965,100,100063,200,99949,100,100069,100,99947,100
2019-06-28 09:30:00.000000088,100006,100,99991,200,100010,100,99990,100,100018,100,99976,100,100020,100,99973,200,100035,100,99972,100,100050,200,99971,100,100051,100,99970,100,100054,100,99965,100,100063,200,99949,100,100069,100,99947,100
2019-06-28 09:30:00.000000089,100010,100,99991,200,100018,100,99990,100,100020,100,99976,100,100035,100,99973,200,100050,200,99972,100,100051,100,99971,100,100054,100,99970,100,100063,200,99965,100,100069,100,99949,100,100081,100,99947,100
2019-06-28 09:30:00.000000090,99993,100,99991,200,100010,100,99990,100,100018,100,99976,100,100020,100,99973,200,100035,100,99972,100,100050,200,99971,100,100051,100,99970,100,100054,100,99965,100,100063,200,99949,100,100069,100,99947,100
2019-06-28 09:30:00.000000092,99993,100,99991,200,100010,100,99990,100,100018,100,99976,100,100020,100,99973,200,100035,100,99972,100,100050,200,99971,100,100051,100,99970,100,100054,100,99965,100,100063,200,99949,100,100069,100,99947,100
2019-06-28 09:30:00.000000093,99993,100,99991,200,100010,100,99990,100,100018,100,99976,100,100020,100,99973,200,100035,100,99972,100,100050,200,99971,100,100051,100,99970,100,100054,100,99965,100,100063,200,99949,100,100069,100,99947,100
2019-06-28 09:30:00.000000098,99993,100,99991,200,100010,100,99990,100,100018,100,99976,100,100020,100,99973,200,100035,100,99972,100,100045,100,99971,100,100050,200,99970,100,100051,100,99965,100,100054,100,99949,100,100063,200,99947,100
2019-06-28 09:30:10.000000000,99993,155,99991,255,100010,155,99990,155,100018,155,99976,155,100020,155,99973,255,100035,155,99972,155,100045,100,99971,100,100050,200,99970,100,100051,100,99965,100,100054,100,99949,100,100063,200,99947,100
2019-06-28 09:30:20.000000000,99993,376,99991,476,100010,100,99990,100,100018,100,99976,100,100020,100,99973,200,100035,100,99972,100,100045,100,99971,100,100050,200,99970,100,100051,100,99965,100,100054,100,99949,100,100063,200,99947,100
2019-06-28 09:30:30.000000000,99993,169,99991,269,100010,169,99990,169,100018,169,99976,169,100020,169,99973,269,100035,100,99972,100,100045,100,99971,100,100050,200,99970,100,100051,100,99965,100,100054,100,99949,100,100063,200,99947,100
2019-06-28 09:30:40.000000000,99993,155,99991,255,100010,155,99990,155,100018,155,99976,155,100020,155,99973,255,100035,155,99972,155,100045,100,99971,100,100050,200,99970,100,100051,100,99965,100,100054,100,99949,100,100063,200,99947,100
2019-06-28 09:30:49.352483624,99993,55,99991,255,100010,155,99990,155,100018,155,99976,155,100020,155,99973,255,100035,155,99972,155,100045,100,99971,100,100050,200,99970,100,100051,100,99965,100,100054,100,99949,100,100063,200,99947,100
2019-06-28 09:30:49.672613445,100010,155,99993,45,100018,155,99991,255,100020,155,99990,155,100035,155,99976,155,100045,100,99973,255,100050,200,99972,155,100051,100,99971,100,100054,100,99970,100,100063,200,99965,100,100069,100,99949,100
2019-06-28 09:30:50.000000000,100010,238,99993,183,100018,238,99991,338,100020,100,99990,100,100035,100,99976,100,100045,100,99973,200,100050,200,99972,100,100051,100,99971,100,100054,100,99970,100,100063,200,99965,100,100069,100,99949,100
2019-06-28 09:30:52.646796613,100010,238,99993,283,100018,238,99991,238,100020,100,99990,100,100035,100,99976,100,100045,100,99973,200,100050,200,99972,100,100051,100,99971,100,100054,100,99970,100,100063,200,99965,100,100069,100,99949,100
2019-06-28 09:30:59.905021841,100010,238,99993,283,100018,238,99991,238,100020,100,99990,100,100035,100,99976,100,100045,100,99973,200,100050,200,99972,100,100051,100,99971,100,100054,100,99970,100,100063,200,99965,100,100069,100,99949,100
2019-06-28 09:31:00.000000000,100010,194,99993,239,100018,191,99991,191,100020,191,99990,191,100035,100,99976,100,100045,100,99973,200,100050,200,99972,100,100051,100,99971,100,100054,100,99970,100,100063,200,99965,100,100069,100,99949,100
2019-06-28 09:31:00.141004228,100010,194,99993,239,100018,191,99991,191,100020,191,99990,191,100035,100,99976,100,100045,100,99973,200,100050,200,99972,100,100051,100,99971,100,100054,100,99970,100,100063,200,99965,100,100069,100,99949,100
2019-06-28 09:31:00.251325069,100010,194,99993,239,100018,191,99991,191,100020,191,99990,191,100035,100,99976,100,100045,100,99973,100,100050,200,99972,100,100051,100,99971,100,100054,100,99970,100,100063,200,99965,100,100069,100,99949,100
2019-06-28 09:31:01.154447337,100010,94,99993,239,100018,191,99991,191,100020,191,99990,191,100035,100,99976,100,100045,100,99973,100,100050,200,99972,100,100051,100,99971,100,100054,100,99970,100,100063,200,99949,100,100069,100,99947,100
2019-06-28 09:31:10.000000000,100018,155,99993,200,100020,155,99991,155,100035,155,99990,155,100045,155,99976,155,100050,255,99973,155,100051,100,99972,100,100054,100,99971,100,100063,200,99970,100,100069,100,99949,100,100081,100,99947,100
2019-06-28 09:31:11.445984895,100018,155,99993,200,100020,155,99991,155,100035,155,99990,155,100045,155,99976,155,100050,255,99973,155,100051,100,99972,100,100054,100,99971,100,100063,200,99970,100,100069,100,99949,100,100081,100,99947,100
2019-06-28 09:31:16.889222214,100018,55,99993,200,100020,155,99991,155,100035,155,99990,155,100045,155,99976,155,100050,255,99973,155,100051,100,99972,100,100054,100,99971,100,100063,200,99970,100,100069,100,99949,100,100081,100,99947,100
2019-06-28 09:31:20.000000000,100020,194,99993,239,100035,191,99991,191,100045,191,99990,191,100050,200,99976,100,100051,100,99973,100,100054,100,99972,100,100063,200,99971,100,100069,100,99970,100,100081,100,99949,100,100091,100,99947,100
2019-06-28 09:31:27.164725655,100020,94,99993,239,100035,191,99991,191,100045,191,99990,191,100050,200,99976,100,100051,100,99973,100,100054,100,99972,100,100063,200,99971,100,100069,100,99970,100,100081,100,99949,100,100091,100,99947,100
2019-06-28 09:31:27.585394832,100020,94,100018,100,100035,191,99993,239,100045,191,99991,191,100050,200,99990,191,100051,100,99976,100,100054,100,99973,100,100063,200,99972,100,100069,100,99971,100,100081,100,99970,100,100091,100,99949,100
2019-06-28 09:31:27.880324610,100035,191,100020,6,100045,191,100018,100,100050,200,99993,239,100051,100,99991,191,100054,100,99990,191,100063,200,99976,100,100069,100,99973,100,100081,100,99972,100,100091,100,99971,100,100121,100,99970,100
2019-06-28 09:31:30.000000000,100035,155,100020,61,100045,155,100018,155,100050,255,99993,200,100051,155,99991,155,100054,155,99990,155,100063,200,99976,100,100069,100,99973,100,100081,100,99972,100,100091,100,99971,100,100121,100,99970,100
2019-06-28 09:31:36.638684464,100035,155,100020,161,100045,155,100018,155,100050,255,99993,200,100051,155,99991,155,100054,155,99990,155,100063,200,99976,100,100069,100,99973,100,100081,100,99972,100,100091,100,99971,100,100121,100,99970,100
2019-06-28 09:31:40.000000000,100035,376,100020,382,100045,100,100018,100,100050,200,99993,145,100051,100,99991,100,100054,100,99990,100,100063,200,99976,100,100069,100,99973,100,100081,100,99972,100,100091,100,99971,100,100121,100,99970,100
2019-06-28 09:31:50.000000000,100035,155,100020,161,100045,155,100018,155,100050,255,99993,200,100051,155,99991,155,100054,155,99990,155,100063,200,99976,100,100069,100,99973,100,100081,100,99972,100,100091,100,99971,100,100121,100,99970,100
2019-06-28 09:32:00.000000000,100035,376,100020,382,100045,100,100018,100,100050,200,99993,145,100051,100,99991,100,100054,100,99990,100,100063,200,99976,100,100069,100,99973,100,100081,100,99972,100,100091,100,99971,100,100121,100,99970,100
2019-06-28 09:32:10.000000000,100035,376,100020,382,100045,100,100018,100,100050,200,99993,145,100051,100,99991,100,100054,100,99990,100,100063,200,99976,100,100069,100,99973,100,100081,100,99972,100,100091,100,99971,100,100121,100,99970,100
2019-06-28 09:32:12.118468880,100035,376,100020,382,100045,100,100018,100,100050,200,99993,145,100051,100,99991,100,100054,100,99990,100,100063,200,99976,100,100069,100,99973,100,100081,100,99972,100,100091,100,99971,100,100121,100,99970,100
2019-06-28 09:32:20.000000000,100035,155,100020,161,100045,155,100018,155,100050,255,99993,200,100051,155,99991,155,100054,155,99990,155,100063,200,99976,100,100069,100,99973,100,100081,100,99972,100,100091,100,99971,100,100121,100,99970,100
2019-06-28 09:32:30.000000000,100035,155,100020,161,100045,155,100018,155,100050,255,99993,200,100051,155,99991,155,100054,155,99990,155,100063,200,99976,100,100069,100,99973,100,100081,100,99972,100,100091,100,99971,100,100121,100,99970,100
2019-06-28 09:32:40.000000000,100035,194,100020,200,100045,191,100018,191,100050,291,99993,236,100051,100,99991,100,100054,100,99990,100,100063,200,99976,100,100069,100,99973,100,100081,100,99972,100,100091,100,99971,100,100121,100,99970,100
2019-06-28 09:32:50.000000000,100035,169,100020,175,100045,169,100018,169,100050,269,99993,214,100051,169,99991,169,100054,100,99990,100,100063,200,99976,100,100069,100,99973,100,100081,100,99972,100,100091,100,99971,100,100121,100,99970,100
2019-06-28 09:32:54.142286423,100035,169,100020,75,100045,169,100018,169,100050,269,99993,214,100051,169,99991,169,100054,100,99990,100,100063,200,99976,100,100069,100,99973,100,100081,100,99972,100,100091,100,99971,100,100121,100,99970,100
2019-06-28 09:33:00.000000000,100035,376,100020,282,100045,100,100018,100,100050,200,99993,145,100051,100,99991,100,100054,100,99990,100,100063,200,99976,100,100069,100,99973,100,100081,100,99972,100,100091,100,99971,100,100121,100,99970,100
2019-06-28 09:33:04.245769236,100035,376,100020,282,100045,100,100018,100,100050,200,99993,145,100051,100,99991,100,100054,100,99990,100,100063,200,99976,100,100069,100,99973,100,100081,100,99972,100,100091,100,99971,100,100121,100,99970,100
2019-06-28 09:33:10.000000000,100035,376,100020,282,100045,100,100018,100,100050,200,99993,145,100051,100,99991,100,100054,100,99990,100,100063,200,99976,100,100069,100,99973,100,100081,100,99972,100,100091,100,99971,100,100121,100,99970,100
2019-06-28 09:33:20.000000000,100035,376,100020,282,100045,100,100018,100,100050,200,99993,145,100051,100,99991,100,100054,100,99990,100,100063,200,99976,100,100069,100,99973,100,100081,100,99972,100,100091,100,99971,100,100121,100,99970,100
2019-06-28 09:33:21.413998825,100035,376,100020,182,100045,100,100018,100,100050,200,99993,145,100051,100,99991,100,100054,100,99990,100,100063,200,99976,100,100069,100,99973,100,100081,100,99972,100,100091,100,99971,100,100121,100,99970,100
2019-06-28 09:33:30.000000000,100035,194,100018,194,100045,191,99993,236,100050,291,99991,191,100051,100,99990,100,100054,100,99976,100,100063,200,99973,100,100069,100,99972,100,100081,100,99971,100,100091,100,99970,100,100121,100,99947,100
2019-06-28 09:33:40.000000000,100035,238,100018,238,100045,238,99993,283,100050,200,99991,100,100051,100,99990,100,100054,100,99976,100,100063,200,99973,100,100069,100,99972,100,100081,100,99971,100,100091,100,99970,100,100121,100,99947,100
2019-06-28 09:33:50.000000000,100035,376,100018,376,100045,100,99993,145,100050,200,99991,100,100051,100,99990,100,100054,100,99976,100,100063,200,99973,100,100069,100,99972,100,100081,100,99971,100,100091,100,99970,100,100121,100,99947,100
2019-06-28 09:33:53.944307263,100035,376,100018,376,100045,100,99993,145,100050,200,99991,100,100051,100,99990,100,100054,100,99976,100,100063,200,99973,100,100069,100,99972,100,100081,100,99971,100,100091,100,99970,100,100129,200,99947,100
2019-06-28 09:34:00.000000000,100035,169,100018,169,100045,169,99993,214,100050,269,99991,169,100051,169,99990,169,100054,100,99976,100,100063,200,99973,100,100069,100,99972,100,100081,100,99971,100,100091,100,99970,100,100129,200,99947,100
2019-06-28 09:34:04.981545515,100035,169,100018,169,100045,169,99993,214,100050,269,99991,169,100051,169,99990,169,100054,100,99976,100,100063,200,99973,100,100069,100,99972,100,100081,100,99971,100,100091,100,99970,100,100129,200,99947,100
2019-06-28 09:34:10.000000000,100035,169,100018,169,100045,169,99993,214,100050,269,99991,169,100051,169,99990,169,100054,100,99976,100,100063,200,99973,100,100069,100,99972,100,100081,100,99971,100,100091,100,99970,100,100129,200,99947,100
2019-06-28 09:34:20.000000000,100035,169,100018,169,100045,169,99993,214,100050,269,99991,169,100051,169,99990,169,100054,100,99976,100,100063,200,99973,100,100069,100,99972,100,100081,100,99971,100,100091,100,99970,100,100129,200,99947,100
2019-06-28 09:34:25.969032350,100035,169,100018,169,100045,169,99993,214,100050,269,99991,169,100051,169,99990,169,100054,100,99976,100,100063,200,99972,100,100069,100,99971,100,100081,100,99970,100,100091,100,99947,100,100129,200,99940,100
2019-06-28 09:34:27.492095727,100035,169,100018,69,100045,169,99993,214,100050,269,99991,169,100051,169,99990,169,100054,100,99976,100,100063,200,99971,100,100069,100,99970,100,100081,100,99947,100,100091,100,99940,100,100129,200,99921,100
2019-06-28 09:34:30.000000000,100035,376,99993,421,100045,100,99991,100,100050,200,99990,100,100051,100,99976,100,100054,100,99971,100,100063,200,99970,100,100069,100,99947,100,100081,100,99940,100,100091,100,99921,100,100129,200,99919,100
2019-06-28 09:34:30.219881535,100020,100,99993,421,100035,376,99991,100,100045,100,99990,100,100050,100,99976,100,100051,100,99971,100,100054,100,99970,100,100063,200,99947,100,100069,100,99940,100,100081,100,99921,100,100091,100,99919,100
2019-06-28 09:34:40.000000000,100020,155,99993,200,100035,155,99991,155,100045,155,99990,155,100050,155,99976,155,100051,155,99971,155,100054,100,99970,100,100063,200,99947,100,100069,100,99940,100,100081,100,99921,100,100091,100,99919,100
2019-06-28 09:34:50.000000000,100020,194,99993,239,100035,191,99991,191,100045,191,99990,191,100050,100,99976,100,100051,100,99971,100,100054,100,99970,100,100063,200,99947,100,100069,100,99940,100,100081,100,99921,100,100091,100,99919,100
2019-06-28 09:34:52.386265506,100020,194,99993,239,100035,191,99991,191,100045,191,99990,191,100050,100,99976,100,100051,100,99971,100,100054,100,99970,100,100063,200,99947,100,100069,100,99940,100,100081,100,99921,100,100091,100,99919,100
2019-06-28 09:35:00.000000000,100020,155,99993,200,100035,155,99991,155,100045,155,99990,155,100050,155,99976,155,100051,155,99971,155,100054,100,99970,100,100063,200,99947,100,100069,100,99940,100,100081,100,99921,100,100091,100,99919,100
2019-06-28 09:35:01.714839191,100020,255,99993,200,100035,155,99991,155,100045,155,99990,155,100050,155,99976,155,100051,155,99971,155,100054,100,99970,100,100063,200,99947,100,100069,100,99940,100,100081,100,99921,100,100091,100,99919,100
2019-06-28 09:35:10.000000000,100020,269,99993,214,100035,169,99991,169,100045,169,99990,169,100050,169,99976,169,100051,100,99971,100,100054,100,99970,100,100063,200,99947,100,100069,100,99940,100,100081,100,99921,100,100091,100,99919,100
2019-06-28 09:35:14.711554154,100020,269,99993,214,100035,169,99991,169,100045,169,99990,169,100050,169,99976,169,100051,100,99971,100,100054,100,99970,100,100063,200,99947,100,100069,100,99940,100,100081,100,99921,100,100091,100,99919,100
2019-06-28 09:35:20.000000000,100020,338,99993,283,100035,238,99991,238,100045,100,99990,100,100050,100,99976,100,100051,100,99971,100,100054,100,99970,100,100063,200,99947,100,100069,100,99940,100,100081,100,99921,100,100091,100,99919,100
2019-06-28 09:35:30.000000000,100020,255,99993,200,100035,155,99991,155,100045,155,99990,155,100050,155,99976,155,100051,155,99971,155,100054,100,99970,100,100063,200,99947,100,100069,100,99940,100,100081,100,99921,100,100091,100,99919,100
2019-06-28 09:35:40.000000000,100020,255,99993,200,100035,155,99991,155,100045,155,99990,155,100050,155,99976,155,100051,155,99971,155,100054,100,99970,100,100063,200,99947,100,100069,100,99940,100,100081,100,99921,100,100091,100,99919,100
2019-06-28 09:35:50.000000000,100020,255,99993,200,100035,155,99991,155,100045,155,99990,155,100050,155,99976,155,100051,155,99971,155,100054,100,99970,100,100063,200,99947,100,100069,100,99940,100,100081,100,99921,100,100091,100,99919,100
2019-06-28 09:36:00.000000000,100020,338,99993,283,100035,238,99991,238,100045,100,99990,100,100050,100,99976,100,100051,100,99971,100,100054,100,99970,100,100063,200,99947,100,100069,100,99940,100,100081,100,99921,100,100091,100,99919,100
2019-06-28 09:36:01.659568186,100020,338,99993,183,100035,238,99991,238,100045,100,99990,100,100050,100,99976,100,100051,100,99971,100,100054,100,99970,100,100063,200,99947,100,100069,100,99940,100,100081,100,99921,100,100091,100,99919,100
2019-06-28 09:36:08.472908424,100020,338,99993,83,100035,238,99991,238,100045,100,99990,100,100050,100,99976,100,100051,100,99971,100,100054,100,99970,100,100063,200,99947,100,100069,100,99940,100,100081,100,99921,100,100091,100,99919,100
2019-06-28 09:36:10.000000000,100020,255,99991,155,100035,155,99990,155,100045,155,99976,155,100050,155,99971,155,100051,155,99970,155,100054,100,99947,100,100063,200,99940,100,100069,100,99921,100,100081,100,99919,100,100091,100,99838,100
2019-06-28 09:36:20.000000000,100020,269,99991,169,100035,169,99990,169,100045,169,99976,169,100050,169,99971,169,100051,100,99970,100,100054,100,99947,100,100063,200,99940,100,100069,100,99921,100,100081,100,99919,100,100091,100,99838,100
2019-06-28 09:36:30.000000000,100020,476,99991,376,100035,100,99990,100,100045,100,99976,100,100050,100,99971,100,100051,100,99970,100,100054,100,99947,100,100063,200,99940,100,100069,100,99921,100,100081,100,99919,100,100091,100,99838,100
2019-06-28 09:36:31.563765834,100020,476,99991,376,100035,100,99990,100,100050,100,99976,100,100051,100,99971,100,100054,100,99970,100,100063,200,99947,100,100069,100,99940,100,100081,100,99921,100,100091,100,99919,100,100129,100,99838,100
2019-06-28 09:36:33.519927285,100020,476,99991,376,100050,100,99990,100,100051,100,99976,100,100054,100,99971,100,100063,200,99970,100,100069,100,99947,100,100081,100,99940,100,100091,100,99921,100,100129,100,99919,100,100142,100,99914,100
2019-06-28 09:36:40.000000000,100020,255,99991,155,100050,155,99990,155,100051,155,99976,155,100054,155,99971,155,100063,255,99970,155,100069,100,99947,100,100081,100,99940,100,100091,100,99921,100,100129,100,99919,100,100142,100,99914,100
2019-06-28 09:36:50.000000000,100020,269,99991,169,100050,169,99990,169,100051,169,99976,169,100054,169,99971,169,100063,200,99970,100,100069,100,99947,100,100081,100,99940,100,100091,100,99921,100,100129,100,99919,100,100142,100,99914,100
2019-06-28 09:36:56.742014077,100020,269,99991,169,100050,169,99990,169,100051,169,99976,169,100054,169,99971,169,100063,200,99970,100,100081,100,99947,100,100091,100,99940,100,100129,100,99921,100,100142,100,99919,100,100170,100,99914,100
2019-06-28 09:37:00.000000000,100020,269,99991,169,100050,169,99990,169,100051,169,99976,169,100054,169,99971,169,100063,200,99970,100,100081,100,99947,100,100091,100,99940,100,100129,100,99921,100,100142,100,99919,100,100170,100,99914,100
2019-06-28 09:37:10.000000000,100020,269,99991,169,100050,169,99990,169,100051,169,99976,169,100054,169,99971,169,100063,200,99970,100,100081,100,99947,100,100091,100,99940,100,100129,100,99921,100,100142,100,99919,100,100170,100,99914,100
2019-06-28 09:37:20.000000000,100020,338,99991,238,100050,238,99990,238,100051,100,99976,100,100054,100,99971,100,100063,200,99970,100,100081,100,99947,100,100091,100,99940,100,100129,100,99921,100,100142,100,99919,100,100170,100,99914,100
2019-06-28 09:37:30.000000000,100020,269,99991,169,100050,169,99990,169,100051,169,99976,169,100054,169,99971,169,100063,200,99970,100,100081,100,99947,100,100091,100,99940,100,100129,100,99921,100,100142,100,99919,100,100170,100,99914,100
2019-06-28 09:37:36.754009797,100020,269,99991,169,100050,169,99990,169,100051,169,99976,169,100054,169,99971,169,100063,200,99970,100,100081,100,99947,100,100091,100,99940,100,100129,100,99921,100,100142,100,99919,100,100145,100,99914,100
2019-06-28 09:37:40.000000000,100020,255,99991,155,100050,155,99990,155,100051,155,99976,155,100054,155,99971,155,100063,255,99970,155,100081,100,99947,100,100091,100,99940,100,100129,100,99921,100,100142,100,99919,100,100145,100,99914,100
2019-06-28 09:37:50.000000000,100020,476,99991,376,100050,100,99990,100,100051,100,99976,100,100054,100,99971,100,100063,200,99970,100,100081,100,99947,100,100091,100,99940,100,100129,100,99921,100,100142,100,99919,100,100145,100,99914,100
2019-06-28 09:38:00.000000000,100020,269,99991,169,100050,169,99990,169,100051,169,99976,169,100054,169,99971,169,100063,200,99970,100,100081,100,99947,100,100091,100,99940,100,100129,100,99921,100,100142,100,99919,100,100145,100,99914,100
2019-06-28 09:38:10.000000000,100020,338,99991,238,100050,238,99990,238,100051,100,99976,100,100054,100,99971,100,100063,200,99970,100,100081,100,99947,100,100091,100,99940,100,100129,100,99921,100,100142,100,99919,100,100145,100,99914,100
2019-06-28 09:38:18.059813862,100020,338,99991,238,100050,238,99990,238,100051,100,99976,100,100054,100,99971,100,100063,200,99970,100,100081,100,99947,100,100091,100,99940,100,100129,100,99939,100,100142,100,99921,100,100145,100,99919,100
2019-06-28 09:38:20.000000000,100020,294,99991,194,100050,191,99990,191,100051,191,99976,191,100054,100,99971,100,100063,200,99970,100,100081,100,99947,100,100091,100,99940,100,100129,100,99939,100,100142,100,99921,100,100145,100,99919,100
2019-06-28 09:38:23.606796460,100020,294,99991,194,100050,191,99990,191,100051,191,99976,191,100054,100,99971,100,100063,200,99970,100,100081,100,99947,100,100091,100,99940,100,100129,100,99939,100,100142,100,99921,100,100145,100,99919,100
2019-06-28 09:38:30.000000000,100020,255,99991,155,100050,155,99990,155,100051,155,99976,155,100054,155,99971,155,100063,255,99970,155,100081,100,99947,100,100091,100,99940,100,100129,100,99939,100,100142,100,99921,100,100145,100,99919,100
2019-06-28 09:38:40.000000000,100020,294,99991,194,100050,191,99990,191,100051,191,99976,191,100054,100,99971,100,100063,200,99970,100,100081,100,99947,100,100091,100,99940,100,100129,100,99939,100,100142,100,99921,100,100145,100,99919,100
2019-06-28 09:38:50.000000000,100020,255,99991,155,100050,155,99990,155,100051,155,99976,155,100054,155,99971,155,100063,255,99970,155,100081,100,99947,100,100091,100,99940,100,100129,100,99939,100,100142,100,99921,100,100145,100,99919,100
2019-06-28 09:38:50.765992786,100020,155,99991,155,100050,155,99990,155,100051,155,99976,155,100054,155,99971,155,100063,255,99970,155,100081,100,99947,100,100091,100,99940,100,100129,100,99939,100,100142,100,99921,100,100145,100,99919,100
2019-06-28 09:39:00.000000000,100020,155,99991,155,100050,155,99990,155,100051,155,99976,155,100054,155,99971,155,100063,255,99970,155,100081,100,99947,100,100091,100,99940,100,100129,100,99939,100,100142,100,99921,100,100145,100,99919,100
2019-06-28 09:39:10.000000000,100020,194,99991,194,100050,191,99990,191,100051,191,99976,191,100054,100,99971,100,100063,200,99970,100,100081,100,99947,100,100091,100,99940,100,100129,100,99939,100,100142,100,99921,100,100145,100,99919,100
2019-06-28 09:39:20.000000000,100020,238,99991,238,100050,238,99990,238,100051,100,99976,100,100054,100,99971,100,100063,200,99970,100,100081,100,99947,100,100091,100,99940,100,100129,100,99939,100,100142,100,99921,100,100145,100,99919,100
2019-06-28 09:39:30.000000000,100020,194,99991,194,100050,191,99990,191,100051,191,99976,191,100054,100,99971,100,100063,200,99970,100,100081,100,99947,100,100091,100,99940,100,100129,100,99939,100,100142,100,99921,100,100145,100,99919,100
2019-06-28 09:39:37.913148528,100020,194,99991,194,100050,191,99990,191,100051,191,99976,191,100054,100,99971,100,100063,200,99970,100,100081,100,99948,100,100091,100,99947,100,100129,100,99940,100,100142,100,99939,100,100145,100,99921,100
2019-06-28 09:39:39.765804795,100020,194,99991,194,100050,191,99990,191,100051,191,99976,191,100054,100,99971,100,100063,200,99970,100,100081,100,99948,100,100084,100,99947,100,100091,100,99940,100,100129,100,99939,100,100142,100,99921,100
2019-06-28 09:39:40.000000000,100020,194,99991,194,100050,191,99990,191,100051,191,99976,191,100054,100,99971,100,100063,200,99970,100,100081,100,99948,100,100084,100,99947,100,100091,100,99940,100,100129,100,99939,100,100142,100,99921,100
2019-06-28 09:39:41.156345371,100020,194,99991,194,100050,191,99990,191,100051,191,99976,191,100054,100,99971,100,100063,200,99970,100,100081,100,99948,100,100084,100,99947,100,100091,100,99940,100,100129,100,99939,100,100142,100,99921,100
2019-06-28 09:39:50.000000000,100020,194,99991,194,100050,191,99990,191,100051,191,99976,191,100054,100,99971,100,100063,200,99970,100,100081,100,99948,100,100084,100,99947,100,100091,100,99940,100,100129,100,99939,100,100142,100,99921,100
2019-06-28 09:39:52.755402609,100020,194,99991,94,100050,191,99990,191,100051,191,99976,191,100054,100,99971,100,100063,200,99970,100,100081,100,99948,100,100084,100,99947,100,100091,100,99940,100,100129,100,99939,100,100142,100,99921,100
2019-06-28 09:39:54.298929387,100019,100,99991,94,100020,194,99990,191,100050,191,99976,191,100051,191,99971,100,100054,100,99970,100,100063,200,99948,100,100081,100,99947,100,100084,100,99940,100,100091,100,99939,100,100129,100,99921,100
2019-06-28 09:39:54.632829666,100019,100,99991,94,100020,194,99990,191,100050,191,99976,191,100051,191,99971,100,100054,100,99970,100,100063,200,99948,100,100081,100,99947,100,100084,100,99940,100,100091,100,99939,100,100107,100,99921,100
2019-06-28 09:40:00.000000000,100019,169,99990,169,100020,169,99976,169,100050,169,99971,169,100051,169,99970,169,100054,100,99948,100,100063,200,99947,100,100081,100,99940,100,100084,100,99939,100,100091,100,99921,100,100107,100,99919,100
2019-06-28 09:40:10.000000000,100019,376,99990,376,100020,100,99976,100,100050,100,99971,100,100051,100,99970,100,100054,100,99948,100,100063,200,99947,100,100081,100,99940,100,100084,100,99939,100,100091,100,99921,100,100107,100,99919,100
2019-06-28 09:40:11.321524488,100019,376,99990,276,100020,100,99976,100,100050,100,99971,100,100051,100,99970,100,100054,100,99948,100,100063,200,99947,100,100081,100,99940,100,100084,100,99939,100,100091,100,99921,100,100107,100,99919,100
2019-06-28 09:40:19.083364912,100019,376,99990,176,100020,100,99976,100,100050,100,99971,100,100051,100,99970,100,100054,100,99948,100,100063,200,99947,100,100081,100,99940,100,100084,100,99939,100,100091,100,99921,100,100107,100,99919,100
2019-06-28 09:40:20.000000000,100019,194,99976,194,100020,191,99971,191,100050,191,99970,191,100051,100,99948,100,100054,100,99947,100,100063,200,99940,100,100081,100,99939,100,100084,100,99921,100,100091,100,99919,100,100107,100,99874,100
2019-06-28 09:40:30.000000000,100019,169,99976,169,100020,169,99971,169,100050,169,99970,169,100051,169,99948,169,100054,100,99947,100,100063,200,99940,100,100081,100,99939,100,100084,100,99921,100,100091,100,99919,100,100107,100,99874,100
2019-06-28 09:40:32.710847054,100019,169,99979,100,100020,169,99976,169,100050,169,99971,169,100051,169,99970,169,100054,100,99948,169,100063,200,99940,100,100081,100,99939,100,100084,100,99921,100,100091,100,99919,100,100107,100,99874,100
2019-06-28 09:40:40.000000000,100019,155,99979,155,100020,155,99976,155,100050,155,99971,155,100051,155,99970,155,100054,155,99948,155,100063,200,99940,100,100081,100,99939,100,100084,100,99921,100,100091,100,99919,100,100107,100,99874,100
2019-06-28 09:40:50.000000000,100019,238,99979,238,100020,238,99976,238,100050,100,99971,100,100051,100,99970,100,100054,100,99948,100,100063,200,99940,100,100081,100,99939,100,100084,100,99921,100,100091,100,99919,100,100107,100,99874,100
2019-06-28 09:41:00.000000000,100019,155,99979,155,100020,155,99976,155,100050,155,99971,155,100051,155,99970,155,100054,155,99948,155,100063,200,99940,100,100081,100,99939,100,100084,100,99921,100,100091,100,99919,100,100107,100,99874,100
2019-06-28 09:41:10.000000000,100019,155,99979,155,100020,155,99976,155,100050,155,99971,155,100051,155,99970,155,100054,155,99948,155,100063,200,99940,100,100081,100,99939,100,100084,100,99921,100,100091,100,99919,100,100107,100,99874,100
2019-06-28 09:41:16.004534247,100019,55,99979,155,100020,155,99976,155,100050,155,99971,155,100051,155,99970,155,100054,155,99948,155,100063,200,99940,100,100081,100,99939,100,100084,100,99921,100,100091,100,99919,100,100107,100,99874,100
2019-06-28 09:41:20.000000000,100020,194,99979,194,100050,191,99976,191,100051,191,99971,191,100054,100,99970,100,100063,200,99948,100,100081,100,99940,100,100084,100,99939,100,100091,100,99921,100,100107,100,99919,100,100129,100,99874,100
2019-06-28 09:41:30.000000000,100020,155,99979,155,100050,155,99976,155,100051,155,99971,155,100054,155,99970,155,100063,255,99948,155,100081,100,99940,100,100084,100,99939,100,100091,100,99921,100,100107,100,99919,100,100129,100,99874,100
2019-06-28 09:41:37.434817453,100020,155,99979,155,100050,155,99976,155,100051,155,99971,155,100054,155,99970,155,100063,255,99948,155,100081,100,99940,100,100084,100,99939,100,100091,100,99921,100,100107,100,99919,100,100129,100,99913,100
2019-06-28 09:41:40.000000000,100020,155,99979,155,100050,155,99976,155,100051,155,99971,155,100054,155,99970,155,100063,255,99948,155,100081,100,99940,100,100084,100,99939,100,100091,100,99921,100,100107,100,99919,100,100129,100,99913,100
2019-06-28 09:41:50.000000000,100020,194,99979,194,100050,191,99976,191,100051,191,99971,191,100054,100,99970,100,100063,200,99948,100,100081,100,99940,100,100084,100,99939,100,100091,100,99921,100,100107,100,99919,100,100129,100,99913,100
2019-06-28 09:41:53.696037562,100020,194,99992,100,100050,191,99979,194,100051,191,99976,191,100054,100,99971,191,100063,200,99970,100,100081,100,99948,100,100084,100,99940,100,100091,100,99939,100,100107,100,99919,100,100129,100,99913,100
2019-06-28 09:42:00.000000000,100020,376,99992,376,100050,100,99979,100,100051,100,99976,100,100054,100,99971,100,100063,200,99970,100,100081,100,99948,100,100084,100,99940,100,100091,100,99939,100,100107,100,99919,100,100129,100,99913,100
2019-06-28 09:42:10.000000000,100020,155,99992,155,100050,155,99979,155,100051,155,99976,155,100054,155,99971,155,100063,255,99970,155,100081,100,99948,100,100084,100,99940,100,100091,100,99939,100,100107,100,99919,100,100129,100,99913,100
2019-06-28 09:42:20.000000000,100020,376,99992,376,100050,100,99979,100,100051,100,99976,100,100054,100,99971,100,100063,200,99970,100,100081,100,99948,100,100084,100,99940,100,100091,100,99939,100,100107,100,99919,100,100129,100,99913,100
2019-06-28 09:42:30.000000000,100020,169,99992,169,100050,169,99979,169,100051,169,99976,169,100054,169,99971,169,100063,200,99970,100,100081,100,99948,100,100084,100,99940,100,100091,100,99939,100,100107,100,99919,100,100129,100,99913,100
2019-06-28 09:42:40.000000000,100020,194,99992,194,100050,191,99979,191,100051,191,99976,191,100054,100,99971,100,100063,200,99970,100,100081,100,99948,100,100084,100,99940,100,100091,100,99939,100,100107,100,99919,100,100129,100,99913,100
2019-06-28 09:42:41.627386046,100020,194,99992,194,100050,191,99979,191,100051,191,99976,191,100054,100,99971,100,100063,200,99970,100,100084,100,99948,100,100091,100,99940,100,100107,100,99939,100,100129,100,99919,100,100142,100,99913,100
2019-06-28 09:42:50.000000000,100020,169,99992,169,100050,169,99979,169,100051,169,99976,169,100054,169,99971,169,100063,200,99970,100,100084,100,99948,100,100091,100,99940,100,100107,100,99939,100,100129,100,99919,100,100142,100,99913,100
2019-06-28 09:42:58.162053400,100020,169,99992,169,100050,169,99979,169,100051,169,99976,169,100054,169,99971,169,100063,200,99970,100,100084,100,99948,100,100091,100,99940,100,100107,100,99919,100,100129,100,99913,100,100142,100,99874,100
2019-06-28 09:43:00.000000000,100020,194,99992,194,100050,191,99979,191,100051,191,99976,191,100054,100,99971,100,100063,200,99970,100,100084,100,99948,100,100091,100,99940,100,100107,100,99919,100,100129,100,99913,100,100142,100,99874,100
2019-06-28 09:43:10.000000000,100020,376,99992,376,100050,100,99979,100,100051,100,99976,100,100054,100,99971,100,100063,200,99970,100,100084,100,99948,100,100091,100,99940,100,100107,100,99919,100,100129,100,99913,100,100142,100,99874,100
2019-06-28 09:43:12.428377285,100020,276,99992,376,100050,100,99979,100,100051,100,99976,100,100054,100,99971,100,100063,200,99970,100,100084,100,99948,100,100091,100,99940,100,100107,100,99919,100,100129,100,99913,100,100142,100,99874,100
2019-06-28 09:43:20.000000000,100050,155,99992,155,100051,155,99979,155,100054,155,99976,155,100063,255,99971,155,100084,155,99970,155,100091,100,99948,100,100107,100,99940,100,100129,100,99919,100,100142,100,99913,100,100145,100,99874,100
2019-06-28 09:43:30.000000000,100050,376,99992,376,100051,100,99979,100,100054,100,99976,100,100063,200,99971,100,100084,100,99970,100,100091,100,99948,100,100107,100,99940,100,100129,100,99919,100,100142,100,99913,100,100145,100,99874,100
2019-06-28 09:43:35.964270232,100050,376,99992,376,100051,100,99980,100,100054,100,99979,100,100063,200,99976,100,100084,100,99971,100,100091,100,99970,100,100107,100,99948,100,100129,100,99940,100,100142,100,99919,100,100145,100,99874,100
2019-06-28 09:43:36.240287847,100050,376,99992,376,100051,100,99980,100,100054,100,99979,100,100063,200,99976,100,100084,100,99971,100,100091,100,99970,100,100107,100,99948,100,100129,100,99919,100,100142,100,99874,100,100145,100,99838,100
2019-06-28 09:43:40.000000000,100050,169,99992,169,100051,169,99980,169,100054,169,99979,169,100063,269,99976,169,100084,100,99971,100,100091,100,99970,100,100107,100,99948,100,100129,100,99919,100,100142,100,99874,100,100145,100,99838,100
2019-06-28 09:43:40.544199378,100050,169,99992,169,100051,169,99980,169,100054,169,99979,169,100063,169,99976,169,100084,100,99971,100,100091,100,99970,100,100107,100,99948,100,100129,100,99919,100,100142,100,99874,100,100145,100,99838,100
2019-06-28 09:43:50.000000000,100050,169,99992,169,100051,169,99980,169,100054,169,99979,169,100063,169,99976,169,100084,100,99971,100,100091,100,99970,100,100107,100,99948,100,100129,100,99919,100,100142,100,99874,100,100145,100,99838,100
2019-06-28 09:43:51.775388416,100050,169,99992,169,100051,169,99980,169,100054,169,99979,169,100063,169,99976,169,100084,100,99970,200,100091,100,99948,100,100107,100,99919,100,100129,100,99874,100,100142,100,99838,100,100145,100,99802,100
2019-06-28 09:44:00.000000000,100050,169,99992,169,100051,169,99980,169,100054,169,99979,169,100063,169,99976,169,100084,100,99970,200,100091,100,99948,100,100107,100,99919,100,100129,100,99874,100,100142,100,99838,100,100145,100,99802,100
2019-06-28 09:44:00.248255954,100050,169,99992,169,100051,269,99980,169,100054,169,99979,169,100063,169,99976,169,100084,100,99970,200,100091,100,99948,100,100107,100,99919,100,100129,100,99874,100,100142,100,99838,100,100145,100,99802,100
2019-06-28 09:44:10.000000000,100050,169,99992,169,100051,269,99980,169,100054,169,99979,169,100063,169,99976,169,100084,100,99970,200,100091,100,99948,100,100107,100,99919,100,100129,100,99874,100,100142,100,99838,100,100145,100,99802,100
2019-06-28 09:44:20.000000000,100050,155,99992,155,100051,255,99980,155,100054,155,99979,155,100063,155,99976,155,100084,155,99970,255,100091,100,99948,100,100107,100,99919,100,100129,100,99874,100,100142,100,99838,100,100145,100,99802,100
2019-06-28 09:44:30.000000000,100050,169,99992,169,100051,269,99980,169,100054,169,99979,169,100063,169,99976,169,100084,100,99970,200,100091,100,99948,100,100107,100,99919,100,100129,100,99874,100,100142,100,99838,100,100145,100,99802,100
2019-06-28 09:44:32.297803961,100050,169,99992,169,100051,269,99980,169,100054,169,99979,169,100063,169,99976,169,100084,100,99970,200,100091,100,99948,100,100107,100,99919,100,100129,100,99874,100,100142,100,99838,100,100145,100,99802,100
2019-06-28 09:44:40.000000000,100050,238,99992,238,100051,338,99980,238,100054,100,99979,100,100063,100,99976,100,100084,100,99970,200,100091,100,99948,100,100107,100,99919,100,100129,100,99874,100,100142,100,99838,100,100145,100,99802,100
2019-06-28 09:44:50.000000000,100050,376,99992,376,100051,200,99980,100,100054,100,99979,100,100063,100,99976,100,100084,100,99970,200,100091,100,99948,100,100107,100,99919,100,100129,100,99874,100,100142,100,99838,100,100145,100,99802,100
2019-06-28 09:44:56.283345308,100050,376,99992,376,100051,200,99980,100,100054,100,99979,100,100063,100,99976,100,100084,100,99970,200,100091,100,99948,100,100107,100,99919,100,100129,100,99874,100,100142,100,99838,100,100145,100,99802,100
2019-06-28 09:45:00.000000000,100050,194,99992,194,100051,291,99980,191,100054,191,99979,191,100063,100,99976,100,100084,100,99970,200,100091,100,99948,100,100107,100,99919,100,100129,100,99874,100,100142,100,99838,100,100145,100,99802,100
2019-06-28 09:45:02.878886041,100050,194,100019,100,100051,291,99992,194,100054,191,99980,191,100063,100,99979,191,100084,100,99976,100,100091,100,99970,200,100107,100,99948,100,100129,100,99919,100,100142,100,99874,100,100145,100,99838,100
2019-06-28 09:45:05.379343305,100050,194,100019,100,100051,291,99992,194,100054,191,99980,191,100063,100,99979,191,100084,100,99976,100,100091,100,99970,200,100107,100,99948,100,100129,100,99919,100,100142,100,99874,100,100145,100,99838,100
2019-06-28 09:45:07.884840939,100050,194,100019,100,100051,291,99992,194,100054,191,99980,191,100063,100,99979,191,100084,100,99976,100,100091,100,99970,200,100107,100,99948,100,100129,100,99919,100,100142,100,99874,100,100145,100,99838,100
2019-06-28 09:45:08.780693801,100050,94,100019,100,100051,291,99992,194,100054,191,99980,191,100063,100,99979,191,100084,100,99976,100,100091,100,99970,200,100107,100,99948,100,100129,100,99919,100,100142,100,99874,100,100145,100,99838,100
2019-06-28 09:45:10.000000000,100051,338,100019,238,100054,238,99992,238,100063,100,99980,100,100084,100,99979,100,100091,100,99976,100,100107,100,99970,200,100129,100,99948,100,100142,100,99919,100,100145,100,99874,100,100170,100,99838,100
2019-06-28 09:45:20.000000000,100051,255,100019,155,100054,155,99992,155,100063,155,99980,155,100084,155,99979,155,100091,155,99976,155,100107,100,99970,200,100129,100,99948,100,100142,100,99919,100,100145,100,99874,100,100170,100,99838,100
2019-06-28 09:45:27.033531265,100051,155,100019,155,100054,155,99992,155,100063,155,99980,55,100084,155,99979,155,100091,155,99976,155,100107,100,99970,200,100129,100,99948,100,100142,100,99919,100,100145,100,99874,100,100170,100,99838,100
2019-06-28 09:45:28.165495245,100051,155,100050,100,100054,155,100019,155,100063,155,99992,155,100084,155,99980,55,100091,155,99979,155,100107,100,99976,155,100129,100,99970,200,100142,100,99948,100,100145,100,99919,100,100170,100,99874,100
2019-06-28 09:45:28.440584753,100051,155,100050,100,100054,155,100019,155,100063,155,99992,155,100084,155,99980,55,100091,155,99979,155,100096,100,99976,155,100107,100,99970,200,100129,100,99948,100,100142,100,99919,100,100145,100,99874,100
2019-06-28 09:45:30.000000000,100051,238,100050,238,100054,238,100019,238,100063,100,99992,100,100084,100,99979,100,100091,100,99976,100,100096,100,99970,200,100107,100,99948,100,100129,100,99919,100,100142,100,99874,100,100145,100,99838,100
2019-06-28 09:45:35.044766780,100051,138,100050,238,100054,238,100019,238,100084,100,99992,100,100091,100,99979,100,100096,100,99976,100,100107,100,99970,200,100129,100,99948,100,100142,100,99919,100,100145,100,99874,100,100170,100,99838,100
2019-06-28 09:45:40.000000000,100054,194,100050,194,100084,191,100019,191,100091,191,99992,191,100096,100,99979,100,100107,100,99976,100,100129,100,99970,200,100142,100,99948,100,100145,100,99919,100,100170,100,99874,100,100184,100,99838,100
2019-06-28 09:45:43.667063693,100054,194,100051,100,100084,191,100050,194,100091,191,100019,191,100096,100,99992,191,100107,100,99979,100,100129,100,99976,100,100142,100,99970,200,100145,100,99948,100,100170,100,99919,100,100184,100,99874,100
2019-06-28 09:45:50.000000000,100054,376,100051,376,100084,100,100050,100,100091,100,100019,100,100096,100,99992,100,100107,100,99979,100,100129,100,99976,100,100142,100,99970,200,100145,100,99948,100,100170,100,99919,100,100184,100,99874,100
2019-06-28 09:46:00.000000000,100054,155,100051,155,100084,155,100050,155,100091,155,100019,155,100096,155,99992,155,100107,155,99979,155,100129,100,99976,100,100142,100,99970,200,100145,100,99948,100,100170,100,99919,100,100184,100,99874,100
2019-06-28 09:46:10.000000000,100054,376,100051,376,100084,100,100050,100,100091,100,100019,100,100096,100,99992,100,100107,100,99979,100,100129,100,99976,100,100142,100,99970,200,100145,100,99948,100,100170,100,99919,100,100184,100,99874,100
2019-06-28 09:46:19.118622094,100054,276,100051,376,100084,100,100050,100,100091,100,100019,100,100096,100,99992,100,100107,100,99979,100,100129,100,99976,100,100142,100,99970,200,100145,100,99948,100,100170,100,99919,100,100184,100,99874,100
2019-06-28 09:46:20.000000000,100084,376,100051,376,100091,100,100050,100,100096,100,100019,100,100107,100,99992,100,100129,100,99979,100,100142,100,99976,100,100145,100,99970,200,100170,100,99948,100,100184,100,99919,100,100190,100,99874,100
2019-06-28 09:46:30.000000000,100084,376,100051,376,100091,100,100050,100,100096,100,100019,100,100107,100,99992,100,100129,100,99979,100,100142,100,99976,100,100145,100,99970,200,100170,100,99948,100,100184,100,99919,100,100190,100,99874,100
2019-06-28 09:46:30.886926358,100084,376,100051,376,100091,100,100050,100,100096,100,100019,100,100107,100,99992,100,100129,100,99979,100,100142,100,99976,100,100145,100,99970,200,100170,100,99948,100,100184,100,99919,100,100190,100,99874,100
2019-06-28 09:46:40.000000000,100084,376,100051,376,100091,100,100050,100,100096,100,100019,100,100107,100,99992,100,100129,100,99979,100,100142,100,99976,100,100145,100,99970,200,100170,100,99948,100,100184,100,99919,100,100190,100,99874,100
2019-06-28 09:46:50.000000000,100084,169,100051,169,100091,169,100050,169,100096,169,100019,169,100107,169,99992,169,100129,100,99979,100,100142,100,99976,100,100145,100,99970,200,100170,100,99948,100,100184,100,99919,100,100190,100,99874,100
2019-06-28 09:46:50.217698602,100084,69,100051,169,100091,169,100050,169,100096,169,100019,169,100107,169,99992,169,100129,100,99979,100,100142,100,99976,100,100145,100,99970,200,100170,100,99948,100,100184,100,99919,100,100190,100,99874,100
2019-06-28 09:46:51.798718004,100091,169,100084,31,100096,169,100051,169,100107,169,100050,169,100129,100,100019,169,100142,100,99992,169,100145,100,99979,100,100170,100,99976,100,100184,100,99970,200,100190,100,99948,100,100403,100,99919,100
2019-06-28 09:46:52.015524778,100091,169,100084,131,100096,169,100051,169,100107,169,100050,169,100129,100,100019,169,100142,100,99992,169,100145,100,99979,100,100170,100,99976,100,100184,100,99970,200,100190,100,99948,100,100403,100,99919,100
2019-06-28 09:47:00.000000000,100091,376,100084,407,100096,100,100051,100,100107,100,100050,100,100129,100,100019,100,100142,100,99992,100,100145,100,99979,100,100170,100,99976,100,100184,100,99970,200,100190,100,99948,100,100403,100,99919,100
2019-06-28 09:47:02.189015302,100091,376,100084,507,100096,100,100051,100,100107,100,100050,100,100129,100,100019,100,100142,100,99992,100,100145,100,99979,100,100170,100,99976,100,100184,100,99970,200,100190,100,99948,100,100403,100,99919,100
2019-06-28 09:47:10.000000000,100091,376,100084,507,100096,100,100051,100,100107,100,100050,100,100129,100,100019,100,100142,100,99992,100,100145,100,99979,100,100170,100,99976,100,100184,100,99970,200,100190,100,99948,100,100403,100,99919,100
2019-06-28 09:47:11.798494068,100091,276,100084,507,100096,100,100051,100,100107,100,100050,100,100129,100,100019,100,100142,100,99992,100,100145,100,99979,100,100170,100,99976,100,100184,100,99970,200,100190,100,99948,100,100403,100,99919,100
2019-06-28 09:47:13.679370235,100091,176,100084,507,100096,100,100051,100,100107,100,100050,100,100129,100,100019,100,100142,100,99992,100,100145,100,99976,100,100170,100,99970,200,100184,100,99948,100,100190,100,99919,100,100403,100,99874,100
2019-06-28 09:47:16.445963009,100091,76,100084,507,100096,100,100051,100,100107,100,100050,100,100129,100,100019,100,100142,100,99992,100,100145,100,99976,100,100170,100,99970,200,100184,100,99948,100,100190,100,99919,100,100403,100,99874,100
2019-06-28 09:47:18.032098699,100091,76,100084,507,100096,100,100051,100,100107,100,100050,100,100129,100,100019,100,100142,100,99992,100,100145,100,99976,100,100170,100,99970,200,100184,100,99948,100,100190,100,99919,100,100200,100,99874,100
2019-06-28 09:47:20.000000000,100096,194,100084,325,100107,191,100051,191,100129,191,100050,191,100142,100,100019,100,100145,100,99992,100,100170,100,99976,100,100184,100,99970,200,100190,100,99948,100,100200,100,99919,100,100403,100,99874,100
2019-06-28 09:47:30.000000000,100096,194,100084,325,100107,191,100051,191,100129,191,100050,191,100142,100,100019,100,100145,100,99992,100,100170,100,99976,100,100184,100,99970,200,100190,100,99948,100,100200,100,99919,100,100403,100,99874,100
2019-06-28 09:47:35.231972884,100096,94,100084,325,100107,191,100051,191,100129,191,100050,191,100142,100,100019,100,100145,100,99992,100,100170,100,99976,100,100184,100,99970,200,100190,100,99948,100,100200,100,99919,100,100403,100,99874,100
2019-06-28 09:47:40.000000000,100107,169,100084,300,100129,169,100051,169,100142,169,100050,169,100145,169,100019,169,100170,100,99992,100,100184,100,99976,100,100190,100,99970,200,100200,100,99948,100,100403,100,99919,100,100408,100,99874,100
2019-06-28 09:47:50.000000000,100107,238,100084,369,100129,238,100051,238,100142,100,100050,100,100145,100,100019,100,100170,100,99992,100,100184,100,99976,100,100190,100,99970,200,100200,100,99948,100,100403,100,99919,100,100408,100,99874,100
2019-06-28 09:47:53.098881103,100107,238,100091,100,100129,238,100084,369,100142,100,100051,238,100145,100,100050,100,100170,100,100019,100,100184,100,99992,100,100190,100,99976,100,100200,100,99970,200,100403,100,99948,100,100408,100,99919,100
2019-06-28 09:48:00.000000000,100107,376,100091,376,100129,100,100084,231,100142,100,100051,100,100145,100,100050,100,100170,100,100019,100,100184,100,99992,100,100190,100,99976,100,100200,100,99970,200,100403,100,99948,100,100408,100,99919,100
2019-06-28 09:48:10.000000000,100107,169,100091,169,100129,169,100084,300,100142,169,100051,169,100145,169,100050,169,100170,100,100019,100,100184,100,99992,100,100190,100,99976,100,100200,100,99970,200,100403,100,99948,100,100408,100,99919,100
2019-06-28 09:48:20.000000000,100107,194,100091,194,100129,191,100084,322,100142,191,100051,191,100145,100,100050,100,100170,100,100019,100,100184,100,99992,100,100190,100,99976,100,100200,100,99970,200,100403,100,99948,100,100408,100,99919,100
2019-06-28 09:48:30.000000000,100107,169,100091,169,100129,169,100084,300,100142,169,100051,169,100145,169,100050,169,100170,100,100019,100,100184,100,99992,100,100190,100,99976,100,100200,100,99970,200,100403,100,99948,100,100408,100,99919,100
2019-06-28 09:48:31.095796030,100107,169,100091,269,100129,169,100084,200,100142,169,100051,169,100145,169,100050,169,100170,100,100019,100,100184,100,99992,100,100190,100,99976,100,100200,100,99970,200,100403,100,99948,100,100408,100,99919,100
2019-06-28 09:48:33.546757462,100107,169,100091,169,100129,169,100084,200,100142,169,100051,169,100145,169,100050,169,100170,100,100019,100,100184,100,99992,100,100190,100,99976,100,100200,100,99970,200,100408,100,99948,100,100411,100,99919,100
2019-06-28 09:48:40.000000000,100107,238,100091,238,100129,238,100084,269,100142,100,100051,100,100145,100,100050,100,100170,100,100019,100,100184,100,99992,100,100190,100,99976,100,100200,100,99970,200,100408,100,99948,100,100411,100,99919,100
2019-06-28 09:48:50.000000000,100107,169,100091,169,100129,169,100084,200,100142,169,100051,169,100145,169,100050,169,100170,100,100019,100,100184,100,99992,100,100190,100,99976,100,100200,100,99970,200,100408,100,99948,100,100411,100,99919,100
2019-06-28 09:49:00.000000000,100107,238,100091,238,100129,238,100084,269,100142,100,100051,100,100145,100,100050,100,100170,100,100019,100,100184,100,99992,100,100190,100,99976,100,100200,100,99970,200,100408,100,99948,100,100411,100,99919,100
2019-06-28 09:49:10.000000000,100107,155,100091,155,100129,155,100084,186,100142,155,100051,155,100145,155,100050,155,100170,155,100019,155,100184,100,99992,100,100190,100,99976,100,100200,100,99970,200,100408,100,99948,100,100411,100,99919,100
2019-06-28 09:49:12.441203462,100107,55,100091,155,100129,155,100084,186,100142,155,100051,155,100145,155,100050,155,100170,155,100019,155,100184,100,99992,100,100190,100,99976,100,100200,100,99970,200,100408,100,99948,100,100411,100,99919,100
2019-06-28 09:49:19.467163232,100129,155,100107,45,100142,155,100091,155,100145,155,100084,186,100170,155,100051,155,100184,100,100050,155,100190,100,100019,155,100200,100,99992,100,100408,100,99976,100,100411,100,99970,200,100499,100,99948,100
2019-06-28 09:49:20.000000000,100129,155,100107,100,100142,155,100091,155,100145,155,100084,186,100170,155,100051,155,100184,155,100050,155,100190,100,100019,100,100200,100,99992,100,100408,100,99976,100,100411,100,99970,200,100499,100,99948,100
2019-06-28 09:49:26.791298400,100129,55,100107,100,100142,55,100091,155,100145,155,100084,186,100170,155,100051,155,100184,155,100050,155,100190,100,100019,100,100200,100,99992,100,100408,100,99976,100,100411,100,99970,200,100499,100,99948,100
2019-06-28 09:49:27.568200405,100129,55,100108,100,100142,55,100107,100,100145,155,100091,155,100170,155,100084,186,100184,155,100051,155,100190,100,100050,55,100200,100,100019,100,100408,100,99992,100,100411,100,99976,100,100499,100,99970,200
2019-06-28 09:49:30.000000000,100145,155,100108,155,100170,155,100107,100,100184,155,100091,155,100190,155,100084,186,100200,155,100051,155,100408,100,100019,100,100411,100,99992,100,100499,100,99976,100,100522,100,99970,200,100642,100,99948,100
2019-06-28 09:49:31.980934860,100145,155,100108,155,100170,155,100107,100,100184,155,100091,155,100190,155,100084,186,100200,155,100051,155,100408,100,100019,100,100411,100,99992,100,100499,100,99976,100,100522,100,99970,200,100642,100,99948,100
2019-06-28 09:49:40.000000000,100145,376,100108,376,100170,100,100107,45,100184,100,100091,100,100190,100,100084,131,100200,100,100051,100,100408,100,100019,100,100411,100,99992,100,100499,100,99976,100,100522,100,99970,200,100642,100,99948,100
2019-06-28 09:49:50.000000000,100145,376,100108,376,100170,100,100107,45,100184,100,100091,100,100190,100,100084,131,100200,100,100051,100,100408,100,100019,100,100411,100,99992,100,100499,100,99976,100,100522,100,99970,200,100642,100,99948,100
2019-06-28 09:50:00.000000000,100145,238,100108,238,100170,238,100107,183,100184,100,100091,100,100190,100,100084,131,100200,100,100051,100,100408,100,100019,100,100411,100,99992,100,100499,100,99976,100,100522,100,99970,200,100642,100,99948,100
2019-06-28 09:50:06.721150897,100145,138,100108,238,100170,238,100107,183,100184,100,100091,100,100190,100,100084,131,100200,100,100051,100,100408,100,100019,100,100411,100,99992,100,100499,100,99976,100,100522,100,99970,200,100642,100,99948,100
2019-06-28 09:50:10.000000000,100170,169,100108,169,100184,169,100107,114,100190,169,100091,169,100200,169,100084,200,100408,100,100051,100,100411,100,100019,100,100499,100,99992,100,100522,100,99976,100,100642,100,99970,200,100731,100,99948,100
2019-06-28 09:50:11.447282926,100170,169,100108,169,100184,69,100107,114,100190,169,100091,169,100200,169,100084,200,100408,100,100051,100,100411,100,100019,100,100499,100,99992,100,100522,100,99976,100,100642,100,99970,200,100731,100,99948,100
2019-06-28 09:50:20.000000000,100170,194,100108,194,100190,191,100107,136,100200,191,100091,191,100408,100,100084,131,100411,100,100051,100,100499,100,100019,100,100522,100,99992,100,100642,100,99976,100,100731,100,99970,200,100736,100,99948,100
2019-06-28 09:50:21.846220942,100170,194,100108,194,100190,191,100107,136,100200,191,100091,191,100408,100,100084,131,100411,100,100051,100,100522,100,100019,100,100642,100,99992,100,100731,100,99976,100,100736,100,99970,200,100768,100,99948,100
2019-06-28 09:50:30.000000000,100170,376,100108,376,100190,100,100107,45,100200,100,100091,100,100408,100,100084,131,100411,100,100051,100,100522,100,100019,100,100642,100,99992,100,100731,100,99976,100,100736,100,99970,200,100768,100,99948,100
2019-06-28 09:50:32.261103629,100170,276,100108,376,100190,100,100107,45,100200,100,100091,100,100408,100,100084,131,100411,100,100051,100,100522,100,100019,100,100642,100,99992,100,100731,100,99976,100,100736,100,99970,200,100768,100,99948,100
2019-06-28 09:50:40.000000000,100190,169,100108,169,100200,169,100107,114,100408,169,100091,169,100411,169,100084,200,100522,100,100051,100,100642,100,100019,100,100731,100,99992,100,100736,100,99976,100,100768,100,99970,200,100891,100,99948,100
2019-06-28 09:50:40.186520056,100190,169,100177,100,100200,169,100108,169,100408,169,100107,114,100411,169,100091,169,100522,100,100084,200,100642,100,100051,100,100731,100,100019,100,100736,100,99992,100,100768,100,99976,100,100891,100,99970,200
2019-06-28 09:50:46.229917940,100190,69,100177,100,100200,169,100108,169,100408,169,100107,114,100411,169,100091,169,100522,100,100084,200,100642,100,100051,100,100731,100,100019,100,100736,100,99992,100,100768,100,99976,100,100891,100,99970,200
2019-06-28 09:50:50.000000000,100200,376,100177,376,100408,100,100108,100,100411,100,100107,45,100522,100,100091,100,100642,100,100084,131,100731,100,100051,100,100736,100,100019,100,100768,100,99992,100,100891,100,99976,100,,,99970,200
2019-06-28 09:51:00.000000000,100200,238,100177,238,100408,238,100108,238,100411,100,100107,45,100522,100,100091,100,100642,100,100084,131,100731,100,100051,100,100736,100,100019,100,100768,100,99992,100,100891,100,99976,100,,,99970,200
2019-06-28 09:51:10.000000000,100200,238,100177,238,100408,238,100108,238,100411,100,100107,45,100522,100,100091,100,100642,100,100084,131,100731,100,100051,100,100736,100,100019,100,100768,100,99992,100,100891,100,99976,100,,,99970,200
2019-06-28 09:51:13.617978263,100200,238,100178,100,100408,238,100177,238,100411,100,100108,238,100522,100,100107,45,100642,100,100091,100,100731,100,100084,131,100736,100,100051,100,100768,100,100019,100,100891,100,99992,100,,,99976,100
2019-06-28 09:51:20.000000000,100200,155,100178,155,100408,155,100177,155,100411,155,100108,155,100522,155,100107,100,100642,155,100091,155,100731,100,100084,131,100736,100,100051,100,100768,100,100019,100,100891,100,99992,100,,,99976,100
2019-06-28 09:51:25.600499892,100200,155,100178,255,100408,155,100177,155,100411,155,100108,155,100522,155,100107,100,100642,155,100091,155,100731,100,100084,131,100736,100,100051,100,100768,100,100019,100,100891,100,99992,100,,,99976,100
2019-06-28 09:51:30.000000000,100200,169,100178,269,100408,169,100177,169,100411,169,100108,169,100522,169,100107,114,100642,100,100091,100,100731,100,100084,131,100736,100,100051,100,100768,100,100019,100,100891,100,99992,100,,,99976,100
2019-06-28 09:51:40.000000000,100200,169,100178,269,100408,169,100177,169,100411,169,100108,169,100522,169,100107,114,100642,100,100091,100,100731,100,100084,131,100736,100,100051,100,100768,100,100019,100,100891,100,99992,100,,,99976,100
2019-06-28 09:51:45.279360925,100200,69,100178,269,100408,169,100177,169,100411,169,100108,169,100522,169,100107,114,100642,100,100091,100,100731,100,100084,131,100736,100,100051,100,100768,100,100019,100,100891,100,99992,100,,,99976,100
2019-06-28 09:51:50.000000000,100408,155,100178,255,100411,155,100177,155,100522,155,100108,155,100642,155,100107,100,100731,155,100091,155,100736,100,100084,131,100768,100,100051,100,100891,100,100019,100,,,99992,100,,,99976,100
2019-06-28 09:51:56.972889082,100408,55,100178,255,100411,155,100177,155,100522,155,100108,155,100642,155,100107,100,100731,155,100091,155,100736,100,100084,131,100768,100,100051,100,100891,100,100019,100,,,99992,100,,,99976,100
2019-06-28 09:52:00.000000000,100411,194,100178,294,100522,191,100177,191,100642,191,100108,191,100731,100,100107,45,100736,100,100091,100,100768,100,100084,131,100891,100,100051,100,,,100019,100,,,99992,100,,,99976,100
2019-06-28 09:52:10.000000000,100411,155,100178,255,100522,155,100177,155,100642,155,100108,155,100731,155,100107,100,100736,155,100091,155,100768,100,100084,131,100891,100,100051,100,,,100019,100,,,99992,100,,,99976,100
2019-06-28 09:52:13.800635185,100411,155,100178,255,100522,155,100177,155,100642,155,100108,155,100731,155,100107,100,100736,155,100091,155,100768,100,100084,131,100891,100,100051,100,100892,100,100019,100,,,99992,100,,,99976,100
2019-06-28 09:52:20.000000000,100411,194,100178,294,100522,191,100177,191,100642,191,100108,191,100731,100,100107,45,100736,100,100091,100,100768,100,100084,131,100891,100,100051,100,100892,100,100019,100,,,99992,100,,,99976,100
2019-06-28 09:52:30.000000000,100411,238,100178,338,100522,238,100177,238,100642,100,100108,100,100731,100,100107,45,100736,100,100091,100,100768,100,100084,131,100891,100,100051,100,100892,100,100019,100,,,99992,100,,,99976,100
2019-06-28 09:52:30.384300169,100411,138,100178,338,100522,238,100177,238,100642,100,100108,100,100731,100,100107,45,100736,100,100091,100,100768,100,100084,131,100891,100,100051,100,100892,100,100019,100,,,99992,100,,,99976,100
2019-06-28 09:52:31.841725347,100411,38,100178,338,100522,138,100177,238,100642,100,100108,100,100731,100,100107,45,100736,100,100091,100,100768,100,100084,131,100891,100,100051,100,100892,100,100019,100,,,99992,100,,,99976,100
2019-06-28 09:52:38.468968744,100253,100,100178,338,100411,38,100177,238,100522,138,100108,100,100642,100,100107,45,100731,100,100091,100,100736,100,100084,131,100768,100,100051,100,100891,100,100019,100,100892,100,99992,100,,,99976,100
2019-06-28 09:52:40.000000000,100253,155,100178,255,100642,155,100177,155,100731,155,100108,155,100736,155,100107,100,100768,155,100091,155,100891,100,100084,131,100892,100,100051,100,,,100019,100,,,99992,100,,,99976,100
2019-06-28 09:52:48.202624277,100253,55,100178,255,100642,155,100177,155,100731,155,100108,155,100736,155,100107,100,100768,155,100091,155,100891,100,100084,131,100892,100,100051,100,,,100019,100,,,99992,100,,,99976,100
2019-06-28 09:52:50.000000000,100642,169,100178,269,100731,169,100177,169,100736,169,100108,169,100768,169,100107,114,100891,100,100091,100,100892,100,100084,131,,,100051,100,,,100019,100,,,99992,100,,,99976,100
2019-06-28 09:52:52.019985687,100642,169,100253,100,100731,169,100178,269,100736,169,100177,169,100768,169,100108,169,100891,100,100107,114,100892,100,100091,100,,,100084,131,,,100051,100,,,100019,100,,,99992,100
2019-06-28 09:53:00.000000000,100642,238,100253,238,100731,238,100178,338,100736,100,100177,100,100768,100,100108,100,100891,100,100107,45,100892,100,100091,100,,,100084,131,,,100051,100,,,100019,100,,,99992,100
2019-06-28 09:53:10.000000000,100642,238,100253,238,100731,238,100178,338,100736,100,100177,100,100768,100,100108,100,100891,100,100107,45,100892,100,100091,100,,,100084,131,,,100051,100,,,100019,100,,,99992,100
2019-06-28 09:53:20.000000000,100642,169,100253,169,100731,169,100178,269,100736,169,100177,169,100768,169,100108,169,100891,100,100107,45,100892,100,100091,100,,,100084,131,,,100051,100,,,100019,100,,,99992,100
2019-06-28 09:53:30.000000000,100642,376,100253,376,100731,100,100178,200,100736,100,100177,100,100768,100,100108,100,100891,100,100107,45,100892,100,100091,100,,,100084,131,,,100051,100,,,100019,100,,,99992,100
2019-06-28 09:53:31.602804150,100642,376,100253,376,100731,100,100178,200,100736,100,100177,100,100768,100,100108,100,100891,100,100107,45,100892,100,100091,100,,,100084,131,,,100056,100,,,100051,100,,,100019,100
2019-06-28 09:53:40.000000000,100642,376,100253,376,100731,100,100178,200,100736,100,100177,100,100768,100,100108,100,100891,100,100107,45,100892,100,100091,100,,,100084,131,,,100056,100,,,100051,100,,,100019,100
2019-06-28 09:53:50.000000000,100642,376,100253,376,100731,100,100178,200,100736,100,100177,100,100768,100,100108,100,100891,100,100107,45,100892,100,100091,100,,,100084,131,,,100056,100,,,100051,100,,,100019,100
2019-06-28 09:54:00.000000000,100642,376,100253,376,100731,100,100178,200,100736,100,100177,100,100768,100,100108,100,100891,100,100107,45,100892,100,100091,100,,,100084,131,,,100056,100,,,100051,100,,,100019,100
2019-06-28 09:54:10.000000000,100642,169,100253,169,100731,169,100178,269,100736,169,100177,169,100768,169,100108,169,100891,100,100107,45,100892,100,100091,100,,,100084,131,,,100056,100,,,100051,100,,,100019,100
2019-06-28 09:54:14.835697431,100605,100,100253,169,100642,169,100178,269,100731,169,100177,169,100736,169,100108,169,100768,169,100107,45,100891,100,100091,100,100892,100,100084,131,,,100056,100,,,100051,100,,,100019,100
2019-06-28 09:54:20.000000000,100605,376,100253,376,100642,100,100178,200,100731,100,100177,100,100736,100,100108,100,100768,100,100107,45,100891,100,100091,100,100892,100,100084,131,,,100056,100,,,100051,100,,,100019,100
2019-06-28 09:54:30.000000000,100605,155,100253,155,100642,155,100178,255,100731,155,100177,155,100736,155,100108,155,100768,155,100107,100,100891,100,100091,100,100892,100,100084,131,,,100056,100,,,100051,100,,,100019,100
2019-06-28 09:54:40.000000000,100605,169,100253,169,100642,169,100178,269,100731,169,100177,169,100736,169,100108,169,100768,100,100107,45,100891,100,100091,100,100892,100,100084,131,,,100056,100,,,100051,100,,,100019,100
2019-06-28 09:54:47.638719368,100411,100,100253,169,100605,169,100178,269,100642,169,100177,169,100731,169,100108,169,100736,169,100107,45,100768,100,100091,100,100891,100,100084,131,100892,100,100056,100,,,100051,100,,,100019,100
2019-06-28 09:54:50.000000000,100411,194,100253,194,100605,191,100178,291,100642,191,100177,191,100731,100,100108,100,100736,100,100107,45,100768,100,100091,100,100891,100,100084,131,100892,100,100056,100,,,100051,100,,,100019,100
2019-06-28 09:54:57.297224449,100411,194,100379,100,100605,191,100253,194,100642,191,100178,291,100731,100,100177,191,100736,100,100108,100,100768,100,100107,45,100891,100,100091,100,,,100084,131,,,100056,100,,,100051,100
2019-06-28 09:54:58.494500580,100411,194,100379,100,100582,100,100253,194,100605,191,100178,291,100642,191,100177,191,100731,100,100108,100,100736,100,100107,45,100768,100,100091,100,100891,100,100084,131,,,100056,100,,,100051,100
2019-06-28 09:55:00.000000000,100411,155,100379,155,100582,155,100253,155,100605,155,100178,255,100642,155,100177,155,100731,155,100108,155,100736,100,100107,45,100768,100,100091,100,100891,100,100084,131,,,100056,100,,,100051,100
2019-06-28 09:55:09.603386436,100411,155,100379,155,100582,155,100253,255,100605,155,100178,255,100642,155,100177,155,100731,155,100108,155,100736,100,100107,45,100768,100,100091,100,100891,100,100084,131,,,100056,100,,,100051,100
2019-06-28 09:55:10.000000000,100411,169,100379,169,100582,169,100253,269,100605,169,100178,269,100642,169,100177,169,100731,100,100108,100,100736,100,100107,45,100768,100,100091,100,100891,100,100084,131,,,100056,100,,,100051,100
2019-06-28 09:55:20.000000000,100411,169,100379,169,100582,169,100253,269,100605,169,100178,269,100642,169,100177,169,100731,100,100108,100,100736,100,100107,45,100768,100,100091,100,100891,100,100084,131,,,100056,100,,,100051,100
2019-06-28 09:55:22.602634911,100411,169,100379,169,100582,169,100253,369,100605,169,100178,269,100642,169,100177,169,100731,100,100108,100,100736,100,100107,45,100768,100,100091,100,100891,100,100084,131,,,100056,100,,,100051,100
2019-06-28 09:55:30.000000000,100411,169,100379,169,100582,169,100253,369,100605,169,100178,269,100642,169,100177,169,100731,100,100108,100,100736,100,100107,45,100768,100,100091,100,100891,100,100084,131,,,100056,100,,,100051,100
2019-06-28 09:55:30.485209091,100411,69,100379,169,100582,169,100253,369,100605,169,100178,269,100642,169,100177,169,100731,100,100108,100,100736,100,100107,45,100768,100,100091,100,100891,100,100084,131,,,100056,100,,,100051,100
2019-06-28 09:55:31.186955791,100411,69,100380,100,100582,169,100379,169,100605,169,100253,369,100642,169,100178,269,100731,100,100177,169,100736,100,100108,100,100768,100,100107,45,100891,100,100091,100,,,100084,131,,,100056,100
2019-06-28 09:55:40.000000000,100582,155,100380,155,100605,155,100379,155,100642,155,100253,355,100731,155,100178,255,100736,155,100177,155,100768,100,100108,100,100891,100,100107,45,,,100091,100,,,100084,131,,,100056,100
2019-06-28 09:55:50.000000000,100582,194,100380,194,100605,191,100379,191,100642,191,100253,391,100731,100,100178,200,100736,100,100177,100,100768,100,100108,100,100891,100,100107,45,,,100091,100,,,100084,131,,,100056,100
2019-06-28 09:55:51.757615134,100582,194,100380,194,100605,191,100379,191,100642,191,100253,391,100731,100,100178,200,100736,100,100177,100,100761,100,100108,100,100768,100,100107,45,100891,100,100091,100,,,100084,131,,,100056,100
2019-06-28 09:55:54.604570722,100582,94,100380,194,100605,191,100379,191,100642,191,100253,391,100731,100,100178,200,100736,100,100177,100,100761,100,100108,100,100768,100,100107,45,100891,100,100091,100,,,100084,131,,,100056,100
2019-06-28 09:56:00.000000000,100605,238,100380,238,100642,238,100379,238,100731,100,100253,300,100736,100,100178,200,100761,100,100177,100,100768,100,100108,100,100891,100,100107,45,,,100091,100,,,100084,131,,,100056,100
2019-06-28 09:56:00.426525047,100605,238,100411,100,100642,238,100380,238,100731,100,100379,238,100736,100,100253,200,100761,100,100178,200,100768,100,100177,100,100891,100,100108,100,,,100107,45,,,100091,100,,,100084,131
2019-06-28 09:56:07.292468619,100427,100,100411,100,100605,238,100380,238,100642,238,100379,238,100731,100,100253,200,100736,100,100178,200,100761,100,100177,100,100768,100,100108,100,100891,100,100107,45,,,100091,100,,,100084,131
2019-06-28 09:56:10.000000000,100427,169,100411,169,100605,169,100380,169,100642,169,100379,169,100731,169,100253,269,100736,100,100178,200,100761,100,100177,100,100768,100,100108,100,100891,100,100107,45,,,100091,100,,,100084,131
2019-06-28 09:56:10.963214813,100427,169,100411,169,100581,100,100380,169,100605,169,100379,169,100642,169,100253,269,100731,169,100178,200,100736,100,100177,100,100761,100,100108,100,100768,100,100107,45,100891,100,100091,100,,,100084,131
2019-06-28 09:56:20.000000000,100427,376,100411,376,100581,100,100380,100,100605,100,100379,100,100642,100,100253,200,100731,100,100178,200,100736,100,100177,100,100761,100,100108,100,100768,100,100107,45,100891,100,100091,100,,,100084,131
2019-06-28 09:56:20.364359759,100427,376,100411,476,100581,100,100380,100,100605,100,100379,100,100642,100,100253,200,100731,100,100178,200,100736,100,100177,100,100761,100,100108,100,100768,100,100107,45,100891,100,100091,100,,,100084,131
2019-06-28 09:56:30.000000000,100427,376,100411,476,100581,100,100380,100,100605,100,100379,100,100642,100,100253,200,100731,100,100178,200,100736,100,100177,100,100761,100,100108,100,100768,100,100107,45,100891,100,100091,100,,,100084,131
2019-06-28 09:56:35.543250397,100427,376,100411,576,100581,100,100380,100,100605,100,100379,100,100642,100,100253,200,100731,100,100178,100,100736,100,100177,100,100761,100,100108,100,100768,100,100107,45,100891,100,100091,100,,,100084,131
2019-06-28 09:56:40.000000000,100427,169,100411,369,100581,169,100380,169,100605,169,100379,169,100642,169,100253,269,100731,100,100178,100,100736,100,100177,100,100761,100,100108,100,100768,100,100107,45,100891,100,100091,100,,,100084,131
2019-06-28 09:56:40.422979312,100427,169,100411,469,100581,169,100380,169,100605,169,100379,169,100642,169,100253,269,100731,100,100178,100,100736,100,100177,100,100761,100,100108,100,100768,100,100107,45,100891,100,100091,100,,,100084,131
2019-06-28 09:56:50.000000000,100427,194,100411,494,100581,191,100380,191,100605,191,100379,191,100642,100,100253,200,100731,100,100178,100,100736,100,100177,100,100761,100,100108,100,100768,100,100107,45,100891,100,100091,100,,,100084,131
2019-06-28 09:56:52.927339487,100427,94,100411,494,100581,191,100380,191,100605,191,100379,191,100642,100,100253,200,100731,100,100178,100,100736,100,100177,100,100761,100,100108,100,100768,100,100107,45,100891,100,100091,100,,,100084,131
2019-06-28 09:56:56.110224108,100427,94,100411,494,100581,191,100380,191,100605,191,100379,191,100642,100,100253,200,100731,100,100178,100,100736,100,100177,100,100761,100,100108,100,100768,100,100107,45,100891,100,100091,100,100927,100,100084,131
2019-06-28 09:57:00.000000000,100581,155,100411,455,100605,155,100380,155,100642,155,100379,155,100731,155,100253,255,100736,155,100178,155,100761,100,100177,100,100768,100,100108,100,100891,100,100107,45,100927,100,100091,100,,,100084,131
2019-06-28 09:57:07.127568507,100581,155,100411,455,100605,155,100380,155,100642,155,100379,155,100661,100,100253,255,100731,155,100178,155,100736,155,100177,100,100761,100,100108,100,100768,100,100107,45,100891,100,100091,100,100927,100,100084,131
2019-06-28 09:57:10.000000000,100581,376,100411,676,100605,100,100380,100,100642,100,100379,100,100661,100,100253,200,100731,100,100178,100,100736,100,100177,100,100761,100,100108,100,100768,100,100107,45,100891,100,100091,100,100927,100,100084,131
2019-06-28 09:57:20.000000000,100581,194,100411,494,100605,191,100380,191,100642,191,100379,191,100661,100,100253,200,100731,100,100178,100,100736,100,100177,100,100761,100,100108,100,100768,100,100107,45,100891,100,100091,100,100927,100,100084,131
2019-06-28 09:57:30.000000000,100581,155,100411,455,100605,155,100380,155,100642,155,100379,155,100661,155,100253,255,100731,155,100178,155,100736,100,100177,100,100761,100,100108,100,100768,100,100107,45,100891,100,100091,100,100927,100,100084,131
2019-06-28 09:57:36.215278411,100581,155,100427,100,100605,155,100411,455,100642,155,100380,155,100661,155,100379,155,100731,155,100253,255,100736,100,100178,155,100761,100,100177,100,100768,100,100108,100,100891,100,100107,45,100927,100,100091,100
2019-06-28 09:57:38.222535092,100581,155,100427,200,100605,155,100411,455,100642,155,100380,155,100661,155,100379,155,100731,155,100253,255,100736,100,100178,155,100761,100,100177,100,100768,100,100107,45,100891,100,100091,100,100927,100,100084,131
2019-06-28 09:57:40.000000000,100581,194,100427,294,100605,191,100411,491,100642,191,100380,191,100661,100,100379,100,100731,100,100253,200,100736,100,100178,100,100761,100,100177,100,100768,100,100107,45,100891,100,100091,100,100927,100,100084,131
2019-06-28 09:57:48.946916541,100581,194,100427,294,100605,191,100411,491,100642,191,100380,191,100661,100,100379,100,100664,100,100253,200,100731,100,100178,100,100736,100,100177,100,100761,100,100107,45,100768,100,100091,100,100891,100,100084,131
2019-06-28 09:57:50.000000000,100581,169,100427,269,100605,169,100411,469,100642,169,100380,169,100661,169,100379,169,100664,100,100253,200,100731,100,100178,100,100736,100,100177,100,100761,100,100107,45,100768,100,100091,100,100891,100,100084,131
2019-06-28 09:58:00.000000000,100581,376,100427,476,100605,100,100411,400,100642,100,100380,100,100661,100,100379,100,100664,100,100253,200,100731,100,100178,100,100736,100,100177,100,100761,100,100107,45,100768,100,100091,100,100891,100,100084,131
2019-06-28 09:58:02.684690505,100581,376,100427,376,100605,100,100411,400,100642,100,100380,100,100661,100,100379,100,100664,100,100253,200,100731,100,100178,100,100736,100,100177,100,100761,100,100107,45,100768,100,100091,100,100891,100,100084,131
2019-06-28 09:58:05.591258442,100581,376,100427,376,100605,100,100411,400,100642,100,100380,100,100661,100,100379,100,100664,100,100253,200,100731,100,100178,100,100736,100,100177,100,100761,100,100107,45,100768,100,100091,100,100891,100,100084,131
2019-06-28 09:58:10.000000000,100581,376,100427,376,100605,100,100411,400,100642,100,100380,100,100661,100,100379,100,100664,100,100253,200,100731,100,100178,100,100736,100,100177,100,100761,100,100107,45,100768,100,100091,100,100891,100,100084,131
2019-06-28 09:58:20.000000000,100581,155,100427,155,100605,155,100411,455,100642,155,100380,155,100661,155,100379,155,100664,155,100253,255,100731,100,100178,100,100736,100,100177,100,100761,100,100107,45,100768,100,100091,100,100891,100,100084,131
2019-06-28 09:58:28.599948836,100581,155,100427,55,100605,155,100411,455,100642,155,100380,155,100661,155,100379,155,100664,155,100253,255,100731,100,100178,100,100736,100,100177,100,100761,100,100107,45,100768,100,100091,100,100891,100,100084,131
2019-06-28 09:58:30.000000000,100581,194,100411,494,100605,191,100380,191,100642,191,100379,191,100661,100,100253,200,100664,100,100178,100,100731,100,100177,100,100736,100,100107,45,100761,100,100091,100,100768,100,100084,131,100891,100,100056,100
2019-06-28 09:58:40.000000000,100581,194,100411,494,100605,191,100380,191,100642,191,100379,191,100661,100,100253,200,100664,100,100178,100,100731,100,100177,100,100736,100,100107,45,100761,100,100091,100,100768,100,100084,131,100891,100,100056,100
2019-06-28 09:58:50.000000000,100581,376,100411,676,100605,100,100380,100,100642,100,100379,100,100661,100,100253,200,100664,100,100178,100,100731,100,100177,100,100736,100,100107,45,100761,100,100091,100,100768,100,100084,131,100891,100,100056,100
2019-06-28 09:59:00.000000000,100581,194,100411,494,100605,191,100380,191,100642,191,100379,191,100661,100,100253,200,100664,100,100178,100,100731,100,100177,100,100736,100,100107,45,100761,100,100091,100,100768,100,100084,131,100891,100,100056,100
2019-06-28 09:59:02.776009270,100581,194,100411,494,100605,191,100380,191,100642,91,100379,191,100661,100,100303,100,100664,100,100253,200,100731,100,100178,100,100736,100,100177,100,100761,100,100107,45,100768,100,100091,100,100891,100,100084,131
2019-06-28 09:59:10.000000000,100581,155,100411,455,100605,155,100380,155,100661,155,100379,155,100664,155,100303,155,100731,155,100253,255,100736,100,100178,100,100761,100,100177,100,100768,100,100107,45,100891,100,100091,100,100927,100,100084,131
2019-06-28 09:59:10.456329028,100581,155,100411,455,100605,155,100380,155,100661,155,100379,155,100664,155,100303,155,100731,155,100268,100,100736,100,100253,255,100761,100,100178,100,100768,100,100177,100,100891,100,100107,45,100927,100,100091,100
2019-06-28 09:59:20.000000000,100581,376,100411,676,100605,100,100380,100,100661,100,100379,100,100664,100,100303,100,100731,100,100268,100,100736,100,100253,200,100761,100,100178,100,100768,100,100177,100,100891,100,100107,45,100927,100,100091,100
2019-06-28 09:59:30.000000000,100581,376,100411,676,100605,100,100380,100,100661,100,100379,100,100664,100,100303,100,100731,100,100268,100,100736,100,100253,200,100761,100,100178,100,100768,100,100177,100,100891,100,100107,45,100927,100,100091,100
2019-06-28 09:59:33.367809695,100581,376,100411,676,100605,100,100380,100,100661,100,100379,100,100664,100,100303,100,100731,100,100268,100,100736,100,100253,100,100761,100,100178,100,100768,100,100177,100,100891,100,100107,45,100927,100,100091,100
2019-06-28 09:59:37.864256816,100427,100,100411,676,100581,376,100380,100,100605,100,100379,100,100661,100,100303,100,100664,100,100268,100,100731,100,100253,100,100736,100,100178,100,100761,100,100177,100,100768,100,100107,45,100891,100,100091,100
2019-06-28 09:59:40.000000000,100427,376,100411,676,100581,100,100380,100,100605,100,100379,100,100661,100,100303,100,100664,100,100268,100,100731,100,100253,100,100736,100,100178,100,100761,100,100177,100,100768,100,100107,45,100891,100,100091,100
2019-06-28 09:59:40.578599196,100427,476,100411,676,100581,100,100380,100,100605,100,100379,100,100661,100,100303,100,100664,100,100268,100,100731,100,100253,100,100736,100,100178,100,100761,100,100177,100,100768,100,100107,45,100891,100,100091,100
2019-06-28 09:59:50.000000000,100427,476,100411,676,100581,100,100380,100,100605,100,100379,100,100661,100,100303,100,100664,100,100268,100,100731,100,100253,100,100736,100,100178,100,100761,100,100177,100,100768,100,100107,45,100891,100,100091,100
2019-06-28 09:59:54.340731166,100427,476,100411,676,100581,100,100387,100,100605,100,100380,100,100661,100,100379,100,100664,100,100303,100,100731,100,100268,100,100736,100,100253,100,100761,100,100178,100,100768,100,100177,100,100891,100,100107,45
2019-06-28 09:59:54.372885641,100427,476,100411,676,100581,100,100387,100,100605,100,100380,100,100661,100,100379,100,100664,100,100303,100,100731,100,100268,100,100736,100,100253,100,100761,100,100251,100,100768,100,100178,100,100891,100,100177,100
2019-06-28 10:00:00.000000000,100427,476,100411,676,100581,100,100387,100,100605,100,100380,100,100661,100,100379,100,100664,100,100303,100,100731,100,100268,100,100736,100,100253,100,100761,100,100251,100,100768,100,100178,100,100891,100,100177,100
2019-06-28 10:00:09.101525641,100427,476,100411,576,100581,100,100387,100,100605,100,100380,100,100661,100,100379,100,100664,100,100303,100,100731,100,100268,100,100736,100,100253,100,100761,100,100251,100,100768,100,100178,100,100891,100,100177,100
2019-06-28 10:00:09.825934431,100427,476,100411,576,100581,100,100387,100,100605,100,100380,100,100661,100,100379,100,100664,100,100303,100,100731,100,100268,100,100736,100,100253,100,100761,100,100251,100,100768,100,100178,100,100891,100,100177,100
2019-06-28 10:00:10.000000000,100427,338,100411,438,100581,238,100387,238,100605,100,100380,100,100661,100,100379,100,100664,100,100303,100,100731,100,100268,100,100736,100,100253,100,100761,100,100251,100,100768,100,100178,100,100891,100,100177,100
2019-06-28 10:00:12.711822733,100426,100,100411,438,100427,338,100387,238,100581,238,100380,100,100605,100,100379,100,100661,100,100303,100,100664,100,100268,100,100731,100,100253,100,100736,100,100251,100,100761,100,100178,100,100768,100,100177,100
2019-06-28 10:00:16.660734054,100426,100,100411,438,100427,338,100387,238,100581,238,100380,100,100605,100,100379,100,100661,100,100361,100,100664,100,100303,100,100731,100,100268,100,100736,100,100253,100,100761,100,100251,100,100768,100,100178,100
2019-06-28 10:00:19.772616428,100426,100,100411,338,100427,338,100387,238,100581,238,100380,100,100605,100,100379,100,100661,100,100361,100,100664,100,100303,100,100731,100,100268,100,100736,100,100253,100,100761,100,100251,100,100768,100,100178,100
2019-06-28 10:00:20.000000000,100426,376,100411,476,100427,200,100387,100,100581,100,100380,100,100605,100,100379,100,100661,100,100361,100,100664,100,100303,100,100731,100,100268,100,100736,100,100253,100,100761,100,100251,100,100768,100,100178,100
2019-06-28 10:00:26.575541486,100426,376,100411,476,100427,200,100387,100,100581,100,100380,100,100605,100,100379,100,100661,100,100361,100,100664,100,100303,100,100731,100,100268,100,100736,100,100253,100,100761,100,100251,100,100768,100,100178,100
2019-06-28 10:00:30.000000000,100426,155,100411,255,100427,255,100387,155,100581,155,100380,155,100605,155,100379,155,100661,155,100361,155,100664,100,100303,100,100731,100,100268,100,100736,100,100253,100,100761,100,100251,100,100768,100,100178,100
2019-06-28 10:00:40.000000000,100426,194,100411,294,100427,291,100387,191,100581,191,100380,191,100605,100,100379,100,100661,100,100361,100,100664,100,100303,100,100731,100,100268,100,100736,100,100253,100,100761,100,100251,100,100768,100,100178,100
2019-06-28 10:00:50.000000000,100426,169,100411,269,100427,269,100387,169,100581,169,100380,169,100605,169,100379,169,100661,100,100361,100,100664,100,100303,100,100731,100,100268,100,100736,100,100253,100,100761,100,100251,100,100768,100,100178,100
2019-06-28 10:01:00.000000000,100426,238,100411,338,100427,338,100387,238,100581,100,100380,100,100605,100,100379,100,100661,100,100361,100,100664,100,100303,100,100731,100,100268,100,100736,100,100253,100,100761,100,100251,100,100768,100,100178,100
2019-06-28 10:01:10.000000000,100426,155,100411,255,100427,255,100387,155,100581,155,100380,155,100605,155,100379,155,100661,155,100361,155,100664,100,100303,100,100731,100,100268,100,100736,100,100253,100,100761,100,100251,100,100768,100,100178,100
2019-06-28 10:01:18.658062330,100426,155,100412,100,100427,255,100411,255,100581,155,100387,155,100605,155,100380,155,100661,155,100379,155,100664,100,100361,155,100731,100,100303,100,100736,100,100268,100,100761,100,100253,100,100768,100,100251,100
2019-06-28 10:01:20.000000000,100426,194,100412,194,100427,291,100411,291,100581,191,100387,191,100605,100,100380,100,100661,100,100379,100,100664,100,100361,100,100731,100,100303,100,100736,100,100268,100,100761,100,100253,100,100768,100,100251,100
2019-06-28 10:01:30.000000000,100426,155,100412,155,100427,255,100411,255,100581,155,100387,155,100605,155,100380,155,100661,155,100379,155,100664,100,100361,100,100731,100,100303,100,100736,100,100268,100,100761,100,100253,100,100768,100,100251,100
2019-06-28 10:01:31.030146268,100426,155,100412,255,100427,255,100411,255,100581,155,100387,155,100605,155,100380,155,100661,155,100379,155,100664,100,100361,100,100731,100,100303,100,100736,100,100268,100,100761,100,100253,100,100768,100,100251,100
2019-06-28 10:01:40.000000000,100426,376,100412,476,100427,200,100411,200,100581,100,100387,100,100605,100,100380,100,100661,100,100379,100,100664,100,100361,100,100731,100,100303,100,100736,100,100268,100,100761,100,100253,100,100768,100,100251,100
2019-06-28 10:01:50.000000000,100426,155,100412,255,100427,255,100411,255,100581,155,100387,155,100605,155,100380,155,100661,155,100379,155,100664,100,100361,100,100731,100,100303,100,100736,100,100268,100,100761,100,100253,100,100768,100,100251,100
2019-06-28 10:01:56.143076841,100426,155,100412,255,100427,255,100411,255,100572,100,100387,155,100581,155,100380,155,100605,155,100379,155,100661,155,100361,100,100664,100,100303,100,100731,100,100268,100,100736,100,100253,100,100761,100,100251,100
2019-06-28 10:01:59.230847744,100426,155,100412,255,100427,255,100411,255,100572,100,100387,155,100581,155,100380,155,100605,155,100379,155,100661,155,100361,100,100664,100,100303,100,100701,100,100268,100,100736,100,100253,100,100761,100,100251,100
2019-06-28 10:02:00.000000000,100426,238,100412,338,100427,338,100411,338,100572,100,100387,100,100581,100,100380,100,100605,100,100379,100,100661,100,100361,100,100664,100,100303,100,100701,100,100268,100,100736,100,100253,100,100761,100,100251,100
2019-06-28 10:02:08.635951401,100426,238,100412,338,100427,338,100411,338,100572,100,100387,100,100581,100,100380,100,100605,100,100379,100,100661,100,100370,100,100664,100,100361,100,100701,100,100303,100,100736,100,100268,100,100761,100,100253,100
2019-06-28 10:02:10.000000000,100426,238,100412,338,100427,338,100411,338,100572,100,100387,100,100581,100,100380,100,100605,100,100379,100,100661,100,100370,100,100664,100,100361,100,100701,100,100303,100,100736,100,100268,100,100761,100,100253,100
2019-06-28 10:02:20.000000000,100426,169,100412,269,100427,269,100411,269,100572,169,100387,169,100581,169,100380,169,100605,100,100379,100,100661,100,100370,100,100664,100,100361,100,100701,100,100303,100,100736,100,100268,100,100761,100,100253,100
2019-06-28 10:02:30.000000000,100426,169,100412,269,100427,269,100411,269,100572,169,100387,169,100581,169,100380,169,100605,100,100379,100,100661,100,100370,100,100664,100,100361,100,100701,100,100303,100,100736,100,100268,100,100761,100,100253,100
2019-06-28 10:02:32.770470721,100426,169,100412,169,100427,269,100411,269,100572,169,100387,169,100581,169,100380,169,100605,100,100379,100,100661,100,100370,100,100664,100,100361,100,100701,100,100303,100,100736,100,100268,100,100761,100,100253,100
2019-06-28 10:02:40.000000000,100426,169,100412,169,100427,269,100411,269,100572,169,100387,169,100581,169,100380,169,100605,100,100379,100,100661,100,100370,100,100664,100,100361,100,100701,100,100303,100,100736,100,100268,100,100761,100,100253,100
2019-06-28 10:02:46.320375359,100426,169,100412,169,100427,269,100411,269,100572,169,100387,169,100581,169,100380,169,100605,100,100379,100,100637,100,100370,100,100661,100,100361,100,100664,100,100303,100,100701,100,100268,100,100736,100,100253,100
2019-06-28 10:02:50.000000000,100426,169,100412,169,100427,269,100411,269,100572,169,100387,169,100581,169,100380,169,100605,100,100379,100,100637,100,100370,100,100661,100,100361,100,100664,100,100303,100,100701,100,100268,100,100736,100,100253,100
2019-06-28 10:03:00.000000000,100426,376,100412,376,100427,200,100411,200,100572,100,100387,100,100581,100,100380,100,100605,100,100379,100,100637,100,100370,100,100661,100,100361,100,100664,100,100303,100,100701,100,100268,100,100736,100,100253,100
2019-06-28 10:03:05.881076000,100426,376,100412,376,100427,200,100411,200,100572,100,100387,100,100581,100,100380,100,100605,100,100379,100,100637,100,100370,100,100661,100,100361,100,100664,100,100303,100,100694,100,100268,100,100701,100,100253,100
2019-06-28 10:03:10.000000000,100426,194,100412,194,100427,291,100411,291,100572,191,100387,191,100581,100,100380,100,100605,100,100379,100,100637,100,100370,100,100661,100,100361,100,100664,100,100303,100,100694,100,100268,100,100701,100,100253,100
2019-06-28 10:03:10.415929667,100426,94,100412,194,100427,291,100411,291,100572,191,100387,191,100581,100,100380,100,100605,100,100379,100,100637,100,100370,100,100661,100,100361,100,100664,100,100303,100,100694,100,100268,100,100701,100,100253,100
2019-06-28 10:03:14.356805281,100426,94,100412,194,100427,291,100411,291,100572,191,100387,191,100581,100,100380,100,100605,100,100379,100,100637,100,100370,100,100661,100,100361,100,100664,100,100303,100,100694,100,100268,100,100701,100,100253,100
2019-06-28 10:03:20.000000000,100427,476,100412,376,100572,100,100411,200,100581,100,100387,100,100605,100,100380,100,100637,100,100379,100,100661,100,100370,100,100664,100,100361,100,100694,100,100303,100,100701,100,100268,100,100736,100,100253,100
2019-06-28 10:03:30.000000000,100427,255,100412,155,100572,155,100411,255,100581,155,100387,155,100605,155,100380,155,100637,155,100379,155,100661,100,100370,100,100664,100,100361,100,100694,100,100303,100,100701,100,100268,100,100736,100,100253,100
2019-06-28 10:03:40.000000000,100427,476,100412,376,100572,100,100411,200,100581,100,100387,100,100605,100,100380,100,100637,100,100379,100,100661,100,100370,100,100664,100,100361,100,100694,100,100303,100,100701,100,100268,100,100736,100,100253,100
2019-06-28 10:03:50.000000000,100427,255,100412,155,100572,155,100411,255,100581,155,100387,155,100605,155,100380,155,100637,155,100379,155,100661,100,100370,100,100664,100,100361,100,100694,100,100303,100,100701,100,100268,100,100736,100,100253,100
2019-06-28 10:03:56.667310590,100427,255,100412,155,100572,155,100411,255,100581,155,100387,155,100605,155,100380,155,100637,155,100379,155,100661,100,100370,100,100664,100,100361,100,100694,100,100303,100,100701,100,100268,100,100736,100,100253,100
2019-06-28 10:04:00.000000000,100427,338,100412,238,100572,238,100411,338,100581,100,100387,100,100605,100,100380,100,100637,100,100379,100,100661,100,100370,100,100664,100,100361,100,100694,100,100303,100,100701,100,100268,100,100736,100,100253,100
2019-06-28 10:04:10.000000000,100427,338,100412,238,100572,238,100411,338,100581,100,100387,100,100605,100,100380,100,100637,100,100379,100,100661,100,100370,100,100664,100,100361,100,100694,100,100303,100,100701,100,100268,100,100736,100,100253,100
2019-06-28 10:04:15.429038449,100427,238,100412,238,100572,238,100411,338,100581,100,100387,100,100605,100,100380,100,100637,100,100379,100,100661,100,100370,100,100664,100,100361,100,100694,100,100303,100,100701,100,100268,100,100736,100,100253,100
2019-06-28 10:04:19.857320009,100427,238,100412,238,100572,238,100411,338,100581,100,100387,100,100605,100,100380,100,100637,100,100379,100,100661,100,100370,100,100664,100,100361,100,100694,100,100303,100,100701,100,100268,100,100736,100,100253,100
2019-06-28 10:04:20.000000000,100427,376,100412,376,100572,100,100411,200,100581,100,100387,100,100605,100,100380,100,100637,100,100379,100,100661,100,100370,100,100664,100,100361,100,100694,100,100303,100,100701,100,100268,100,100736,100,100253,100
2019-06-28 10:04:30.000000000,100427,194,100412,194,100572,191,100411,291,100581,191,100387,191,100605,100,100380,100,100637,100,100379,100,100661,100,100370,100,100664,100,100361,100,100694,100,100303,100,100701,100,100268,100,100736,100,100253,100
2019-06-28 10:04:40.000000000,100427,155,100412,155,100572,155,100411,255,100581,155,100387,155,100605,155,100380,155,100637,155,100379,155,100661,100,100370,100,100664,100,100361,100,100694,100,100303,100,100701,100,100268,100,100736,100,100253,100
2019-06-28 10:04:44.069306917,100427,55,100412,155,100572,155,100411,255,100581,155,100387,155,100605,155,100380,155,100637,155,100379,155,100661,100,100370,100,100664,100,100361,100,100694,100,100303,100,100701,100,100268,100,100736,100,100253,100
2019-06-28 10:04:50.000000000,100572,376,100412,376,100581,100,100411,200,100605,100,100387,100,100637,100,100380,100,100661,100,100379,100,100664,100,100370,100,100694,100,100361,100,100701,100,100303,100,100736,100,100268,100,100768,100,100253,100
2019-06-28 10:05:00.000000000,100572,194,100412,194,100581,191,100411,291,100605,191,100387,191,100637,100,100380,100,100661,100,100379,100,100664,100,100370,100,100694,100,100361,100,100701,100,100303,100,100736,100,100268,100,100768,100,100253,100
2019-06-28 10:05:10.000000000,100572,194,100412,194,100581,191,100411,291,100605,191,100387,191,100637,100,100380,100,100661,100,100379,100,100664,100,100370,100,100694,100,100361,100,100701,100,100303,100,100736,100,100268,100,100768,100,100253,100
2019-06-28 10:05:19.625337145,100572,94,100412,194,100581,191,100411,291,100605,191,100387,191,100637,100,100380,100,100661,100,100379,100,100664,100,100370,100,100694,100,100361,100,100701,100,100303,100,100736,100,100268,100,100768,100,100253,100
2019-06-28 10:05:20.000000000,100581,238,100412,238,100605,238,100411,338,100637,100,100387,100,100661,100,100380,100,100664,100,100379,100,100694,100,100370,100,100701,100,100361,100,100736,100,100303,100,100768,100,100268,100,100891,100,100253,100
2019-06-28 10:05:30.000000000,100581,376,100412,376,100605,100,100411,200,100637,100,100387,100,100661,100,100380,100,100664,100,100379,100,100694,100,100370,100,100701,100,100361,100,100736,100,100303,100,100768,100,100268,100,100891,100,100253,100
2019-06-28 10:05:40.000000000,100581,376,100412,376,100605,100,100411,200,100637,100,100387,100,100661,100,100380,100,100664,100,100379,100,100694,100,100370,100,100701,100,100361,100,100736,100,100303,100,100768,100,100268,100,100891,100,100253,100
2019-06-28 10:05:47.324074802,100581,276,100412,376,100605,100,100411,200,100637,100,100387,100,100661,100,100380,100,100664,100,100379,100,100694,100,100370,100,100701,100,100361,100,100736,100,100268,100,100768,100,100253,100,100891,100,100251,100
2019-06-28 10:05:50.000000000,100605,155,100412,155,100637,155,100411,255,100661,155,100387,155,100664,155,100380,155,100694,155,100379,155,100701,100,100370,100,100736,100,100361,100,100768,100,100268,100,100891,100,100253,100,100897,100,100251,100
2019-06-28 10:06:00.000000000,100605,155,100412,155,100637,155,100411,255,100661,155,100387,155,100664,155,100380,155,100694,155,100379,155,100701,100,100370,100,100736,100,100361,100,100768,100,100268,100,100891,100,100253,100,100897,100,100251,100
