,ask_price_1,ask_size_1,bid_price_1,bid_size_1,ask_price_2,ask_size_2,bid_price_2,bid_size_2,ask_price_3,ask_size_3,bid_price_3,bid_size_3,ask_price_4,ask_size_4,bid_price_4,bid_size_4,ask_price_5,ask_size_5,bid_price_5,bid_size_5,ask_price_6,ask_size_6,bid_price_6,bid_size_6,ask_price_7,ask_size_7,bid_price_7,bid_size_7,ask_price_8,ask_size_8,bid_price_8,bid_size_8,ask_price_9,ask_size_9,bid_price_9,bid_size_9,ask_price_10,ask_size_10,bid_price_10,bid_size_10
2019-06-28 09:30:00.000000000,100138,100,,,,,,,,,,,,,,,,,,,,,,,,,,,,,,,,,,,,,,
2019-06-28 09:30:00.000000008,100138,100,99965,100,,,,,,,,,,,,,,,,,,,,,,,,,,,,,,,,,,,,
2019-06-28 09:30:00.000000010,100138,100,100052,100,,,99965,100,,,,,,,,,,,,,,,,,,,,,,,,,,,,,,,,
2019-06-28 09:30:00.000000012,100128,100,100052,100,100138,100,99965,100,,,,,,,,,,,,,,,,,,,,,,,,,,,,,,,,
2019-06-28 09:30:00.000000013,100092,100,100052,100,100128,100,99965,100,100138,100,,,,,,,,,,,,,,,,,,,,,,,,,,,,,,
2019-06-28 09:30:00.000000014,100092,100,99965,100,100128,100,,,100138,100,,,,,,,,,,,,,,,,,,,,,,,,,,,,,,
2019-06-28 09:30:00.000000015,100092,100,99965,100,100128,100,99849,100,100138,100,,,,,,,,,,,,,,,,,,,,,,,,,,,,,,
2019-06-28 09:30:00.000000016,99972,100,99965,100,100092,100,99849,100,100128,100,,,100138,100,,,100194,100,,,,,,,,,,,,,,,,,,,,,,
2019-06-28 09:30:00.000000019,99972,100,99965,100,100040,100,99849,100,100092,100,,,100128,100,,,100138,100,,,100194,100,,,,,,,,,,,,,,,,,,
2019-06-28 09:30:00.000000021,100040,100,99965,100,100092,100,99849,100,100128,100,,,100138,100,,,100194,100,,,,,,,,,,,,,,,,,,,,,,
2019-06-28 09:30:00.000000024,100040,100,99965,100,100092,100,99900,100,100128,100,99849,100,100138,100,,,100194,100,,,,,,,,,,,,,,,,,,,,,,
2019-06-28 09:30:00.000000025,100040,100,99972,100,100092,100,99965,100,100128,100,99900,100,100138,100,99849,100,100194,100,,,,,,,,,,,,,,,,,,,,,,
2019-06-28 09:30:00.000000027,100040,100,99972,200,100092,100,99965,100,100128,100,99900,100,100138,100,99849,100,100194,100,,,,,,,,,,,,,,,,,,,,,,
2019-06-28 09:30:00.000000029,99998,100,99972,200,100040,100,99965,100,100092,100,99900,100,100128,100,99849,100,100138,100,,,100194,100,,,,,,,,,,,,,,,,,,
2019-06-28 09:30:00.000000031,100040,100,99972,200,100092,100,99965,100,100128,100,99900,100,100138,100,99849,100,100194,100,,,,,,,,,,,,,,,,,,,,,,
2019-06-28 09:30:00.000000032,100040,100,99972,200,100063,100,99965,100,100092,100,99900,100,100128,100,99849,100,100138,100,,,100194,100,,,,,,,,,,,,,,,,,,
2019-06-28 09:30:00.000000034,100040,100,99972,200,100063,100,99965,100,100092,100,99900,100,100128,100,99849,100,100138,100,,,100194,100,,,100222,100,,,,,,,,,,,,,,
2019-06-28 09:30:00.000000035,100040,100,99972,200,100063,100,99965,100,100092,100,99941,100,100128,100,99900,100,100138,100,99849,100,100194,100,,,100222,100,,,,,,,,,,,,,,
2019-06-28 09:30:00.000000036,100040,100,99972,200,100063,100,99965,100,100092,100,99941,100,100128,100,99905,100,100138,100,99900,100,100194,100,99849,100,100222,100,,,,,,,,,,,,,,
2019-06-28 09:30:00.000000038,100040,100,99973,100,100063,100,99972,200,100092,100,99965,100,100128,100,99941,100,100138,100,99905,100,100194,100,99900,100,100222,100,99849,100,,,,,,,,,,,,
2019-06-28 09:30:00.000000040,99991,100,99973,100,100040,100,99972,200,100063,100,99965,100,100092,100,99941,100,100122,100,99905,100,100128,100,99900,100,100138,100,99849,100,100194,100,,,100222,100,,,,,,
2019-06-28 09:30:00.000000041,99991,100,99973,200,100040,100,99972,200,100063,100,99965,100,100092,100,99941,100,100122,100,99905,100,100128,100,99900,100,100138,100,99849,100,100194,100,,,100222,100,,,,,,
2019-06-28 09:30:00.000000042,99991,100,99973,200,100040,100,99972,200,100063,100,99965,100,100092,100,99941,100,100122,100,99905,100,100128,100,99900,100,100138,100,99849,100,100194,100,99823,100,100222,100,,,,,,
2019-06-28 09:30:00.000000043,99991,100,99973,200,100027,100,99972,200,100040,100,99965,100,100063,100,99941,100,100092,100,99905,100,100122,100,99900,100,100128,100,99849,100,100138,100,99823,100,100194,100,,,100222,100,,
2019-06-28 09:30:00.000000046,99991,100,99973,300,100027,100,99972,200,100040,100,99965,100,100063,100,99941,100,100092,100,99908,100,100122,100,99905,100,100128,100,99900,100,100138,100,99849,100,100194,100,99823,100,100222,100,,
2019-06-28 09:30:00.000000047,99991,100,99973,300,100027,100,99972,200,100040,100,99965,100,100063,100,99941,100,100077,100,99908,100,100092,100,99905,100,100122,100,99900,100,100128,100,99849,100,100138,100,99823,100,100194,100,,
2019-06-28 09:30:00.000000048,99991,100,99973,300,100027,100,99972,200,100040,100,99965,100,100063,100,99941,100,100077,100,99908,100,100092,100,99905,100,100122,100,99900,100,100128,100,99860,100,100132,100,99849,100,100138,100,99823,100
2019-06-28 09:30:00.000000049,99991,100,99973,300,100027,100,99972,200,100040,100,99965,100,100063,100,99941,100,100077,100,99908,100,100092,100,99905,100,100122,100,99900,100,100128,100,99860,100,100132,100,99849,100,100138,100,99823,100
2019-06-28 09:30:00.000000050,99991,100,99973,400,100027,100,99972,200,100040,100,99965,100,100063,100,99941,100,100077,100,99908,100,100092,100,99905,100,100122,100,99900,100,100128,100,99860,100,100132,100,99849,100,100138,100,99823,100
2019-06-28 09:30:00.000000055,99991,100,99973,400,99998,100,99972,200,100027,100,99965,100,100040,100,99941,100,100063,100,99908,100,100077,100,99905,100,100092,100,99900,100,100122,100,99860,100,100128,100,99849,100,100132,100,99823,100
2019-06-28 09:30:00.000000056,99991,100,99973,400,99998,100,99972,200,100027,100,99965,100,100040,100,99941,100,100063,100,99931,100,100077,100,99929,100,100092,100,99908,100,100122,100,99905,100,100128,100,99900,100,100132,100,99898,100
2019-06-28 09:30:00.000000057,99991,100,99973,400,99998,100,99972,200,100027,100,99965,100,100040,100,99941,100,100063,100,99931,100,100077,100,99929,100,100092,100,99908,100,100122,100,99905,100,100128,100,99900,100,100132,100,99898,100
2019-06-28 09:30:00.000000061,99991,100,99973,400,99998,100,99972,200,100027,100,99965,100,100037,100,99941,100,100040,100,99931,100,100063,100,99929,100,100077,100,99908,100,100092,100,99905,100,100113,100,99900,100,100122,100,99898,100
2019-06-28 09:30:00.000000062,99991,100,99973,500,99998,100,99972,200,100027,100,99965,100,100037,100,99941,100,100040,100,99931,100,100063,100,99929,100,100077,100,99908,100,100092,100,99905,100,100113,100,99900,100,100122,100,99898,100
2019-06-28 09:30:00.000000064,99991,100,99973,500,99998,100,99972,200,100027,100,99965,100,100037,100,99941,100,100040,100,99931,100,100063,100,99929,100,100077,100,99911,100,100092,100,99908,100,100113,100,99905,100,100122,100,99900,100
2019-06-28 09:30:00.000000066,99991,100,99973,500,99998,100,99972,200,100027,100,99965,100,100037,100,99941,100,100040,100,99931,100,100063,100,99929,100,100067,100,99911,100,100077,100,99908,100,100092,100,99905,100,100113,100,99900,100
2019-06-28 09:30:00.000000069,99991,100,99973,500,99998,100,99972,200,100027,100,99965,100,100037,100,99941,100,100040,100,99931,100,100047,100,99929,100,100063,100,99911,100,100067,100,99908,100,100077,100,99905,100,100092,100,99900,100
2019-06-28 09:30:00.000000074,99991,100,99973,600,99998,100,99972,200,100027,100,99965,100,100037,100,99941,100,100040,100,99931,100,100047,100,99929,100,100063,100,99911,100,100067,100,99908,100,100077,100,99905,100,100092,100,99900,100
2019-06-28 09:30:00.000000077,99991,100,99973,600,99998,100,99972,200,100027,100,99965,100,100037,100,99941,100,100040,100,99931,100,100047,100,99929,100,100063,100,99911,100,100067,100,99908,100,100072,100,99905,100,100077,100,99900,100
2019-06-28 09:30:00.000000078,99991,100,99973,600,99998,100,99972,200,100027,100,99965,100,100037,100,99941,100,100040,100,99931,100,100047,100,99929,100,100063,100,99911,100,100067,100,99908,100,100072,100,99905,100,100077,100,99900,100
2019-06-28 09:30:00.000000079,99991,100,99973,600,99998,100,99972,200,100027,100,99965,100,100037,100,99941,100,100040,100,99931,100,100047,100,99929,100,100060,100,99911,100,100063,100,99908,100,100067,100,99905,100,100072,100,99900,100
2019-06-28 09:30:00.000000080,99991,100,99973,600,99998,100,99972,200,100018,100,99965,100,100027,100,99955,100,100037,100,99941,100,100040,100,99931,100,100047,100,99929,100,100060,100,99922,100,100063,100,99911,100,100067,100,99908,100
2019-06-28 09:30:00.000000083,99991,100,99973,600,99998,100,99972,200,100018,100,99965,100,100027,100,99955,100,100037,100,99941,100,100040,100,99931,100,100047,100,99929,100,100060,100,99922,100,100063,100,99911,100,100067,100,99908,100
2019-06-28 09:30:00.000000087,99991,100,99973,600,99998,100,99972,200,100018,100,99965,100,100027,100,99955,100,100037,100,99941,100,100040,100,99931,100,100047,100,99929,100,100060,100,99922,100,100063,100,99911,100,100067,100,99908,100
2019-06-28 09:30:00.000000088,99991,100,99973,600,99998,100,99972,200,100018,100,99965,100,100027,100,99955,100,100037,200,99941,100,100040,100,99931,100,100047,100,99929,100,100060,100,99922,100,100063,100,99911,100,100067,100,99908,100
2019-06-28 09:30:00.000000090,99991,100,99981,100,99998,100,99973,600,100018,100,99972,200,100027,100,99965,100,100037,200,99955,100,100040,100,99941,100,100047,100,99931,100,100060,100,99929,100,100063,100,99922,100,100067,100,99911,100
2019-06-28 09:30:00.000000091,99991,100,99981,100,99998,100,99973,600,100018,100,99972,200,100027,100,99965,100,100037,200,99955,100,100040,100,99941,100,100047,100,99931,100,100060,100,99929,100,100063,100,99922,100,100067,100,99911,100
2019-06-28 09:30:00.000000097,99991,100,99981,100,99998,100,99973,600,100018,100,99972,200,100027,100,99965,100,100037,200,99955,100,100040,100,99941,100,100047,100,99931,100,100060,100,99929,100,100063,100,99922,100,100067,100,99914,100
2019-06-28 09:30:00.000000099,99991,100,99981,100,99998,100,99973,700,100018,100,99972,200,100027,100,99965,100,100037,200,99955,100,100040,100,99941,100,100047,100,99931,100,100060,100,99929,100,100063,100,99922,100,100067,100,99914,100
2019-06-28 09:30:10.000000000,99991,414,99981,414,99998,100,99973,700,100018,100,99972,200,100027,100,99965,100,100037,200,99955,100,100040,100,99941,100,100047,100,99931,100,100060,100,99929,100,100063,100,99922,100,100067,100,99914,100
2019-06-28 09:30:15.096181710,99991,414,99981,414,99998,100,99973,600,100018,100,99972,200,100027,100,99965,100,100037,200,99955,100,100040,100,99941,100,100047,100,99931,100,100060,100,99929,100,100063,100,99922,100,100067,100,99914,100
2019-06-28 09:30:20.000000000,99991,178,99981,178,99998,178,99973,678,100018,178,99972,278,100027,178,99965,178,100037,200,99955,100,100040,100,99941,100,100047,100,99931,100,100060,100,99929,100,100063,100,99922,100,100067,100,99914,100
2019-06-28 09:30:26.100968805,99991,178,99981,178,99998,178,99973,778,100018,178,99972,178,100027,178,99965,178,100037,200,99955,100,100040,100,99941,100,100047,100,99931,100,100060,100,99929,100,100063,100,99922,100,100067,100,99914,100
2019-06-28 09:30:30.000000000,99991,414,99981,414,99998,100,99973,700,100018,100,99972,100,100027,100,99965,100,100037,200,99955,100,100040,100,99941,100,100047,100,99931,100,100060,100,99929,100,100063,100,99922,100,100067,100,99914,100
2019-06-28 09:30:31.336781156,99991,314,99981,414,99998,100,99973,700,100018,100,99972,100,100027,100,99965,100,100037,200,99955,100,100040,100,99941,100,100047,100,99931,100,100060,100,99929,100,100063,100,99922,100,100067,100,99914,100
2019-06-28 09:30:40.000000000,99998,163,99981,163,100018,163,99973,763,100027,163,99972,163,100037,263,99965,163,100040,163,99955,163,100047,100,99941,100,100060,100,99931,100,100063,100,99929,100,100067,100,99922,100,100072,100,99914,100
2019-06-28 09:30:44.886798166,99990,100,99981,163,99998,163,99973,663,100018,163,99972,163,100027,163,99965,163,100037,263,99955,163,100040,163,99941,100,100047,100,99931,100,100060,100,99929,100,100063,100,99922,100,100067,100,99914,100
2019-06-28 09:30:50.000000000,99990,178,99981,178,99998,178,99973,678,100018,178,99972,178,100027,178,99965,178,100037,200,99955,100,100040,100,99941,100,100047,100,99931,100,100060,100,99929,100,100063,100,99922,100,100067,100,99914,100
2019-06-28 09:31:00.000000000,99990,207,99981,207,99998,204,99973,704,100018,204,99972,204,100027,100,99965,100,100037,200,99955,100,100040,100,99941,100,100047,100,99931,100,100060,100,99929,100,100063,100,99922,100,100067,100,99914,100
2019-06-28 09:31:10.000000000,99990,207,99981,207,99998,204,99973,704,100018,204,99972,204,100027,100,99965,100,100037,200,99955,100,100040,100,99941,100,100047,100,99931,100,100060,100,99929,100,100063,100,99922,100,100067,100,99914,100
2019-06-28 09:31:20.000000000,99990,414,99981,414,99998,100,99973,600,100018,100,99972,100,100027,100,99965,100,100037,200,99955,100,100040,100,99941,100,100047,100,99931,100,100060,100,99929,100,100063,100,99922,100,100067,100,99914,100
2019-06-28 09:31:30.000000000,99990,414,99981,414,99998,100,99973,600,100018,100,99972,100,100027,100,99965,100,100037,200,99955,100,100040,100,99941,100,100047,100,99931,100,100060,100,99929,100,100063,100,99922,100,100067,100,99914,100
2019-06-28 09:31:40.000000000,99990,257,99981,257,99998,257,99973,757,100018,100,99972,100,100027,100,99965,100,100037,200,99955,100,100040,100,99941,100,100047,100,99931,100,100060,100,99929,100,100063,100,99922,100,100067,100,99914,100
2019-06-28 09:31:41.112846370,99990,257,99981,257,99998,257,99973,657,100018,100,99972,100,100027,100,99965,100,100037,200,99955,100,100040,100,99941,100,100047,100,99931,100,100060,100,99929,100,100063,100,99922,100,100067,100,99914,100
2019-06-28 09:31:50.000000000,99990,178,99981,178,99998,178,99973,578,100018,178,99972,178,100027,178,99965,178,100037,200,99955,100,100040,100,99941,100,100047,100,99931,100,100060,100,99929,100,100063,100,99922,100,100067,100,99914,100
2019-06-28 09:31:51.455451819,99990,178,99981,178,99998,178,99973,578,100018,178,99972,178,100027,178,99965,178,100037,200,99955,100,100040,100,99941,100,100047,100,99931,100,100060,100,99929,100,100063,100,99922,100,100067,100,99914,100
2019-06-28 09:32:00.000000000,99990,163,99981,163,99998,163,99973,563,100018,163,99972,163,100027,163,99965,163,100037,263,99955,163,100040,100,99941,100,100047,100,99931,100,100060,100,99929,100,100063,100,99922,100,100067,100,99914,100
2019-06-28 09:32:00.447629522,99990,163,99981,163,99998,163,99973,563,100018,163,99972,163,100027,163,99965,163,100037,263,99955,163,100040,100,99941,100,100047,100,99931,100,100060,100,99929,100,100063,100,99922,100,100067,100,99914,100
2019-06-28 09:32:10.000000000,99990,163,99981,163,99998,163,99973,563,100018,163,99972,163,100027,163,99965,163,100037,263,99955,163,100040,100,99941,100,100047,100,99931,100,100060,100,99929,100,100063,100,99922,100,100067,100,99914,100
2019-06-28 09:32:20.000000000,99990,257,99981,257,99998,257,99973,657,100018,100,99972,100,100027,100,99965,100,100037,200,99955,100,100040,100,99941,100,100047,100,99931,100,100060,100,99929,100,100063,100,99922,100,100067,100,99914,100
2019-06-28 09:32:30.000000000,99990,257,99981,257,99998,257,99973,657,100018,100,99972,100,100027,100,99965,100,100037,200,99955,100,100040,100,99941,100,100047,100,99931,100,100060,100,99929,100,100063,100,99922,100,100067,100,99914,100
2019-06-28 09:32:40.000000000,99990,163,99981,163,99998,163,99973,563,100018,163,99972,163,100027,163,99965,163,100037,263,99955,163,100040,100,99941,100,100047,100,99931,100,100060,100,99929,100,100063,100,99922,100,100067,100,99914,100
2019-06-28 09:32:40.171537115,99990,63,99981,163,99998,163,99973,563,100018,163,99972,163,100027,163,99965,163,100037,263,99955,163,100040,100,99941,100,100047,100,99931,100,100060,100,99929,100,100063,100,99922,100,100067,100,99914,100
2019-06-28 09:32:47.738448086,99998,163,99990,37,100018,163,99981,163,100027,163,99973,563,100037,263,99972,163,100040,100,99965,163,100047,100,99955,163,100060,100,99941,100,100063,100,99931,100,100067,100,99929,100,100072,100,99922,100
2019-06-28 09:32:50.000000000,99998,257,99990,194,100018,257,99981,257,100027,100,99973,500,100037,200,99972,100,100040,100,99965,100,100047,100,99955,100,100060,100,99941,100,100063,100,99931,100,100067,100,99929,100,100072,100,99922,100
2019-06-28 09:33:00.000000000,99998,414,99990,351,100018,100,99981,100,100027,100,99973,500,100037,200,99972,100,100040,100,99965,100,100047,100,99955,100,100060,100,99941,100,100063,100,99931,100,100067,100,99929,100,100072,100,99922,100
2019-06-28 09:33:10.000000000,99998,414,99990,351,100018,100,99981,100,100027,100,99973,500,100037,200,99972,100,100040,100,99965,100,100047,100,99955,100,100060,100,99941,100,100063,100,99931,100,100067,100,99929,100,100072,100,99922,100
2019-06-28 09:33:20.000000000,99998,414,99990,351,100018,100,99981,100,100027,100,99973,500,100037,200,99972,100,100040,100,99965,100,100047,100,99955,100,100060,100,99941,100,100063,100,99931,100,100067,100,99929,100,100072,100,99922,100
2019-06-28 09:33:28.621473397,99998,314,99990,351,100018,100,99981,100,100027,100,99973,500,100037,200,99972,100,100040,100,99965,100,100047,100,99955,100,100060,100,99941,100,100063,100,99931,100,100067,100,99929,100,100072,100,99922,100
2019-06-28 09:33:30.000000000,100018,414,99990,351,100027,100,99981,100,100037,200,99973,500,100040,100,99972,100,100047,100,99965,100,100060,100,99955,100,100063,100,99941,100,100067,100,99931,100,100072,100,99929,100,100087,100,99922,100
2019-06-28 09:33:40.000000000,100018,178,99990,115,100027,178,99981,178,100037,278,99973,578,100040,178,99972,178,100047,100,99965,100,100060,100,99955,100,100063,100,99941,100,100067,100,99931,100,100072,100,99929,100,100087,100,99922,100
2019-06-28 09:33:44.723693129,100018,78,99990,115,100027,178,99981,178,100037,178,99973,578,100040,178,99972,178,100047,100,99965,100,100060,100,99955,100,100063,100,99941,100,100067,100,99931,100,100072,100,99929,100,100087,100,99922,100
2019-06-28 09:33:44.803586229,100018,78,99998,100,100027,178,99990,115,100037,178,99981,178,100040,178,99973,478,100047,100,99972,178,100060,100,99965,100,100063,100,99955,100,100067,100,99941,100,100072,100,99931,100,100087,100,99929,100
2019-06-28 09:33:48.956021321,100018,78,99998,100,100027,178,99990,115,100037,178,99981,178,100040,178,99973,378,100047,100,99972,178,100060,100,99965,100,100063,100,99955,100,100067,100,99941,100,100072,100,99931,100,100087,100,99929,100
2019-06-28 09:33:50.000000000,100027,207,99998,207,100037,204,99990,141,100040,204,99981,204,100047,100,99973,300,100060,100,99972,100,100063,100,99965,100,100067,100,99955,100,100072,100,99941,100,100087,100,99931,100,100092,100,99929,100
2019-06-28 09:34:00.000000000,100027,414,99998,414,100037,100,99990,37,100040,100,99981,100,100047,100,99973,300,100060,100,99972,100,100063,100,99965,100,100067,100,99955,100,100072,100,99941,100,100087,100,99931,100,100092,100,99929,100
2019-06-28 09:34:10.000000000,100027,207,99998,207,100037,204,99990,141,100040,204,99981,204,100047,100,99973,300,100060,100,99972,100,100063,100,99965,100,100067,100,99955,100,100072,100,99941,100,100087,100,99931,100,100092,100,99929,100
2019-06-28 09:34:20.000000000,100027,163,99998,163,100037,163,99990,100,100040,163,99981,163,100047,163,99973,363,100060,163,99972,163,100063,100,99965,100,100067,100,99955,100,100072,100,99941,100,100087,100,99931,100,100092,100,99929,100
2019-06-28 09:34:30.000000000,100027,178,99998,178,100037,178,99990,115,100040,178,99981,178,100047,178,99973,378,100060,100,99972,100,100063,100,99965,100,100067,100,99955,100,100072,100,99941,100,100087,100,99931,100,100092,100,99929,100
2019-06-28 09:34:30.916618462,100027,178,99998,178,100037,178,99990,115,100040,178,99981,178,100047,178,99973,378,100060,100,99972,100,100063,100,99965,100,100067,100,99955,100,100072,100,99941,100,100087,100,99931,100,100092,100,99929,100
2019-06-28 09:34:40.000000000,100027,178,99998,178,100037,178,99990,115,100040,178,99981,178,100047,178,99973,378,100060,100,99972,100,100063,100,99965,100,100067,100,99955,100,100072,100,99941,100,100087,100,99931,100,100092,100,99929,100
2019-06-28 09:34:50.000000000,100027,178,99998,178,100037,178,99990,115,100040,178,99981,178,100047,178,99973,378,100060,100,99972,100,100063,100,99965,100,100067,100,99955,100,100072,100,99941,100,100087,100,99931,100,100092,100,99929,100
2019-06-28 09:34:59.548907950,100027,78,99998,178,100037,178,99990,115,100040,178,99981,178,100047,178,99973,378,100060,100,99972,100,100063,100,99965,100,100067,100,99955,100,100072,100,99941,100,100087,100,99931,100,100092,100,99929,100
2019-06-28 09:35:00.000000000,100037,163,99998,163,100040,163,99990,100,100047,163,99981,163,100060,163,99973,363,100063,163,99972,163,100067,100,99965,100,100072,100,99955,100,100087,100,99941,100,100092,100,99931,100,100113,100,99929,100
2019-06-28 09:35:10.000000000,100037,257,99998,257,100040,257,99990,194,100047,100,99981,100,100060,100,99973,300,100063,100,99972,100,100067,100,99965,100,100072,100,99955,100,100087,100,99941,100,100092,100,99931,100,100113,100,99929,100
2019-06-28 09:35:20.000000000,100037,178,99998,178,100040,178,99990,115,100047,178,99981,178,100060,178,99973,378,100063,100,99972,100,100067,100,99965,100,100072,100,99955,100,100087,100,99941,100,100092,100,99931,100,100113,100,99929,100
2019-06-28 09:35:30.000000000,100037,414,99998,414,100040,100,99990,37,100047,100,99981,100,100060,100,99973,300,100063,100,99972,100,100067,100,99965,100,100072,100,99955,100,100087,100,99941,100,100092,100,99931,100,100113,100,99929,100
2019-06-28 09:35:40.000000000,100037,257,99998,257,100040,257,99990,194,100047,100,99981,100,100060,100,99973,300,100063,100,99972,100,100067,100,99965,100,100072,100,99955,100,100087,100,99941,100,100092,100,99931,100,100113,100,99929,100
2019-06-28 09:35:42.821489850,100037,157,99998,257,100040,257,99990,194,100047,100,99981,100,100060,100,99973,300,100063,100,99972,100,100067,100,99965,100,100072,100,99955,100,100087,100,99941,100,100092,100,99931,100,100113,100,99929,100
2019-06-28 09:35:50.000000000,100040,207,99998,207,100047,204,99990,141,100060,204,99981,204,100063,100,99973,300,100067,100,99972,100,100072,100,99965,100,100087,100,99955,100,100092,100,99941,100,100113,100,99931,100,100122,100,99929,100
2019-06-28 09:36:00.000000000,100040,178,99998,178,100047,178,99990,115,100060,178,99981,178,100063,178,99973,378,100067,100,99972,100,100072,100,99965,100,100087,100,99955,100,100092,100,99941,100,100113,100,99931,100,100122,100,99929,100
2019-06-28 09:36:10.000000000,100040,414,99998,414,100047,100,99990,37,100060,100,99981,100,100063,100,99973,300,100067,100,99972,100,100072,100,99965,100,100087,100,99955,100,100092,100,99941,100,100113,100,99931,100,100122,100,99929,100
2019-06-28 09:36:15.404697236,100040,314,99998,414,100047,100,99990,37,100060,100,99981,100,100063,100,99973,300,100067,100,99972,100,100072,100,99965,100,100087,100,99955,100,100092,100,99941,100,100113,100,99931,100,100122,100,99929,100
2019-06-28 09:36:20.000000000,100047,207,99998,207,100060,204,99990,141,100063,204,99981,204,100067,100,99973,300,100072,100,99972,100,100087,100,99965,100,100092,100,99955,100,100113,100,99941,100,100122,100,99931,100,100128,100,99929,100
2019-06-28 09:36:30.000000000,100047,207,99998,207,100060,204,99990,141,100063,204,99981,204,100067,100,99973,300,100072,100,99972,100,100087,100,99965,100,100092,100,99955,100,100113,100,99941,100,100122,100,99931,100,100128,100,99929,100
2019-06-28 09:36:40.000000000,100047,178,99998,178,100060,178,99990,115,100063,178,99981,178,100067,178,99973,378,100072,100,99972,100,100087,100,99965,100,100092,100,99955,100,100113,100,99941,100,100122,100,99931,100,100128,100,99929,100
2019-06-28 09:36:42.015164630,100047,178,99998,178,100060,178,99990,115,100063,178,99981,178,100067,178,99973,378,100072,100,99972,100,100087,100,99965,100,100092,100,99955,100,100113,100,99941,100,100122,100,99931,100,100128,100,99929,100
2019-06-28 09:36:50.000000000,100047,178,99998,178,100060,178,99990,115,100063,178,99981,178,100067,178,99973,378,100072,100,99972,100,100087,100,99965,100,100092,100,99955,100,100113,100,99941,100,100122,100,99931,100,100128,100,99929,100
2019-06-28 09:36:59.391639757,100047,178,99998,178,100060,178,99990,115,100063,178,99981,178,100067,178,99973,378,100072,100,99972,100,100087,100,99965,100,100092,100,99941,100,100113,100,99933,100,100122,100,99931,100,100128,100,99929,100
2019-06-28 09:37:00.000000000,100047,257,99998,257,100060,257,99990,194,100063,100,99981,100,100067,100,99973,300,100072,100,99972,100,100087,100,99965,100,100092,100,99941,100,100113,100,99933,100,100122,100,99931,100,100128,100,99929,100
2019-06-28 09:37:10.000000000,100047,207,99998,207,100060,204,99990,141,100063,204,99981,204,100067,100,99973,300,100072,100,99972,100,100087,100,99965,100,100092,100,99941,100,100113,100,99933,100,100122,100,99931,100,100128,100,99929,100
2019-06-28 09:37:20.000000000,100047,163,99998,163,100060,163,99990,100,100063,163,99981,163,100067,163,99973,363,100072,163,99972,163,100087,100,99965,100,100092,100,99941,100,100113,100,99933,100,100122,100,99931,100,100128,100,99929,100
2019-06-28 09:37:30.000000000,100047,207,99998,207,100060,204,99990,141,100063,204,99981,204,100067,100,99973,300,100072,100,99972,100,100087,100,99965,100,100092,100,99941,100,100113,100,99933,100,100122,100,99931,100,100128,100,99929,100
2019-06-28 09:37:39.816797206,100047,207,99998,207,100060,204,99990,141,100063,204,99981,204,100067,100,99973,300,100072,100,99972,100,100087,100,99965,100,100092,100,99941,100,100122,100,99933,100,100128,100,99931,100,100131,100,99929,100
2019-06-28 09:37:40.000000000,100047,414,99998,414,100060,100,99990,37,100063,100,99981,100,100067,100,99973,300,100072,100,99972,100,100087,100,99965,100,100092,100,99941,100,100122,100,99933,100,100128,100,99931,100,100131,100,99929,100
2019-06-28 09:37:50.000000000,100047,163,99998,163,100060,163,99990,100,100063,163,99981,163,100067,163,99973,363,100072,163,99972,163,100087,100,99965,100,100092,100,99941,100,100122,100,99933,100,100128,100,99931,100,100131,100,99929,100
2019-06-28 09:37:53.634155760,100047,163,99998,163,100060,163,99990,100,100063,163,99981,163,100067,163,99973,363,100072,163,99972,163,100087,100,99965,100,100092,100,99941,100,100122,100,99933,100,100128,100,99931,100,100131,100,99929,100
2019-06-28 09:37:59.028955311,100036,100,99998,163,100047,163,99990,100,100060,163,99981,163,100063,163,99973,363,100067,163,99972,163,100072,163,99965,100,100087,100,99941,100,100092,100,99933,100,100122,100,99931,100,100128,100,99929,100
2019-06-28 09:38:00.000000000,100036,414,99998,414,100047,100,99990,37,100060,100,99981,100,100063,100,99973,300,100067,100,99972,100,100072,100,99965,100,100087,100,99941,100,100092,100,99933,100,100122,100,99931,100,100128,100,99929,100
2019-06-28 09:38:10.000000000,100036,257,99998,257,100047,257,99990,194,100060,100,99981,100,100063,100,99973,300,100067,100,99972,100,100072,100,99965,100,100087,100,99941,100,100092,100,99933,100,100122,100,99931,100,100128,100,99929,100
2019-06-28 09:38:20.000000000,100036,257,99998,257,100047,257,99990,194,100060,100,99981,100,100063,100,99973,300,100067,100,99972,100,100072,100,99965,100,100087,100,99941,100,100092,100,99933,100,100122,100,99931,100,100128,100,99929,100
2019-06-28 09:38:25.048914524,100036,357,99998,257,100047,257,99990,194,100060,100,99981,100,100063,100,99973,300,100067,100,99972,100,100072,100,99965,100,100087,100,99941,100,100122,100,99933,100,100128,100,99931,100,100131,100,99929,100
2019-06-28 09:38:30.000000000,100036,263,99998,163,100047,163,99990,100,100060,163,99981,163,100063,163,99973,363,100067,163,99972,163,100072,100,99965,100,100087,100,99941,100,100122,100,99933,100,100128,100,99931,100,100131,100,99929,100
2019-06-28 09:38:40.000000000,100036,357,99998,257,100047,257,99990,194,100060,100,99981,100,100063,100,99973,300,100067,100,99972,100,100072,100,99965,100,100087,100,99941,100,100122,100,99933,100,100128,100,99931,100,100131,100,99929,100
2019-06-28 09:38:50.000000000,100036,357,99998,257,100047,257,99990,194,100060,100,99981,100,100063,100,99973,300,100067,100,99972,100,100072,100,99965,100,100087,100,99941,100,100122,100,99933,100,100128,100,99931,100,100131,100,99929,100
2019-06-28 09:39:00.000000000,100036,357,99998,257,100047,257,99990,194,100060,100,99981,100,100063,100,99973,300,100067,100,99972,100,100072,100,99965,100,100087,100,99941,100,100122,100,99933,100,100128,100,99931,100,100131,100,99929,100
2019-06-28 09:39:10.000000000,100036,307,99998,207,100047,204,99990,141,100060,204,99981,204,100063,100,99973,300,100067,100,99972,100,100072,100,99965,100,100087,100,99941,100,100122,100,99933,100,100128,100,99931,100,100131,100,99929,100
2019-06-28 09:39:12.217444676,100036,307,99998,207,100047,204,99990,141,100060,204,99981,204,100063,100,99973,300,100067,100,99972,100,100072,100,99965,100,100087,100,99941,100,100096,100,99933,100,100122,100,99931,100,100128,100,99929,100
2019-06-28 09:39:20.000000000,100036,263,99998,163,100047,163,99990,100,100060,163,99981,163,100063,163,99973,363,100067,163,99972,163,100072,100,99965,100,100087,100,99941,100,100096,100,99933,100,100122,100,99931,100,100128,100,99929,100
2019-06-28 09:39:20.956554391,100036,263,99998,163,100047,163,99990,100,100060,163,99981,163,100063,163,99973,363,100067,163,99972,163,100072,100,99965,100,100087,100,99941,100,100096,100,99933,100,100122,100,99931,100,100128,100,99929,100
2019-06-28 09:39:30.000000000,100036,278,99998,178,100047,178,99990,115,100060,178,99981,178,100063,178,99973,378,100067,100,99972,100,100072,100,99965,100,100087,100,99941,100,100096,100,99933,100,100122,100,99931,100,100128,100,99929,100
2019-06-28 09:39:33.437628960,100036,278,99998,78,100047,178,99990,115,100060,178,99981,178,100063,178,99973,378,100067,100,99972,100,100072,100,99965,100,100087,100,99941,100,100096,100,99933,100,100122,100,99931,100,100128,100,99929,100
2019-06-28 09:39:40.000000000,100036,357,99990,194,100047,257,99981,257,100060,100,99973,300,100063,100,99972,100,100067,100,99965,100,100072,100,99941,100,100087,100,99933,100,100096,100,99931,100,100122,100,99929,100,100128,100,99922,100
2019-06-28 09:39:50.000000000,100036,278,99990,115,100047,178,99981,178,100060,178,99973,378,100063,178,99972,178,100067,100,99965,100,100072,100,99941,100,100087,100,99933,100,100096,100,99931,100,100122,100,99929,100,100128,100,99922,100
2019-06-28 09:39:54.018325275,100036,278,99990,15,100047,178,99981,178,100060,178,99973,378,100063,178,99972,178,100067,100,99965,100,100072,100,99941,100,100087,100,99933,100,100096,100,99931,100,100122,100,99929,100,100128,100,99922,100
2019-06-28 09:40:00.000000000,100036,307,99981,207,100047,204,99973,404,100060,204,99972,204,100063,100,99965,100,100067,100,99941,100,100072,100,99933,100,100087,100,99931,100,100096,100,99929,100,100122,100,99922,100,100128,100,99914,100
2019-06-28 09:40:10.000000000,100036,278,99981,178,100047,178,99973,378,100060,178,99972,178,100063,178,99965,178,100067,100,99941,100,100072,100,99933,100,100087,100,99931,100,100096,100,99929,100,100122,100,99922,100,100128,100,99914,100
2019-06-28 09:40:12.807132931,100036,278,99981,178,100047,178,99973,378,100060,178,99972,178,100063,178,99965,178,100067,100,99941,100,100072,100,99933,100,100087,100,99931,100,100096,100,99929,100,100128,100,99922,100,100131,100,99914,100
2019-06-28 09:40:20.000000000,100036,357,99981,257,100047,257,99973,457,100060,100,99972,100,100063,100,99965,100,100067,100,99941,100,100072,100,99933,100,100087,100,99931,100,100096,100,99929,100,100128,100,99922,100,100131,100,99914,100
2019-06-28 09:40:30.000000000,100036,357,99981,257,100047,257,99973,457,100060,100,99972,100,100063,100,99965,100,100067,100,99941,100,100072,100,99933,100,100087,100,99931,100,100096,100,99929,100,100128,100,99922,100,100131,100,99914,100
2019-06-28 09:40:40.000000000,100036,357,99981,257,100047,257,99973,457,100060,100,99972,100,100063,100,99965,100,100067,100,99941,100,100072,100,99933,100,100087,100,99931,100,100096,100,99929,100,100128,100,99922,100,100131,100,99914,100
2019-06-28 09:40:50.000000000,100036,514,99981,414,100047,100,99973,300,100060,100,99972,100,100063,100,99965,100,100067,100,99941,100,100072,100,99933,100,100087,100,99931,100,100096,100,99929,100,100128,100,99922,100,100131,100,99914,100
2019-06-28 09:40:54.802579751,99998,100,99981,414,100036,414,99973,300,100047,100,99972,100,100060,100,99965,100,100063,100,99941,100,100067,100,99933,100,100072,100,99931,100,100087,100,99929,100,100096,100,99922,100,100128,100,99914,100
2019-06-28 09:41:00.000000000,99998,257,99981,257,100036,257,99973,457,100047,100,99972,100,100060,100,99965,100,100063,100,99941,100,100067,100,99933,100,100072,100,99931,100,100087,100,99929,100,100096,100,99922,100,100128,100,99914,100
2019-06-28 09:41:10.000000000,99998,163,99981,163,100036,163,99973,363,100047,163,99972,163,100060,163,99965,163,100063,163,99941,163,100067,100,99933,100,100072,100,99931,100,100087,100,99929,100,100096,100,99922,100,100128,100,99914,100
2019-06-28 09:41:20.000000000,99998,163,99981,163,100036,163,99973,363,100047,163,99972,163,100060,163,99965,163,100063,163,99941,163,100067,100,99933,100,100072,100,99931,100,100087,100,99929,100,100096,100,99922,100,100128,100,99914,100
2019-06-28 09:41:30.000000000,99998,163,99981,163,100036,163,99973,363,100047,163,99972,163,100060,163,99965,163,100063,163,99941,163,100067,100,99933,100,100072,100,99931,100,100087,100,99929,100,100096,100,99922,100,100128,100,99914,100
2019-06-28 09:41:38.870618293,99998,163,99981,163,100036,163,99973,363,100047,163,99972,163,100060,163,99965,163,100063,63,99941,163,100067,100,99933,100,100072,100,99931,100,100087,100,99929,100,100096,100,99922,100,100128,100,99914,100
2019-06-28 09:41:40.000000000,99998,207,99981,207,100036,204,99973,404,100047,204,99972,204,100060,100,99965,100,100067,100,99941,100,100072,100,99933,100,100087,100,99931,100,100096,100,99929,100,100128,100,99922,100,100131,100,99914,100
2019-06-28 09:41:41.626198158,99998,207,99981,207,100036,204,99973,404,100047,204,99972,204,100067,100,99965,100,100072,100,99941,100,100087,100,99933,100,100096,100,99931,100,100128,100,99929,100,100131,100,99922,100,100132,100,99914,100
2019-06-28 09:41:50.000000000,99998,178,99981,178,100036,178,99973,378,100047,178,99972,178,100067,178,99965,178,100072,100,99941,100,100087,100,99933,100,100096,100,99931,100,100128,100,99929,100,100131,100,99922,100,100132,100,99914,100
2019-06-28 09:42:00.000000000,99998,163,99981,163,100036,163,99973,363,100047,163,99972,163,100067,163,99965,163,100072,163,99941,163,100087,100,99933,100,100096,100,99931,100,100128,100,99929,100,100131,100,99922,100,100132,100,99914,100
2019-06-28 09:42:10.000000000,99998,163,99981,163,100036,163,99973,363,100047,163,99972,163,100067,163,99965,163,100072,163,99941,163,100087,100,99933,100,100096,100,99931,100,100128,100,99929,100,100131,100,99922,100,100132,100,99914,100
2019-06-28 09:42:15.653351859,99998,163,99981,163,100036,163,99973,363,100047,163,99972,163,100067,163,99965,163,100072,163,99941,163,100087,100,99933,100,100096,100,99931,100,100128,100,99929,100,100131,100,99922,100,100132,100,99914,100
2019-06-28 09:42:20.000000000,99998,178,99981,178,100036,178,99973,378,100047,178,99972,178,100067,178,99965,178,100072,100,99941,100,100087,100,99933,100,100096,100,99931,100,100128,100,99929,100,100131,100,99922,100,100132,100,99914,100
2019-06-28 09:42:21.529384866,99998,78,99981,178,100036,178,99973,378,100047,178,99972,178,100067,178,99965,178,100072,100,99941,100,100087,100,99933,100,100096,100,99931,100,100128,100,99929,100,100131,100,99922,100,100132,100,99914,100
2019-06-28 09:42:29.275601542,99998,78,99981,178,100036,178,99973,378,100047,178,99972,178,100067,178,99965,178,100072,100,99941,100,100087,100,99933,100,100096,100,99931,100,100128,100,99922,100,100131,100,99914,100,100132,100,99908,100
2019-06-28 09:42:30.000000000,100036,207,99981,207,100047,204,99973,404,100067,204,99972,204,100072,100,99965,100,100087,100,99941,100,100096,100,99933,100,100128,100,99931,100,100131,100,99922,100,100132,100,99914,100,100138,100,99908,100
2019-06-28 09:42:36.435914138,100036,207,99991,100,100047,204,99981,207,100067,204,99973,404,100072,100,99972,204,100087,100,99965,100,100096,100,99941,100,100128,100,99933,100,100131,100,99931,100,100132,100,99922,100,100138,100,99914,100
2019-06-28 09:42:40.000000000,100036,178,99991,178,100047,178,99981,178,100067,178,99973,378,100072,178,99972,178,100087,100,99965,100,100096,100,99941,100,100128,100,99933,100,100131,100,99931,100,100132,100,99922,100,100138,100,99914,100
2019-06-28 09:42:50.000000000,100036,257,99991,257,100047,257,99981,257,100067,100,99973,300,100072,100,99972,100,100087,100,99965,100,100096,100,99941,100,100128,100,99933,100,100131,100,99931,100,100132,100,99922,100,100138,100,99914,100
2019-06-28 09:42:53.495797155,100036,257,99991,257,100047,257,99981,257,100067,100,99973,300,100072,100,99972,100,100087,100,99965,100,100096,100,99941,100,100117,100,99933,100,100128,100,99931,100,100131,100,99922,100,100132,100,99914,100
2019-06-28 09:43:00.000000000,100036,207,99991,207,100047,204,99981,204,100067,204,99973,404,100072,100,99972,100,100087,100,99965,100,100096,100,99941,100,100117,100,99933,100,100128,100,99931,100,100131,100,99922,100,100132,100,99914,100
2019-06-28 09:43:01.789452010,100034,100,99991,207,100036,207,99981,204,100047,204,99973,404,100067,204,99972,100,100072,100,99965,100,100087,100,99941,100,100096,100,99933,100,100117,100,99931,100,100128,100,99922,100,100131,100,99908,100
2019-06-28 09:43:10.000000000,100034,414,99991,414,100036,100,99981,100,100047,100,99973,300,100067,100,99972,100,100072,100,99965,100,100087,100,99941,100,100096,100,99933,100,100117,100,99931,100,100128,100,99922,100,100131,100,99908,100
2019-06-28 09:43:10.653471406,100034,414,99991,414,100036,100,99981,100,100047,100,99973,300,100067,100,99972,100,100072,100,99965,100,100087,100,99941,100,100096,100,99933,100,100117,100,99931,100,100128,100,99922,100,100131,100,99908,100
2019-06-28 09:43:20.000000000,100034,163,99991,163,100036,163,99981,163,100047,163,99973,363,100067,163,99972,163,100072,163,99965,163,100087,100,99941,100,100096,100,99933,100,100117,100,99931,100,100128,100,99922,100,100131,100,99908,100
2019-06-28 09:43:30.000000000,100034,163,99991,163,100036,163,99981,163,100047,163,99973,363,100067,163,99972,163,100072,163,99965,163,100087,100,99941,100,100096,100,99933,100,100117,100,99931,100,100128,100,99922,100,100131,100,99908,100
2019-06-28 09:43:40.000000000,100034,163,99991,163,100036,163,99981,163,100047,163,99973,363,100067,163,99972,163,100072,163,99965,163,100087,100,99941,100,100096,100,99933,100,100117,100,99931,100,100128,100,99922,100,100131,100,99908,100
2019-06-28 09:43:45.010327865,100034,163,99991,63,100036,163,99981,163,100047,163,99973,363,100067,163,99972,163,100072,163,99965,163,100087,100,99941,100,100096,100,99933,100,100117,100,99931,100,100128,100,99922,100,100131,100,99908,100
2019-06-28 09:43:50.000000000,100034,414,99981,414,100036,100,99973,300,100047,100,99972,100,100067,100,99965,100,100072,100,99941,100,100087,100,99933,100,100096,100,99931,100,100117,100,99922,100,100128,100,99908,100,100131,100,99905,100
2019-06-28 09:44:00.000000000,100034,178,99981,178,100036,178,99973,378,100047,178,99972,178,100067,178,99965,178,100072,100,99941,100,100087,100,99933,100,100096,100,99931,100,100117,100,99922,100,100128,100,99908,100,100131,100,99905,100
2019-06-28 09:44:10.000000000,100034,257,99981,257,100036,257,99973,457,100047,100,99972,100,100067,100,99965,100,100072,100,99941,100,100087,100,99933,100,100096,100,99931,100,100117,100,99922,100,100128,100,99908,100,100131,100,99905,100
2019-06-28 09:44:20.000000000,100034,257,99981,257,100036,257,99973,457,100047,100,99972,100,100067,100,99965,100,100072,100,99941,100,100087,100,99933,100,100096,100,99931,100,100117,100,99922,100,100128,100,99908,100,100131,100,99905,100
2019-06-28 09:44:30.000000000,100034,207,99981,207,100036,204,99973,404,100047,204,99972,204,100067,100,99965,100,100072,100,99941,100,100087,100,99933,100,100096,100,99931,100,100117,100,99922,100,100128,100,99908,100,100131,100,99905,100
2019-06-28 09:44:40.000000000,100034,257,99981,257,100036,257,99973,457,100047,100,99972,100,100067,100,99965,100,100072,100,99941,100,100087,100,99933,100,100096,100,99931,100,100117,100,99922,100,100128,100,99908,100,100131,100,99905,100
2019-06-28 09:44:50.000000000,100034,163,99981,163,100036,163,99973,363,100047,163,99972,163,100067,163,99965,163,100072,163,99941,163,100087,100,99933,100,100096,100,99931,100,100117,100,99922,100,100128,100,99908,100,100131,100,99905,100
2019-06-28 09:44:56.579789792,100034,163,99981,63,100036,163,99973,363,100047,163,99972,163,100067,163,99965,163,100072,163,99941,163,100087,100,99933,100,100096,100,99931,100,100117,100,99922,100,100128,100,99908,100,100131,100,99905,100
2019-06-28 09:45:00.000000000,100034,178,99973,378,100036,178,99972,178,100047,178,99965,178,100067,178,99941,178,100072,100,99933,100,100087,100,99931,100,100096,100,99922,100,100117,100,99908,100,100128,100,99905,100,100131,100,99900,100
2019-06-28 09:45:07.536744305,100034,178,99973,378,100036,178,99972,178,100047,178,99965,178,100067,178,99941,178,100072,100,99933,100,100087,100,99922,100,100096,100,99908,100,100117,100,99905,100,100128,100,99900,100,100131,100,99898,100
2019-06-28 09:45:10.000000000,100034,414,99973,614,100036,100,99972,100,100047,100,99965,100,100067,100,99941,100,100072,100,99933,100,100087,100,99922,100,100096,100,99908,100,100117,100,99905,100,100128,100,99900,100,100131,100,99898,100
2019-06-28 09:45:20.000000000,100034,414,99973,614,100036,100,99972,100,100047,100,99965,100,100067,100,99941,100,100072,100,99933,100,100087,100,99922,100,100096,100,99908,100,100117,100,99905,100,100128,100,99900,100,100131,100,99898,100
2019-06-28 09:45:30.000000000,100034,163,99973,363,100036,163,99972,163,100047,163,99965,163,100067,163,99941,163,100072,163,99933,163,100087,100,99922,100,100096,100,99908,100,100117,100,99905,100,100128,100,99900,100,100131,100,99898,100
2019-06-28 09:45:40.000000000,100034,178,99973,378,100036,178,99972,178,100047,178,99965,178,100067,178,99941,178,100072,100,99933,100,100087,100,99922,100,100096,100,99908,100,100117,100,99905,100,100128,100,99900,100,100131,100,99898,100
2019-06-28 09:45:41.460748598,100034,78,99973,378,100036,178,99972,178,100047,178,99965,178,100067,178,99941,178,100087,100,99933,100,100096,100,99922,100,100117,100,99908,100,100128,100,99905,100,100131,100,99900,100,100132,100,99898,100
2019-06-28 09:45:50.000000000,100036,178,99973,378,100047,178,99972,178,100067,178,99965,178,100087,178,99941,178,100096,100,99933,100,100117,100,99922,100,100128,100,99908,100,100131,100,99905,100,100132,100,99900,100,100138,100,99898,100
2019-06-28 09:46:00.000000000,100036,414,99973,614,100047,100,99972,100,100067,100,99965,100,100087,100,99941,100,100096,100,99933,100,100117,100,99922,100,100128,100,99908,100,100131,100,99905,100,100132,100,99900,100,100138,100,99898,100
2019-06-28 09:46:10.000000000,100036,207,99973,407,100047,204,99972,204,100067,204,99965,204,100087,100,99941,100,100096,100,99933,100,100117,100,99922,100,100128,100,99908,100,100131,100,99905,100,100132,100,99900,100,100138,100,99898,100
2019-06-28 09:46:20.000000000,100036,178,99973,378,100047,178,99972,178,100067,178,99965,178,100087,178,99941,178,100096,100,99933,100,100117,100,99922,100,100128,100,99908,100,100131,100,99905,100,100132,100,99900,100,100138,100,99898,100
2019-06-28 09:46:29.340932110,100036,178,99973,378,100046,100,99972,178,100047,178,99965,78,100067,178,99941,178,100087,178,99933,100,100096,100,99922,100,100117,100,99908,100,100128,100,99905,100,100131,100,99900,100,100132,100,99898,100
2019-06-28 09:46:29.700640291,100036,178,99973,378,100046,100,99972,178,100047,178,99965,78,100051,100,99941,178,100067,178,99933,100,100087,178,99922,100,100096,100,99908,100,100117,100,99905,100,100128,100,99900,100,100131,100,99898,100
2019-06-28 09:46:30.000000000,100036,207,99973,407,100046,204,99972,204,100047,204,99941,204,100051,100,99933,100,100067,100,99922,100,100087,100,99908,100,100096,100,99905,100,100117,100,99900,100,100128,100,99898,100,100131,100,99891,100
2019-06-28 09:46:36.458326900,100033,100,99973,407,100036,207,99972,204,100046,204,99941,204,100047,204,99933,100,100051,100,99922,100,100067,100,99908,100,100087,100,99905,100,100096,100,99900,100,100117,100,99898,100,100128,100,99891,100
2019-06-28 09:46:40.000000000,100033,178,99973,378,100036,178,99972,178,100046,178,99941,178,100047,178,99933,178,100051,100,99922,100,100067,100,99908,100,100087,100,99905,100,100096,100,99900,100,100117,100,99898,100,100128,100,99891,100
2019-06-28 09:46:50.000000000,100033,163,99973,363,100036,163,99972,163,100046,163,99941,163,100047,163,99933,163,100051,163,99922,163,100067,100,99908,100,100087,100,99905,100,100096,100,99900,100,100117,100,99898,100,100128,100,99891,100
2019-06-28 09:47:00.000000000,100033,257,99973,457,100036,257,99972,257,100046,100,99941,100,100047,100,99933,100,100051,100,99922,100,100067,100,99908,100,100087,100,99905,100,100096,100,99900,100,100117,100,99898,100,100128,100,99891,100
2019-06-28 09:47:03.648892854,100033,257,99973,457,100036,257,99972,257,100046,100,99941,100,100047,100,99933,100,100051,100,99922,100,100067,100,99908,100,100087,100,99900,100,100096,100,99898,100,100117,100,99891,100,100128,100,99886,100
2019-06-28 09:47:10.000000000,100033,257,99973,457,100036,257,99972,257,100046,100,99941,100,100047,100,99933,100,100051,100,99922,100,100067,100,99908,100,100087,100,99900,100,100096,100,99898,100,100117,100,99891,100,100128,100,99886,100
2019-06-28 09:47:20.000000000,100033,257,99973,457,100036,257,99972,257,100046,100,99941,100,100047,100,99933,100,100051,100,99922,100,100067,100,99908,100,100087,100,99900,100,100096,100,99898,100,100117,100,99891,100,100128,100,99886,100
2019-06-28 09:47:30.000000000,100033,257,99973,457,100036,257,99972,257,100046,100,99941,100,100047,100,99933,100,100051,100,99922,100,100067,100,99908,100,100087,100,99900,100,100096,100,99898,100,100117,100,99891,100,100128,100,99886,100
2019-06-28 09:47:35.293302103,100033,257,99973,357,100036,257,99972,257,100046,100,99941,100,100047,100,99933,100,100051,100,99922,100,100067,100,99908,100,100087,100,99900,100,100096,100,99898,100,100117,100,99891,100,100128,100,99886,100
2019-06-28 09:47:40.000000000,100033,163,99973,263,100036,163,99972,163,100046,163,99941,163,100047,163,99933,163,100051,163,99922,163,100067,100,99908,100,100087,100,99900,100,100096,100,99898,100,100117,100,99891,100,100128,100,99886,100
2019-06-28 09:47:50.000000000,100033,257,99973,357,100036,257,99972,257,100046,100,99941,100,100047,100,99933,100,100051,100,99922,100,100067,100,99908,100,100087,100,99900,100,100096,100,99898,100,100117,100,99891,100,100128,100,99886,100
2019-06-28 09:47:56.194612115,100033,257,99973,257,100036,257,99972,257,100046,100,99941,100,100047,100,99933,100,100051,100,99922,100,100067,100,99908,100,100087,100,99900,100,100096,100,99898,100,100117,100,99891,100,100128,100,99886,100
2019-06-28 09:48:00.000000000,100033,414,99973,414,100036,100,99972,100,100046,100,99941,100,100047,100,99933,100,100051,100,99922,100,100067,100,99908,100,100087,100,99900,100,100096,100,99898,100,100117,100,99891,100,100128,100,99886,100
2019-06-28 09:48:10.000000000,100033,257,99973,257,100036,257,99972,257,100046,100,99941,100,100047,100,99933,100,100051,100,99922,100,100067,100,99908,100,100087,100,99900,100,100096,100,99898,100,100117,100,99891,100,100128,100,99886,100
2019-06-28 09:48:20.000000000,100033,178,99973,178,100036,178,99972,178,100046,178,99941,178,100047,178,99933,178,100051,100,99922,100,100067,100,99908,100,100087,100,99900,100,100096,100,99898,100,100117,100,99891,100,100128,100,99886,100
2019-06-28 09:48:24.196741192,100033,178,99974,100,100036,178,99973,178,100046,178,99972,178,100047,178,99941,178,100051,100,99933,178,100067,100,99922,100,100087,100,99908,100,100096,100,99900,100,100117,100,99898,100,100128,100,99891,100
2019-06-28 09:48:30.000000000,100033,414,99974,414,100036,100,99973,100,100046,100,99972,100,100047,100,99941,100,100051,100,99933,100,100067,100,99922,100,100087,100,99908,100,100096,100,99900,100,100117,100,99898,100,100128,100,99891,100
2019-06-28 09:48:40.000000000,100033,178,99974,178,100036,178,99973,178,100046,178,99972,178,100047,178,99941,178,100051,100,99933,100,100067,100,99922,100,100087,100,99908,100,100096,100,99900,100,100117,100,99898,100,100128,100,99891,100
2019-06-28 09:48:47.383644435,100033,178,99974,178,100036,178,99973,178,100046,178,99972,178,100047,178,99941,178,100051,100,99933,100,100067,100,99922,100,100087,100,99908,100,100096,100,99900,100,100128,100,99898,100,100131,100,99891,100
2019-06-28 09:48:50.000000000,100033,163,99974,163,100036,163,99973,163,100046,163,99972,163,100047,163,99941,163,100051,163,99933,163,100067,100,99922,100,100087,100,99908,100,100096,100,99900,100,100128,100,99898,100,100131,100,99891,100
2019-06-28 09:48:50.980422681,100033,163,99974,163,100036,163,99973,163,100046,163,99972,163,100047,163,99941,163,100051,163,99933,163,100067,100,99922,100,100087,100,99908,100,100096,100,99900,100,100128,100,99898,100,100131,100,99891,100
2019-06-28 09:49:00.000000000,100033,257,99974,257,100036,257,99973,257,100046,100,99972,100,100047,100,99941,100,100051,100,99933,100,100067,100,99922,100,100087,100,99908,100,100096,100,99900,100,100128,100,99898,100,100131,100,99891,100
2019-06-28 09:49:01.440768952,100033,257,99974,357,100036,257,99973,257,100046,100,99972,100,100047,100,99941,100,100051,100,99933,100,100067,100,99922,100,100087,100,99908,100,100096,100,99900,100,100128,100,99898,100,100131,100,99891,100
2019-06-28 09:49:10.000000000,100033,414,99974,514,100036,100,99973,100,100046,100,99972,100,100047,100,99941,100,100051,100,99933,100,100067,100,99922,100,100087,100,99908,100,100096,100,99900,100,100128,100,99898,100,100131,100,99891,100
2019-06-28 09:49:20.000000000,100033,163,99974,263,100036,163,99973,163,100046,163,99972,163,100047,163,99941,163,100051,163,99933,163,100067,100,99922,100,100087,100,99908,100,100096,100,99900,100,100128,100,99898,100,100131,100,99891,100
2019-06-28 09:49:30.000000000,100033,207,99974,307,100036,204,99973,204,100046,204,99972,204,100047,100,99941,100,100051,100,99933,100,100067,100,99922,100,100087,100,99908,100,100096,100,99900,100,100128,100,99898,100,100131,100,99891,100
2019-06-28 09:49:40.000000000,100033,207,99974,307,100036,204,99973,204,100046,204,99972,204,100047,100,99941,100,100051,100,99933,100,100067,100,99922,100,100087,100,99908,100,100096,100,99900,100,100128,100,99898,100,100131,100,99891,100
2019-06-28 09:49:50.000000000,100033,414,99974,514,100036,100,99973,100,100046,100,99972,100,100047,100,99941,100,100051,100,99933,100,100067,100,99922,100,100087,100,99908,100,100096,100,99900,100,100128,100,99898,100,100131,100,99891,100
2019-06-28 09:50:00.000000000,100033,178,99974,278,100036,178,99973,178,100046,178,99972,178,100047,178,99941,178,100051,100,99933,100,100067,100,99922,100,100087,100,99908,100,100096,100,99900,100,100128,100,99898,100,100131,100,99891,100
2019-06-28 09:50:10.000000000,100033,178,99974,278,100036,178,99973,178,100046,178,99972,178,100047,178,99941,178,100051,100,99933,100,100067,100,99922,100,100087,100,99908,100,100096,100,99900,100,100128,100,99898,100,100131,100,99891,100
2019-06-28 09:50:20.000000000,100033,178,99974,278,100036,178,99973,178,100046,178,99972,178,100047,178,99941,178,100051,100,99933,100,100067,100,99922,100,100087,100,99908,100,100096,100,99900,100,100128,100,99898,100,100131,100,99891,100
2019-06-28 09:50:30.000000000,100033,414,99974,514,100036,100,99973,100,100046,100,99972,100,100047,100,99941,100,100051,100,99933,100,100067,100,99922,100,100087,100,99908,100,100096,100,99900,100,100128,100,99898,100,100131,100,99891,100
2019-06-28 09:50:37.367431798,100033,414,99974,514,100036,100,99973,100,100046,100,99972,100,100047,100,99941,100,100051,100,99933,100,100067,100,99922,100,100087,100,99908,100,100096,100,99900,100,100128,100,99898,100,100131,100,99891,100
2019-06-28 09:50:40.000000000,100033,257,99974,357,100036,257,99973,257,100046,100,99972,100,100047,100,99941,100,100051,100,99933,100,100067,100,99922,100,100087,100,99908,100,100096,100,99900,100,100128,100,99898,100,100131,100,99891,100
2019-06-28 09:50:43.395704545,100033,157,99974,357,100036,257,99973,257,100046,100,99972,100,100047,100,99941,100,100051,100,99933,100,100067,100,99922,100,100087,100,99900,100,100096,100,99898,100,100128,100,99891,100,100131,100,99886,100
2019-06-28 09:50:50.000000000,100036,178,99974,278,100046,178,99973,178,100047,178,99972,178,100051,178,99941,178,100067,100,99933,100,100087,100,99922,100,100096,100,99900,100,100128,100,99898,100,100131,100,99891,100,100132,100,99886,100
2019-06-28 09:50:58.564826171,100036,178,99975,100,100046,178,99974,278,100047,178,99973,178,100051,178,99972,178,100067,100,99941,178,100087,100,99933,100,100096,100,99922,100,100128,100,99900,100,100131,100,99898,100,100132,100,99891,100
2019-06-28 09:51:00.000000000,100036,163,99975,163,100046,163,99974,263,100047,163,99973,163,100051,163,99972,163,100067,163,99941,163,100087,100,99933,100,100096,100,99922,100,100128,100,99900,100,100131,100,99898,100,100132,100,99891,100
2019-06-28 09:51:10.000000000,100036,178,99975,178,100046,178,99974,278,100047,178,99973,178,100051,178,99972,178,100067,100,99941,100,100087,100,99933,100,100096,100,99922,100,100128,100,99900,100,100131,100,99898,100,100132,100,99891,100
2019-06-28 09:51:20.000000000,100036,414,99975,414,100046,100,99974,200,100047,100,99973,100,100051,100,99972,100,100067,100,99941,100,100087,100,99933,100,100096,100,99922,100,100128,100,99900,100,100131,100,99898,100,100132,100,99891,100
2019-06-28 09:51:30.000000000,100036,207,99975,207,100046,204,99974,304,100047,204,99973,204,100051,100,99972,100,100067,100,99941,100,100087,100,99933,100,100096,100,99922,100,100128,100,99900,100,100131,100,99898,100,100132,100,99891,100
2019-06-28 09:51:40.000000000,100036,207,99975,207,100046,204,99974,304,100047,204,99973,204,100051,100,99972,100,100067,100,99941,100,100087,100,99933,100,100096,100,99922,100,100128,100,99900,100,100131,100,99898,100,100132,100,99891,100
2019-06-28 09:51:40.780984848,100036,207,99975,207,100046,204,99974,304,100047,204,99973,204,100051,100,99972,100,100067,100,99941,100,100087,100,99933,100,100128,100,99922,100,100131,100,99900,100,100132,100,99898,100,100138,100,99891,100
2019-06-28 09:51:50.000000000,100036,163,99975,163,100046,163,99974,263,100047,163,99973,163,100051,163,99972,163,100067,163,99941,163,100087,100,99933,100,100128,100,99922,100,100131,100,99900,100,100132,100,99898,100,100138,100,99891,100
2019-06-28 09:52:00.000000000,100036,163,99975,163,100046,163,99974,263,100047,163,99973,163,100051,163,99972,163,100067,163,99941,163,100087,100,99933,100,100128,100,99922,100,100131,100,99900,100,100132,100,99898,100,100138,100,99891,100
2019-06-28 09:52:10.000000000,100036,257,99975,257,100046,257,99974,357,100047,100,99973,100,100051,100,99972,100,100067,100,99941,100,100087,100,99933,100,100128,100,99922,100,100131,100,99900,100,100132,100,99898,100,100138,100,99891,100
2019-06-28 09:52:17.721449479,100036,257,99975,257,100046,257,99974,357,100047,100,99973,100,100051,100,99972,100,100067,100,99941,100,100087,100,99933,100,100128,100,99922,100,100131,100,99900,100,100132,100,99898,100,100138,100,99891,100
2019-06-28 09:52:20.000000000,100036,257,99975,257,100046,257,99974,357,100047,100,99973,100,100051,100,99972,100,100067,100,99941,100,100087,100,99933,100,100128,100,99922,100,100131,100,99900,100,100132,100,99898,100,100138,100,99891,100
2019-06-28 09:52:30.000000000,100036,163,99975,163,100046,163,99974,263,100047,163,99973,163,100051,163,99972,163,100067,163,99941,163,100087,100,99933,100,100128,100,99922,100,100131,100,99900,100,100132,100,99898,100,100138,100,99891,100
2019-06-28 09:52:37.251473260,100036,63,99975,163,100046,163,99974,263,100047,163,99973,163,100051,163,99972,163,100067,163,99941,163,100087,100,99933,100,100128,100,99922,100,100131,100,99900,100,100132,100,99898,100,100138,100,99891,100
2019-06-28 09:52:40.000000000,100046,163,99975,163,100047,163,99974,263,100051,163,99973,163,100067,163,99972,163,100087,163,99941,163,100128,100,99933,100,100131,100,99922,100,100132,100,99900,100,100138,100,99898,100,100170,100,99891,100
2019-06-28 09:52:50.000000000,100046,178,99975,178,100047,178,99974,278,100051,178,99973,178,100067,178,99972,178,100087,100,99941,100,100128,100,99933,100,100131,100,99922,100,100132,100,99900,100,100138,100,99898,100,100170,100,99891,100
2019-06-28 09:53:00.000000000,100046,163,99975,163,100047,163,99974,263,100051,163,99973,163,100067,163,99972,163,100087,163,99941,163,100128,100,99933,100,100131,100,99922,100,100132,100,99900,100,100138,100,99898,100,100170,100,99891,100
2019-06-28 09:53:10.000000000,100046,414,99975,414,100047,100,99974,200,100051,100,99973,100,100067,100,99972,100,100087,100,99941,100,100128,100,99933,100,100131,100,99922,100,100132,100,99900,100,100138,100,99898,100,100170,100,99891,100
2019-06-28 09:53:12.589058086,100046,414,100033,100,100047,100,99975,414,100051,100,99974,200,100067,100,99973,100,100087,100,99972,100,100128,100,99941,100,100131,100,99933,100,100132,100,99922,100,100138,100,99900,100,100170,100,99898,100
2019-06-28 09:53:20.000000000,100046,163,100033,163,100047,163,99975,163,100051,163,99974,263,100067,163,99973,163,100087,163,99972,163,100128,100,99941,100,100131,100,99933,100,100132,100,99922,100,100138,100,99900,100,100170,100,99898,100
2019-06-28 09:53:30.000000000,100046,178,100033,178,100047,178,99975,178,100051,178,99974,278,100067,178,99973,178,100087,100,99972,100,100128,100,99941,100,100131,100,99933,100,100132,100,99922,100,100138,100,99900,100,100170,100,99898,100
2019-06-28 09:53:39.811446006,100046,78,100033,178,100047,178,99975,178,100051,178,99974,278,100067,178,99973,178,100087,100,99972,100,100128,100,99941,100,100132,100,99933,100,100138,100,99922,100,100170,100,99900,100,100177,100,99898,100
2019-06-28 09:53:40.000000000,100047,178,100033,178,100051,178,99975,178,100067,178,99974,278,100087,178,99973,178,100128,100,99972,100,100132,100,99941,100,100138,100,99933,100,100170,100,99922,100,100177,100,99900,100,100181,100,99898,100
2019-06-28 09:53:49.686778079,100047,178,100033,178,100051,178,99975,178,100067,178,99974,178,100087,178,99973,178,100128,100,99972,100,100132,100,99941,100,100138,100,99933,100,100170,100,99922,100,100177,100,99900,100,100181,100,99898,100
2019-06-28 09:53:50.000000000,100047,207,100033,207,100051,204,99975,204,100067,204,99974,204,100087,100,99973,100,100128,100,99972,100,100132,100,99941,100,100138,100,99933,100,100170,100,99922,100,100177,100,99900,100,100181,100,99898,100
2019-06-28 09:54:00.000000000,100047,178,100033,178,100051,178,99975,178,100067,178,99974,178,100087,178,99973,178,100128,100,99972,100,100132,100,99941,100,100138,100,99933,100,100170,100,99922,100,100177,100,99900,100,100181,100,99898,100
2019-06-28 09:54:00.407718734,100047,78,100033,178,100051,178,99975,178,100067,178,99974,178,100087,178,99973,178,100128,100,99972,100,100132,100,99941,100,100138,100,99933,100,100170,100,99922,100,100177,100,99900,100,100181,100,99898,100
2019-06-28 09:54:10.000000000,100051,257,100033,257,100067,257,99975,257,100087,100,99974,100,100128,100,99973,100,100132,100,99972,100,100138,100,99941,100,100170,100,99933,100,100177,100,99922,100,100181,100,99900,100,100200,100,99898,100
2019-06-28 09:54:16.076916797,100051,157,100033,257,100067,257,99975,257,100087,100,99974,100,100128,100,99973,100,100132,100,99972,100,100138,100,99941,100,100170,100,99933,100,100177,100,99922,100,100181,100,99900,100,100200,100,99898,100
2019-06-28 09:54:20.000000000,100067,207,100033,207,100087,204,99975,204,100128,204,99974,204,100132,100,99973,100,100138,100,99972,100,100170,100,99941,100,100177,100,99933,100,100181,100,99922,100,100200,100,99900,100,100232,100,99898,100
2019-06-28 09:54:23.915337165,100067,207,100047,100,100087,204,100033,207,100128,204,99975,204,100132,100,99974,104,100138,100,99973,100,100170,100,99972,100,100177,100,99941,100,100181,100,99933,100,100200,100,99922,100,100232,100,99900,100
2019-06-28 09:54:30.000000000,100067,207,100047,207,100087,204,100033,204,100128,204,99975,204,100132,100,99973,100,100138,100,99972,100,100170,100,99941,100,100177,100,99933,100,100181,100,99922,100,100200,100,99900,100,100232,100,99898,100
2019-06-28 09:54:40.000000000,100067,414,100047,414,100087,100,100033,100,100128,100,99975,100,100132,100,99973,100,100138,100,99972,100,100170,100,99941,100,100177,100,99933,100,100181,100,99922,100,100200,100,99900,100,100232,100,99898,100
2019-06-28 09:54:50.000000000,100067,207,100047,207,100087,204,100033,204,100128,204,99975,204,100132,100,99973,100,100138,100,99972,100,100170,100,99941,100,100177,100,99933,100,100181,100,99922,100,100200,100,99900,100,100232,100,99898,100
2019-06-28 09:55:00.000000000,100067,163,100047,163,100087,163,100033,163,100128,163,99975,163,100132,163,99973,163,100138,163,99972,163,100170,100,99941,100,100177,100,99933,100,100181,100,99922,100,100200,100,99900,100,100232,100,99898,100
2019-06-28 09:55:07.245872563,100067,163,100047,163,100087,163,100033,163,100128,163,99975,163,100132,163,99973,163,100138,163,99972,163,100170,100,99941,100,100177,100,99933,100,100181,100,99922,100,100200,100,99900,100,100232,100,99898,100
2019-06-28 09:55:10.000000000,100067,207,100047,207,100087,204,100033,204,100128,204,99975,204,100132,100,99973,100,100138,100,99972,100,100170,100,99941,100,100177,100,99933,100,100181,100,99922,100,100200,100,99900,100,100232,100,99898,100
2019-06-28 09:55:20.000000000,100067,257,100047,257,100087,257,100033,257,100128,100,99975,100,100132,100,99973,100,100138,100,99972,100,100170,100,99941,100,100177,100,99933,100,100181,100,99922,100,100200,100,99900,100,100232,100,99898,100
2019-06-28 09:55:30.000000000,100067,178,100047,178,100087,178,100033,178,100128,178,99975,178,100132,178,99973,178,100138,100,99972,100,100170,100,99941,100,100177,100,99933,100,100181,100,99922,100,100200,100,99900,100,100232,100,99898,100
2019-06-28 09:55:40.000000000,100067,257,100047,257,100087,257,100033,257,100128,100,99975,100,100132,100,99973,100,100138,100,99972,100,100170,100,99941,100,100177,100,99933,100,100181,100,99922,100,100200,100,99900,100,100232,100,99898,100
2019-06-28 09:55:44.511822286,100067,257,100047,257,100087,257,100033,257,100128,100,99975,100,100132,100,99973,100,100138,100,99972,100,100170,100,99941,100,100177,100,99933,100,100181,100,99922,100,100200,100,99900,100,100232,100,99898,100
2019-06-28 09:55:50.000000000,100067,414,100047,414,100087,100,100033,100,100128,100,99975,100,100132,100,99973,100,100138,100,99972,100,100170,100,99941,100,100177,100,99933,100,100181,100,99922,100,100200,100,99900,100,100232,100,99898,100
2019-06-28 09:56:00.000000000,100067,163,100047,163,100087,163,100033,163,100128,163,99975,163,100132,163,99973,163,100138,163,99972,163,100170,100,99941,100,100177,100,99933,100,100181,100,99922,100,100200,100,99900,100,100232,100,99898,100
2019-06-28 09:56:10.000000000,100067,163,100047,163,100087,163,100033,163,100128,163,99975,163,100132,163,99973,163,100138,163,99972,163,100170,100,99941,100,100177,100,99933,100,100181,100,99922,100,100200,100,99900,100,100232,100,99898,100
2019-06-28 09:56:20.000000000,100067,257,100047,257,100087,257,100033,257,100128,100,99975,100,100132,100,99973,100,100138,100,99972,100,100170,100,99941,100,100177,100,99933,100,100181,100,99922,100,100200,100,99900,100,100232,100,99898,100
2019-06-28 09:56:24.851600213,100067,257,100047,357,100087,257,100033,257,100128,100,99975,100,100132,100,99973,100,100138,100,99972,100,100170,100,99941,100,100177,100,99933,100,100181,100,99922,100,100200,100,99900,100,100232,100,99898,100
2019-06-28 09:56:30.000000000,100067,178,100047,278,100087,178,100033,178,100128,178,99975,178,100132,178,99973,178,100138,100,99972,100,100170,100,99941,100,100177,100,99933,100,100181,100,99922,100,100200,100,99900,100,100232,100,99898,100
2019-06-28 09:56:40.000000000,100067,257,100047,357,100087,257,100033,257,100128,100,99975,100,100132,100,99973,100,100138,100,99972,100,100170,100,99941,100,100177,100,99933,100,100181,100,99922,100,100200,100,99900,100,100232,100,99898,100
2019-06-28 09:56:46.353979113,100067,257,100047,357,100087,257,100033,257,100128,100,99975,100,100132,100,99973,100,100138,100,99972,100,100170,100,99941,100,100177,100,99933,100,100181,100,99922,100,100200,100,99900,100,100232,100,99898,100
2019-06-28 09:56:50.000000000,100067,257,100047,357,100087,257,100033,257,100128,100,99975,100,100132,100,99973,100,100138,100,99972,100,100170,100,99941,100,100177,100,99933,100,100181,100,99922,100,100200,100,99900,100,100232,100,99898,100
2019-06-28 09:57:00.000000000,100067,163,100047,263,100087,163,100033,163,100128,163,99975,163,100132,163,99973,163,100138,163,99972,163,100170,100,99941,100,100177,100,99933,100,100181,100,99922,100,100200,100,99900,100,100232,100,99898,100
2019-06-28 09:57:00.376690246,100067,163,100047,263,100087,63,100033,163,100128,163,99975,163,100132,163,99973,163,100138,163,99972,163,100170,100,99941,100,100177,100,99933,100,100181,100,99922,100,100200,100,99900,100,100232,100,99898,100
2019-06-28 09:57:03.244272548,100067,163,100047,263,100087,63,100033,163,100128,163,99975,163,100132,163,99973,163,100138,163,99972,163,100170,100,99941,100,100177,100,99933,100,100181,100,99922,100,100200,100,99900,100,100232,100,99898,100
2019-06-28 09:57:04.172269786,100067,63,100047,263,100087,63,100033,163,100128,163,99975,163,100132,163,99973,163,100138,163,99972,163,100170,100,99941,100,100177,100,99933,100,100181,100,99922,100,100200,100,99900,100,100232,100,99898,100
2019-06-28 09:57:10.000000000,100128,257,100047,357,100132,257,100033,257,100138,100,99975,100,100170,100,99973,100,100177,100,99972,100,100181,100,99941,100,100200,100,99933,100,100232,100,99922,100,100335,100,99900,100,100414,100,99898,100
2019-06-28 09:57:12.434430879,100128,157,100047,357,100132,257,100033,257,100138,100,99975,100,100170,100,99973,100,100177,100,99972,100,100181,100,99941,100,100200,100,99933,100,100232,100,99900,100,100335,100,99898,100,100414,100,99891,100
2019-06-28 09:57:15.224227965,100128,57,100047,357,100132,257,100033,257,100138,100,99975,100,100170,100,99973,100,100177,100,99972,100,100181,100,99941,100,100200,100,99933,100,100232,100,99900,100,100335,100,99898,100,100414,100,99891,100
2019-06-28 09:57:20.000000000,100132,257,100047,357,100138,257,100033,257,100170,100,99975,100,100177,100,99973,100,100181,100,99972,100,100200,100,99941,100,100232,100,99933,100,100335,100,99900,100,100414,100,99898,100,100470,100,99891,100
2019-06-28 09:57:30.000000000,100132,207,100047,307,100138,204,100033,204,100170,204,99975,204,100177,100,99973,100,100181,100,99972,100,100200,100,99941,100,100232,100,99933,100,100335,100,99900,100,100414,100,99898,100,100470,100,99891,100
2019-06-28 09:57:40.000000000,100132,257,100047,357,100138,257,100033,257,100170,100,99975,100,100177,100,99973,100,100181,100,99972,100,100200,100,99941,100,100232,100,99933,100,100335,100,99900,100,100414,100,99898,100,100470,100,99891,100
2019-06-28 09:57:50.000000000,100132,257,100047,357,100138,257,100033,257,100170,100,99975,100,100177,100,99973,100,100181,100,99972,100,100200,100,99941,100,100232,100,99933,100,100335,100,99900,100,100414,100,99898,100,100470,100,99891,100
2019-06-28 09:58:00.000000000,100132,163,100047,263,100138,163,100033,163,100170,163,99975,163,100177,163,99973,163,100181,163,99972,163,100200,100,99941,100,100232,100,99933,100,100335,100,99900,100,100414,100,99898,100,100470,100,99891,100
2019-06-28 09:58:10.000000000,100132,178,100047,278,100138,178,100033,178,100170,178,99975,178,100177,178,99973,178,100181,100,99972,100,100200,100,99941,100,100232,100,99933,100,100335,100,99900,100,100414,100,99898,100,100470,100,99891,100
2019-06-28 09:58:19.513911931,100132,78,100047,278,100138,178,100033,178,100170,178,99975,178,100177,178,99973,178,100181,100,99972,100,100200,100,99941,100,100232,100,99933,100,100335,100,99900,100,100414,100,99898,100,100470,100,99891,100
2019-06-28 09:58:20.000000000,100138,163,100047,263,100170,163,100033,163,100177,163,99975,163,100181,163,99973,163,100200,163,99972,163,100232,100,99941,100,100335,100,99933,100,100414,100,99900,100,100470,100,99898,100,100517,100,99891,100
2019-06-28 09:58:26.491320377,100138,163,100128,100,100170,163,100047,263,100177,163,100033,163,100181,163,99975,163,100200,163,99973,163,100232,100,99972,163,100335,100,99941,100,100414,100,99933,100,100470,100,99900,100,100517,100,99898,100
2019-06-28 09:58:30.000000000,100138,178,100128,178,100170,178,100047,278,100177,178,100033,178,100181,178,99975,178,100200,100,99973,100,100232,100,99972,100,100335,100,99941,100,100414,100,99933,100,100470,100,99900,100,100517,100,99898,100
2019-06-28 09:58:38.318299818,100138,178,100128,178,100170,178,100047,278,100177,178,100033,178,100181,178,99975,178,100200,100,99973,100,100232,100,99972,100,100335,100,99941,100,100414,100,99933,100,100470,100,99900,100,100517,100,99898,100
2019-06-28 09:58:40.000000000,100138,414,100128,414,100170,100,100047,200,100177,100,100033,100,100181,100,99975,100,100200,100,99973,100,100232,100,99972,100,100335,100,99941,100,100414,100,99933,100,100470,100,99900,100,100517,100,99898,100
2019-06-28 09:58:50.000000000,100138,178,100128,178,100170,178,100047,278,100177,178,100033,178,100181,178,99975,178,100200,100,99973,100,100232,100,99972,100,100335,100,99941,100,100414,100,99933,100,100470,100,99900,100,100517,100,99898,100
2019-06-28 09:59:00.000000000,100138,414,100128,414,100170,100,100047,200,100177,100,100033,100,100181,100,99975,100,100200,100,99973,100,100232,100,99972,100,100335,100,99941,100,100414,100,99933,100,100470,100,99900,100,100517,100,99898,100
2019-06-28 09:59:10.000000000,100138,414,100128,414,100170,100,100047,200,100177,100,100033,100,100181,100,99975,100,100200,100,99973,100,100232,100,99972,100,100335,100,99941,100,100414,100,99933,100,100470,100,99900,100,100517,100,99898,100
2019-06-28 09:59:10.985949424,100138,414,100128,414,100170,100,100047,200,100177,100,100033,100,100181,100,99975,100,100200,100,99973,100,100232,100,99972,100,100335,100,99941,100,100414,100,99933,100,100470,100,99900,100,100517,100,99898,100
2019-06-28 09:59:14.536074871,100138,414,100128,414,100170,100,100047,200,100177,100,100033,100,100181,100,99975,100,100200,100,99973,100,100232,100,99972,100,100335,100,99941,100,100414,100,99933,100,100470,100,99900,100,100517,100,99898,100
2019-06-28 09:59:20.000000000,100138,178,100128,178,100170,178,100047,278,100177,178,100033,178,100181,178,99975,178,100200,100,99973,100,100232,100,99972,100,100335,100,99941,100,100414,100,99933,100,100470,100,99900,100,100517,100,99898,100
2019-06-28 09:59:30.000000000,100138,257,100128,257,100170,257,100047,357,100177,100,100033,100,100181,100,99975,100,100200,100,99973,100,100232,100,99972,100,100335,100,99941,100,100414,100,99933,100,100470,100,99900,100,100517,100,99898,100
2019-06-28 09:59:35.373343234,100138,257,100128,357,100170,257,100047,357,100177,100,100033,100,100181,100,99975,100,100200,100,99973,100,100232,100,99972,100,100335,100,99941,100,100414,100,99933,100,100470,100,99900,100,100517,100,99898,100
2019-06-28 09:59:39.058751920,100138,257,100128,457,100170,257,100047,357,100177,100,100033,100,100181,100,99975,100,100200,100,99973,100,100232,100,99972,100,100335,100,99941,100,100414,100,99933,100,100470,100,99900,100,100517,100,99898,100
2019-06-28 09:59:40.000000000,100138,178,100128,378,100170,178,100047,278,100177,178,100033,178,100181,178,99975,178,100200,100,99973,100,100232,100,99972,100,100335,100,99941,100,100414,100,99933,100,100470,100,99900,100,100517,100,99898,100
2019-06-28 09:59:46.856275732,100138,178,100128,478,100170,178,100047,278,100177,178,100033,178,100181,178,99975,178,100200,100,99972,100,100232,100,99941,100,100335,100,99933,100,100414,100,99900,100,100470,100,99898,100,100517,100,99891,100
2019-06-28 09:59:50.000000000,100138,414,100128,714,100170,100,100047,200,100177,100,100033,100,100181,100,99975,100,100200,100,99972,100,100232,100,99941,100,100335,100,99933,100,100414,100,99900,100,100470,100,99898,100,100517,100,99891,100
2019-06-28 09:59:53.420658453,100138,414,100128,814,100170,100,100047,200,100177,100,100033,100,100181,100,99975,100,100200,100,99972,100,100232,100,99941,100,100335,100,99933,100,100414,100,99900,100,100470,100,99898,100,100517,100,99891,100
2019-06-28 09:59:55.742590500,100138,414,100128,814,100170,100,100047,200,100177,100,100033,100,100181,100,99975,100,100200,100,99972,100,100232,100,99941,100,100335,100,99933,100,100414,100,99900,100,100470,100,99898,100,100517,100,99891,100
2019-06-28 10:00:00.000000000,100138,163,100128,563,100170,163,100047,263,100177,163,100033,163,100181,163,99975,163,100200,163,99972,163,100232,100,99941,100,100335,100,99933,100,100414,100,99900,100,100470,100,99898,100,100517,100,99891,100
2019-06-28 10:00:10.000000000,100138,207,100128,607,100170,204,100047,304,100177,204,100033,204,100181,100,99975,100,100200,100,99972,100,100232,100,99941,100,100335,100,99933,100,100414,100,99900,100,100470,100,99898,100,100517,100,99891,100
2019-06-28 10:00:12.212107874,100138,107,100128,607,100170,204,100047,304,100177,204,100033,204,100181,100,99975,100,100232,100,99972,100,100335,100,99941,100,100414,100,99933,100,100470,100,99900,100,100517,100,99898,100,100620,100,99891,100
2019-06-28 10:00:20.000000000,100170,178,100128,578,100177,178,100047,278,100181,178,100033,178,100232,178,99975,178,100335,100,99972,100,100414,100,99941,100,100470,100,99933,100,100517,100,99900,100,100620,100,99898,100,100723,100,99891,100
2019-06-28 10:00:24.683844081,100170,178,100128,578,100177,178,100047,278,100181,178,100033,178,100232,178,99975,178,100335,100,99972,100,100414,100,99941,100,100470,100,99933,100,100517,100,99900,100,100620,100,99898,100,100723,100,99891,100
2019-06-28 10:00:30.000000000,100170,414,100128,814,100177,100,100047,200,100181,100,100033,100,100232,100,99975,100,100335,100,99972,100,100414,100,99941,100,100470,100,99933,100,100517,100,99900,100,100620,100,99898,100,100723,100,99891,100
2019-06-28 10:00:40.000000000,100170,414,100128,814,100177,100,100047,200,100181,100,100033,100,100232,100,99975,100,100335,100,99972,100,100414,100,99941,100,100470,100,99933,100,100517,100,99900,100,100620,100,99898,100,100723,100,99891,100
2019-06-28 10:00:44.854728085,100170,314,100128,814,100177,100,100047,200,100181,100,100033,100,100232,100,99975,100,100335,100,99972,100,100414,100,99941,100,100470,100,99933,100,100517,100,99900,100,100620,100,99898,100,100723,100,99891,100
2019-06-28 10:00:49.196197841,100170,314,100128,814,100177,100,100047,200,100181,100,100033,100,100232,100,99975,100,100335,100,99972,100,100414,100,99941,100,100470,100,99933,100,100517,100,99900,100,100620,100,99898,100,100723,100,99891,100
2019-06-28 10:00:50.000000000,100177,207,100128,607,100181,204,100047,304,100232,204,100033,204,100335,100,99975,100,100414,100,99972,100,100470,100,99941,100,100517,100,99933,100,100620,100,99900,100,100723,100,99898,100,101087,100,99891,100
2019-06-28 10:00:55.077303369,100177,107,100128,607,100181,204,100047,304,100232,204,100033,204,100335,100,99975,100,100414,100,99972,100,100470,100,99941,100,100517,100,99933,100,100620,100,99898,100,100723,100,99891,100,101087,100,99886,100
2019-06-28 10:01:00.000000000,100181,163,100128,563,100232,163,100047,263,100335,163,100033,163,100414,163,99975,163,100470,163,99972,163,100517,100,99941,100,100620,100,99933,100,100723,100,99898,100,101087,100,99891,100,101444,100,99886,100
2019-06-28 10:01:00.086982432,100181,163,100128,563,100232,163,100047,263,100335,163,100033,163,100414,163,99975,163,100470,163,99972,163,100517,100,99941,100,100620,100,99933,100,100723,100,99898,100,101087,100,99891,100,101444,100,99886,100
2019-06-28 10:01:10.000000000,100181,414,100128,814,100232,100,100047,200,100335,100,100033,100,100414,100,99975,100,100470,100,99972,100,100517,100,99941,100,100620,100,99933,100,100723,100,99898,100,101087,100,99891,100,101444,100,99886,100
2019-06-28 10:01:11.220846713,100181,314,100128,814,100232,100,100047,200,100335,100,100033,100,100414,100,99975,100,100470,100,99972,100,100517,100,99941,100,100620,100,99933,100,100723,100,99898,100,101087,100,99891,100,101482,100,99886,100
2019-06-28 10:01:20.000000000,100232,257,100128,657,100335,257,100047,357,100414,100,100033,100,100470,100,99975,100,100517,100,99972,100,100620,100,99941,100,100723,100,99933,100,101087,100,99898,100,101482,100,99891,100,101626,100,99886,100
2019-06-28 10:01:21.381679191,100232,57,100128,657,100335,257,100047,357,100414,100,100033,100,100470,100,99975,100,100517,100,99972,100,100620,100,99941,100,100723,100,99933,100,101087,100,99898,100,101482,100,99891,100,101626,100,99886,100
2019-06-28 10:01:30.000000000,100335,414,100128,814,100414,100,100047,200,100470,100,100033,100,100517,100,99975,100,100620,100,99972,100,100723,100,99941,100,101087,100,99933,100,101482,100,99898,100,101626,100,99891,100,101712,100,99886,100
2019-06-28 10:01:40.000000000,100335,414,100128,814,100414,100,100047,200,100470,100,100033,100,100517,100,99975,100,100620,100,99972,100,100723,100,99941,100,101087,100,99933,100,101482,100,99898,100,101626,100,99891,100,101712,100,99886,100
2019-06-28 10:01:48.010284213,100335,414,100128,814,100414,100,100047,200,100470,100,100033,100,100517,100,99975,100,100620,100,99972,100,100723,100,99941,100,101087,100,99933,100,101482,100,99898,100,101626,100,99891,100,101712,100,99886,100
2019-06-28 10:01:50.000000000,100335,178,100128,578,100414,178,100047,278,100470,178,100033,178,100517,178,99975,178,100620,100,99972,100,100723,100,99941,100,101087,100,99933,100,101482,100,99898,100,101626,100,99891,100,101712,100,99886,100
2019-06-28 10:01:56.251788141,100335,178,100128,578,100414,178,100047,278,100470,178,100033,178,100517,178,99975,178,100620,100,99972,100,100723,100,99941,100,101087,100,99933,100,101482,100,99898,100,101626,100,99891,100,101712,100,99886,100
2019-06-28 10:02:00.000000000,100335,414,100128,814,100414,100,100047,200,100470,100,100033,100,100517,100,99975,100,100620,100,99972,100,100723,100,99941,100,101087,100,99933,100,101482,100,99898,100,101626,100,99891,100,101712,100,99886,100
2019-06-28 10:02:03.692858508,100335,414,100128,814,100414,100,100047,200,100470,100,100033,100,100517,100,99975,100,100620,100,99972,100,100723,100,99941,100,101087,100,99933,100,101482,100,99898,100,101626,100,99891,100,101712,100,99886,100
2019-06-28 10:02:10.000000000,100335,257,100128,657,100414,257,100047,357,100470,100,100033,100,100517,100,99975,100,100620,100,99972,100,100723,100,99941,100,101087,100,99933,100,101482,100,99898,100,101626,100,99891,100,101712,100,99886,100
2019-06-28 10:02:20.000000000,100335,178,100128,578,100414,178,100047,278,100470,178,100033,178,100517,178,99975,178,100620,100,99972,100,100723,100,99941,100,101087,100,99933,100,101482,100,99898,100,101626,100,99891,100,101712,100,99886,100
2019-06-28 10:02:26.182641932,100335,178,100128,578,100414,178,100047,278,100470,178,100033,178,100517,178,99975,178,100620,100,99972,100,100723,100,99941,100,101087,100,99933,100,101482,100,99898,100,101626,100,99891,100,101712,100,99886,100
2019-06-28 10:02:29.998229457,100335,78,100128,578,100414,178,100047,278,100470,178,100033,178,100517,178,99975,178,100620,100,99972,100,100723,100,99941,100,101087,100,99933,100,101482,100,99898,100,101626,100,99891,100,101736,100,99886,100
2019-06-28 10:02:30.000000000,100414,207,100128,607,100470,204,100047,304,100517,204,100033,204,100620,100,99975,100,100723,100,99972,100,101087,100,99941,100,101482,100,99933,100,101626,100,99898,100,101736,100,99891,100,101800,100,99886,100
2019-06-28 10:02:37.348791094,100414,107,100128,607,100470,204,100047,304,100517,204,100033,204,100620,100,99975,100,100723,100,99972,100,101087,100,99941,100,101482,100,99933,100,101626,100,99891,100,101736,100,99886,100,101800,100,99866,100
2019-06-28 10:02:40.000000000,100470,178,100128,578,100517,178,100047,278,100620,178,100033,178,100723,178,99975,178,101087,100,99972,100,101482,100,99941,100,101626,100,99933,100,101736,100,99891,100,101800,100,99886,100,101834,100,99866,100
2019-06-28 10:02:50.000000000,100470,257,100128,657,100517,257,100047,357,100620,100,100033,100,100723,100,99975,100,101087,100,99972,100,101482,100,99941,100,101626,100,99933,100,101736,100,99891,100,101800,100,99886,100,101834,100,99866,100
2019-06-28 10:02:50.975284079,100470,257,100128,657,100517,257,100047,357,100620,100,100033,100,100723,100,99975,100,101087,100,99972,100,101482,100,99941,100,101626,100,99933,100,101736,100,99891,100,101800,100,99886,100,101809,100,99866,100
2019-06-28 10:02:55.014372921,100470,257,100128,657,100517,257,100047,357,100620,100,100033,100,100723,100,99975,100,101087,100,99972,100,101482,100,99941,100,101626,100,99933,100,101736,100,99891,100,101809,100,99886,100,101834,100,99866,100
2019-06-28 10:03:00.000000000,100470,257,100128,657,100517,257,100047,357,100620,100,100033,100,100723,100,99975,100,101087,100,99972,100,101482,100,99941,100,101626,100,99933,100,101736,100,99891,100,101809,100,99886,100,101834,100,99866,100
2019-06-28 10:03:06.139142321,100470,257,100128,657,100517,257,100047,357,100620,100,100033,100,100723,100,99975,100,101087,100,99972,100,101482,100,99941,100,101626,100,99933,100,101736,100,99891,100,101809,100,99886,100,101834,100,99866,100
2019-06-28 10:03:10.000000000,100470,207,100128,607,100517,204,100047,304,100620,204,100033,204,100723,100,99975,100,101087,100,99972,100,101482,100,99941,100,101626,100,99933,100,101736,100,99891,100,101809,100,99886,100,101834,100,99866,100
2019-06-28 10:03:17.291184450,100470,207,100128,607,100517,204,100047,304,100620,204,100033,204,100723,100,99975,100,101087,100,99972,100,101482,100,99941,100,101626,100,99933,100,101736,100,99891,100,101809,100,99886,100,101834,100,99866,100
2019-06-28 10:03:20.000000000,100470,414,100128,814,100517,100,100047,200,100620,100,100033,100,100723,100,99975,100,101087,100,99972,100,101482,100,99941,100,101626,100,99933,100,101736,100,99891,100,101809,100,99886,100,101834,100,99866,100
2019-06-28 10:03:30.000000000,100470,257,100128,657,100517,257,100047,357,100620,100,100033,100,100723,100,99975,100,101087,100,99972,100,101482,100,99941,100,101626,100,99933,100,101736,100,99891,100,101809,100,99886,100,101834,100,99866,100
2019-06-28 10:03:32.586141943,100470,157,100128,657,100517,257,100047,357,100620,100,100033,100,100723,100,99975,100,101087,100,99972,100,101482,100,99941,100,101626,100,99933,100,101736,100,99891,100,101809,100,99866,100,101834,100,99619,100
2019-06-28 10:03:40.000000000,100517,414,100128,814,100620,100,100047,200,100723,100,100033,100,101087,100,99975,100,101482,100,99972,100,101626,100,99941,100,101736,100,99933,100,101809,100,99891,100,101834,100,99866,100,101868,100,99619,100
2019-06-28 10:03:41.969602203,100517,414,100128,814,100620,100,100047,200,100723,100,100033,100,101087,100,99975,100,101482,100,99972,100,101626,100,99941,100,101736,100,99933,100,101809,100,99891,100,101834,100,99866,100,101868,100,99619,100
2019-06-28 10:03:50.000000000,100517,414,100128,814,100620,100,100047,200,100723,100,100033,100,101087,100,99975,100,101482,100,99972,100,101626,100,99941,100,101736,100,99933,100,101809,100,99891,100,101834,100,99866,100,101868,100,99619,100
2019-06-28 10:04:00.000000000,100517,178,100128,578,100620,178,100047,278,100723,178,100033,178,101087,178,99975,178,101482,100,99972,100,101626,100,99941,100,101736,100,99933,100,101809,100,99891,100,101834,100,99866,100,101868,100,99619,100
2019-06-28 10:04:10.000000000,100517,414,100128,814,100620,100,100047,200,100723,100,100033,100,101087,100,99975,100,101482,100,99972,100,101626,100,99941,100,101736,100,99933,100,101809,100,99891,100,101834,100,99866,100,101868,100,99619,100
2019-06-28 10:04:15.718727985,100517,414,100128,814,100620,100,100047,200,100723,100,100033,100,101087,100,99975,100,101482,100,99972,100,101626,100,99941,100,101736,100,99933,100,101809,100,99891,100,101834,100,99866,100,101868,100,99619,100
2019-06-28 10:04:20.000000000,100517,414,100128,814,100620,100,100047,200,100723,100,100033,100,101087,100,99975,100,101482,100,99972,100,101626,100,99941,100,101736,100,99933,100,101809,100,99891,100,101834,100,99866,100,101868,100,99619,100
2019-06-28 10:04:29.488038770,100517,314,100128,814,100620,100,100047,200,100723,100,100033,100,101087,100,99975,100,101482,100,99972,100,101626,100,99941,100,101736,100,99933,100,101809,100,99891,100,101834,100,99866,100,101868,100,99619,100
2019-06-28 10:04:30.000000000,100620,178,100128,578,100723,178,100047,278,101087,178,100033,178,101482,178,99975,178,101626,100,99972,100,101736,100,99941,100,101809,100,99933,100,101834,100,99891,100,101868,100,99866,100,101887,100,99619,100
2019-06-28 10:04:35.753554231,100620,78,100128,578,100723,178,100047,278,101087,178,100033,178,101482,178,99975,178,101626,100,99972,100,101736,100,99941,100,101809,100,99933,100,101834,100,99891,100,101868,100,99866,100,101887,100,99619,100
2019-06-28 10:04:40.000000000,100723,163,100128,563,101087,163,100047,263,101482,163,100033,163,101626,163,99975,163,101736,163,99972,163,101809,100,99941,100,101834,100,99933,100,101868,100,99891,100,101887,100,99866,100,101892,100,99619,100
2019-06-28 10:04:41.825368523,100723,63,100128,563,101087,163,100047,263,101482,163,100033,163,101626,163,99975,163,101736,163,99972,163,101834,100,99941,100,101868,100,99933,100,101887,100,99891,100,101892,100,99866,100,101896,100,99619,100
2019-06-28 10:04:50.000000000,101087,257,100128,657,101482,257,100047,357,101626,100,100033,100,101736,100,99975,100,101834,100,99972,100,101868,100,99941,100,101887,100,99933,100,101892,100,99891,100,101896,100,99866,100,101956,100,99619,100
2019-06-28 10:04:52.185382462,101087,257,100128,657,101482,257,100047,357,101626,100,100033,100,101667,100,99975,100,101736,100,99972,100,101834,100,99941,100,101868,100,99933,100,101887,100,99891,100,101892,100,99866,100,101896,100,99619,100
2019-06-28 10:05:00.000000000,101087,163,100128,563,101482,163,100047,263,101626,163,100033,163,101667,163,99975,163,101736,163,99972,163,101834,100,99941,100,101868,100,99933,100,101887,100,99891,100,101892,100,99866,100,101896,100,99619,100
2019-06-28 10:05:10.000000000,101087,414,100128,814,101482,100,100047,200,101626,100,100033,100,101667,100,99975,100,101736,100,99972,100,101834,100,99941,100,101868,100,99933,100,101887,100,99891,100,101892,100,99866,100,101896,100,99619,100
2019-06-28 10:05:19.130473077,101087,414,100128,814,101482,100,100047,200,101626,100,100033,100,101667,100,99975,100,101736,100,99972,100,101752,100,99941,100,101834,100,99933,100,101868,100,99891,100,101887,100,99866,100,101892,100,99619,100
2019-06-28 10:05:20.000000000,101087,178,100128,578,101482,178,100047,278,101626,178,100033,178,101667,178,99975,178,101736,100,99972,100,101752,100,99941,100,101834,100,99933,100,101868,100,99891,100,101887,100,99866,100,101892,100,99619,100
2019-06-28 10:05:30.000000000,101087,163,100128,563,101482,163,100047,263,101626,163,100033,163,101667,163,99975,163,101736,163,99972,163,101752,100,99941,100,101834,100,99933,100,101868,100,99891,100,101887,100,99866,100,101892,100,99619,100
2019-06-28 10:05:40.000000000,101087,257,100128,657,101482,257,100047,357,101626,100,100033,100,101667,100,99975,100,101736,100,99972,100,101752,100,99941,100,101834,100,99933,100,101868,100,99891,100,101887,100,99866,100,101892,100,99619,100
2019-06-28 10:05:50.000000000,101087,178,100128,578,101482,178,100047,278,101626,178,100033,178,101667,178,99975,178,101736,100,99972,100,101752,100,99941,100,101834,100,99933,100,101868,100,99891,100,101887,100,99866,100,101892,100,99619,100
2019-06-28 10:05:53.332109258,101087,178,100128,578,101482,178,100047,278,101626,178,100033,78,101667,178,99975,178,101736,100,99972,100,101752,100,99941,100,101834,100,99933,100,101868,100,99891,100,101887,100,99866,100,101892,100,99619,100
2019-06-28 10:05:55.381930407,101087,178,100128,478,101482,178,100047,278,101626,178,100033,78,101667,178,99975,178,101736,100,99972,100,101752,100,99941,100,101834,100,99933,100,101868,100,99891,100,101887,100,99866,100,101892,100,99619,100
2019-06-28 10:06:00.000000000,101087,207,100128,507,101482,204,100047,304,101626,204,99975,204,101667,100,99972,100,101736,100,99941,100,101752,100,99933,100,101834,100,99891,100,101868,100,99866,100,101887,100,99619,100,101892,100,99260,100
2019-06-28 10:06:05.062958904,101087,107,100128,507,101482,204,100047,304,101626,204,99975,204,101667,100,99972,100,101736,100,99941,100,101752,100,99933,100,101834,100,99891,100,101868,100,99866,100,101887,100,99619,100,101892,100,99260,100
2019-06-28 10:06:10.000000000,101482,178,100128,478,101626,178,100047,278,101667,178,99975,178,101736,178,99972,178,101752,100,99941,100,101834,100,99933,100,101868,100,99891,100,101887,100,99866,100,101892,100,99619,100,101896,100,99260,100
2019-06-28 10:06:12.352515801,101376,100,100128,478,101482,178,100047,278,101626,178,99975,178,101667,78,99972,178,101736,178,99941,100,101752,100,99933,100,101834,100,99891,100,101868,100,99866,100,101887,100,99619,100,101892,100,99260,100
2019-06-28 10:06:20.000000000,101376,257,100128,557,101482,257,100047,357,101626,100,99975,100,101736,100,99972,100,101752,100,99941,100,101834,100,99933,100,101868,100,99891,100,101887,100,99866,100,101892,100,99619,100,101896,100,99260,100
2019-06-28 10:06:30.000000000,101376,178,100128,478,101482,178,100047,278,101626,178,99975,178,101736,178,99972,178,101752,100,99941,100,101834,100,99933,100,101868,100,99891,100,101887,100,99866,100,101892,100,99619,100,101896,100,99260,100
2019-06-28 10:06:40.000000000,101376,163,100128,463,101482,163,100047,263,101626,163,99975,163,101736,163,99972,163,101752,163,99941,163,101834,100,99933,100,101868,100,99891,100,101887,100,99866,100,101892,100,99619,100,101896,100,99260,100
2019-06-28 10:06:47.442145637,101376,163,100128,463,101482,163,100047,263,101548,100,99975,163,101626,163,99972,163,101736,163,99941,163,101752,163,99933,100,101834,100,99891,100,101868,100,99866,100,101887,100,99619,100,101892,100,99260,100
2019-06-28 10:06:47.660009668,101376,163,100128,463,101482,163,100047,263,101548,100,99975,163,101572,100,99972,163,101626,163,99941,163,101736,163,99933,100,101752,163,99891,100,101834,100,99866,100,101868,100,99619,100,101887,100,99260,100
2019-06-28 10:06:50.000000000,101376,163,100128,463,101482,163,100047,263,101548,163,99975,163,101572,163,99972,163,101626,163,99941,163,101736,100,99933,100,101752,100,99891,100,101834,100,99866,100,101868,100,99619,100,101887,100,99260,100
2019-06-28 10:07:00.000000000,101376,163,100128,463,101482,163,100047,263,101548,163,99975,163,101572,163,99972,163,101626,163,99941,163,101736,100,99933,100,101752,100,99891,100,101834,100,99866,100,101868,100,99619,100,101887,100,99260,100
2019-06-28 10:07:01.281626135,101376,163,101313,100,101482,163,100128,463,101548,163,100047,263,101572,163,99975,163,101626,163,99972,163,101736,100,99941,163,101752,100,99933,100,101834,100,99891,100,101868,100,99866,100,101887,100,99619,100
2019-06-28 10:07:06.092321591,101376,163,101313,100,101482,163,100723,100,101548,163,100128,463,101572,163,100047,263,101626,163,99975,163,101736,100,99972,163,101752,100,99941,163,101834,100,99933,100,101868,100,99891,100,101887,100,99866,100
2019-06-28 10:07:10.000000000,101376,163,101313,163,101482,163,100723,163,101548,163,100128,463,101572,163,100047,263,101626,163,99975,163,101736,100,99972,100,101752,100,99941,100,101834,100,99933,100,101868,100,99891,100,101887,100,99866,100
2019-06-28 10:07:18.829774996,101376,63,101313,163,101482,163,100723,163,101548,163,100128,463,101572,163,100047,263,101626,163,99975,163,101736,100,99972,100,101752,100,99941,100,101834,100,99933,100,101868,100,99891,100,101892,100,99866,100
2019-06-28 10:07:20.000000000,101482,163,101313,163,101548,163,100723,163,101572,163,100128,463,101626,163,100047,263,101736,163,99975,163,101752,100,99972,100,101834,100,99941,100,101868,100,99933,100,101892,100,99891,100,101896,100,99866,100
2019-06-28 10:07:25.824245159,101482,63,101313,163,101548,163,100723,163,101572,163,100128,463,101626,163,100047,263,101736,163,99975,163,101834,100,99972,100,101868,100,99941,100,101892,100,99933,100,101896,100,99891,100,101968,100,99866,100
2019-06-28 10:07:29.362985365,101482,63,101313,163,101548,163,100723,163,101572,163,100128,463,101626,163,100047,263,101736,163,99975,163,101834,100,99972,100,101868,100,99941,100,101892,100,99933,100,101896,100,99866,100,101968,100,99619,100
2019-06-28 10:07:30.000000000,101548,178,101313,178,101572,178,100723,178,101626,178,100128,478,101736,178,100047,278,101834,100,99975,100,101868,100,99972,100,101892,100,99941,100,101896,100,99933,100,101968,100,99866,100,102045,100,99619,100
2019-06-28 10:07:40.000000000,101548,414,101313,414,101572,100,100723,100,101626,100,100128,400,101736,100,100047,200,101834,100,99975,100,101868,100,99972,100,101892,100,99941,100,101896,100,99933,100,101968,100,99866,100,102045,100,99619,100
2019-06-28 10:07:40.031821134,101548,414,101313,414,101572,100,100723,100,101626,100,100128,400,101736,100,100047,200,101834,100,99975,100,101868,100,99972,100,101896,100,99941,100,101968,100,99933,100,101988,100,99866,100,102045,100,99619,100
2019-06-28 10:07:45.738010035,101548,414,101313,414,101572,100,100723,100,101626,100,100128,300,101736,100,100047,200,101834,100,99975,100,101868,100,99972,100,101896,100,99941,100,101968,100,99933,100,101988,100,99866,100,102045,100,99619,100
2019-06-28 10:07:50.000000000,101548,257,101313,257,101572,257,100723,257,101626,100,100128,300,101736,100,100047,200,101834,100,99975,100,101868,100,99972,100,101896,100,99941,100,101968,100,99933,100,101988,100,99866,100,102045,100,99619,100
2019-06-28 10:08:00.000000000,101548,163,101313,163,101572,163,100723,163,101626,163,100128,363,101736,163,100047,263,101834,163,99975,163,101868,100,99972,100,101896,100,99941,100,101968,100,99933,100,101988,100,99866,100,102045,100,99619,100
2019-06-28 10:08:09.020052481,101548,63,101313,163,101572,163,100723,163,101626,163,100128,363,101736,163,100047,263,101834,163,99975,163,101868,100,99972,100,101896,100,99941,100,101968,100,99866,100,101988,100,99619,100,102045,100,99260,100
2019-06-28 10:08:10.000000000,101572,178,101313,178,101626,178,100723,178,101736,178,100128,378,101834,178,100047,278,101868,100,99975,100,101896,100,99972,100,101968,100,99941,100,101988,100,99866,100,102045,100,99619,100,102076,100,99260,100
2019-06-28 10:08:16.230120469,101572,178,101313,178,101626,178,100723,178,101736,178,100128,378,101834,178,100047,278,101868,100,99975,100,101896,100,99972,100,101968,100,99941,100,101988,100,99866,100,101996,100,99619,100,102045,100,99260,100
2019-06-28 10:08:20.000000000,101572,414,101313,414,101626,100,100723,100,101736,100,100128,300,101834,100,100047,200,101868,100,99975,100,101896,100,99972,100,101968,100,99941,100,101988,100,99866,100,101996,100,99619,100,102045,100,99260,100
2019-06-28 10:08:30.000000000,101572,178,101313,178,101626,178,100723,178,101736,178,100128,378,101834,178,100047,278,101868,100,99975,100,101896,100,99972,100,101968,100,99941,100,101988,100,99866,100,101996,100,99619,100,102045,100,99260,100
2019-06-28 10:08:40.000000000,101572,178,101313,178,101626,178,100723,178,101736,178,100128,378,101834,178,100047,278,101868,100,99975,100,101896,100,99972,100,101968,100,99941,100,101988,100,99866,100,101996,100,99619,100,102045,100,99260,100
2019-06-28 10:08:41.197048598,101572,178,101482,100,101626,178,101313,178,101736,178,100723,178,101834,178,100128,378,101868,100,100047,278,101896,100,99975,100,101968,100,99972,100,101988,100,99941,100,101996,100,99866,100,102045,100,99619,100
2019-06-28 10:08:50.000000000,101572,257,101482,257,101626,257,101313,257,101736,100,100723,100,101834,100,100128,300,101868,100,100047,200,101896,100,99975,100,101968,100,99972,100,101988,100,99941,100,101996,100,99866,100,102045,100,99619,100
2019-06-28 10:09:00.000000000,101572,163,101482,163,101626,163,101313,163,101736,163,100723,163,101834,163,100128,363,101868,163,100047,263,101896,100,99975,100,101968,100,99972,100,101988,100,99941,100,101996,100,99866,100,102045,100,99619,100
2019-06-28 10:09:10.000000000,101572,163,101482,163,101626,163,101313,163,101736,163,100723,163,101834,163,100128,363,101868,163,100047,263,101896,100,99975,100,101968,100,99972,100,101988,100,99941,100,101996,100,99866,100,102045,100,99619,100
2019-06-28 10:09:18.032689592,101547,100,101482,163,101572,163,101313,163,101626,163,100723,163,101736,163,100128,363,101834,163,100047,263,101868,163,99975,100,101896,100,99972,100,101968,100,99941,100,101988,100,99866,100,101996,100,99619,100
2019-06-28 10:09:20.000000000,101547,178,101482,178,101572,178,101313,178,101626,178,100723,178,101736,178,100128,378,101834,100,100047,200,101868,100,99975,100,101896,100,99972,100,101968,100,99941,100,101988,100,99866,100,101996,100,99619,100
2019-06-28 10:09:22.274984365,101547,178,101482,178,101572,178,101313,178,101626,178,100723,178,101734,100,100128,378,101736,178,100047,200,101834,100,99975,100,101868,100,99972,100,101896,100,99941,100,101968,100,99866,100,101996,100,99619,100
2019-06-28 10:09:30.000000000,101547,257,101482,257,101572,257,101313,257,101626,100,100723,100,101734,100,100128,300,101736,100,100047,200,101834,100,99975,100,101868,100,99972,100,101896,100,99941,100,101968,100,99866,100,101996,100,99619,100
2019-06-28 10:09:40.000000000,101547,163,101482,163,101572,163,101313,163,101626,163,100723,163,101734,163,100128,363,101736,163,100047,263,101834,100,99975,100,101868,100,99972,100,101896,100,99941,100,101968,100,99866,100,101996,100,99619,100
2019-06-28 10:09:50.000000000,101547,163,101482,163,101572,163,101313,163,101626,163,100723,163,101734,163,100128,363,101736,163,100047,263,101834,100,99975,100,101868,100,99972,100,101896,100,99941,100,101968,100,99866,100,101996,100,99619,100
2019-06-28 10:09:50.367566487,101547,163,101482,163,101572,163,101313,163,101626,163,101013,100,101734,163,100723,163,101736,163,100128,363,101834,100,100047,263,101868,100,99975,100,101896,100,99972,100,101968,100,99941,100,101996,100,99866,100
2019-06-28 10:09:55.492830438,101547,163,101482,163,101572,163,101313,163,101626,163,101013,100,101734,163,100723,163,101736,163,100128,363,101834,100,100047,263,101868,100,99972,100,101896,100,99941,100,101968,100,99866,100,101996,100,99619,100
2019-06-28 10:10:00.000000000,101547,163,101482,163,101572,163,101313,163,101626,163,101013,163,101734,163,100723,163,101736,163,100128,363,101834,100,100047,200,101868,100,99972,100,101896,100,99941,100,101968,100,99866,100,101996,100,99619,100
2019-06-28 10:10:10.000000000,101547,163,101482,163,101572,163,101313,163,101626,163,101013,163,101734,163,100723,163,101736,163,100128,363,101834,100,100047,200,101868,100,99972,100,101896,100,99941,100,101968,100,99866,100,101996,100,99619,100
2019-06-28 10:10:13.517195626,101547,163,101482,63,101572,163,101313,163,101626,163,101013,163,101734,163,100723,163,101736,163,100128,363,101834,100,100047,200,101868,100,99972,100,101896,100,99941,100,101968,100,99866,100,101996,100,99619,100
2019-06-28 10:10:20.000000000,101547,257,101313,257,101572,257,101013,257,101626,100,100723,100,101734,100,100128,300,101736,100,100047,200,101834,100,99972,100,101868,100,99941,100,101896,100,99866,100,101968,100,99619,100,101996,100,99260,100
2019-06-28 10:10:26.432851439,101547,257,101313,257,101572,257,101013,257,101626,100,100723,100,101734,100,100598,100,101736,100,100128,300,101834,100,100047,200,101868,100,99972,100,101896,100,99941,100,101968,100,99866,100,101996,100,99619,100
