,ask_price_1,ask_size_1,bid_price_1,bid_size_1,ask_price_2,ask_size_2,bid_price_2,bid_size_2,ask_price_3,ask_size_3,bid_price_3,bid_size_3,ask_price_4,ask_size_4,bid_price_4,bid_size_4,ask_price_5,ask_size_5,bid_price_5,bid_size_5,ask_price_6,ask_size_6,bid_price_6,bid_size_6,ask_price_7,ask_size_7,bid_price_7,bid_size_7,ask_price_8,ask_size_8,bid_price_8,bid_size_8,ask_price_9,ask_size_9,bid_price_9,bid_size_9,ask_price_10,ask_size_10,bid_price_10,bid_size_10
2019-06-28 09:30:00.000000000,,,99880,100,,,,,,,,,,,,,,,,,,,,,,,,,,,,,,,,,,,,
2019-06-28 09:30:00.000000004,99981,100,99891,100,,,99880,100,,,,,,,,,,,,,,,,,,,,,,,,,,,,,,,,
2019-06-28 09:30:00.000000006,99981,100,99963,100,100116,100,99891,100,,,99880,100,,,,,,,,,,,,,,,,,,,,,,,,,,,,
2019-06-28 09:30:00.000000007,99981,100,99963,100,100116,100,99934,100,,,99891,100,,,99880,100,,,,,,,,,,,,,,,,,,,,,,,,
2019-06-28 09:30:00.000000012,99981,100,99963,100,100075,100,99934,100,100116,100,99891,100,,,99880,100,,,,,,,,,,,,,,,,,,,,,,,,
2019-06-28 09:30:00.000000015,99981,100,99963,100,100054,100,99934,100,100075,100,99891,100,100116,100,99880,100,,,,,,,,,,,,,,,,,,,,,,,,
2019-06-28 09:30:00.000000016,99981,100,99963,100,100054,100,99934,100,100075,100,99891,100,100116,100,99880,100,,,99868,100,,,,,,,,,,,,,,,,,,,,
2019-06-28 09:30:00.000000019,99981,100,99963,100,99994,100,99934,100,100054,100,99891,100,100075,100,99880,100,100116,100,99868,100,,,,,,,,,,,,,,,,,,,,
2019-06-28 09:30:00.000000020,99994,100,99963,100,100054,100,99934,100,100075,100,99891,100,100116,100,99880,100,,,99868,100,,,,,,,,,,,,,,,,,,,,
2019-06-28 09:30:00.000000021,100054,100,99963,100,100075,100,99934,100,100116,100,99891,100,,,99880,100,,,99868,100,,,,,,,,,,,,,,,,,,,,
2019-06-28 09:30:00.000000022,100054,100,100005,100,100075,100,99963,100,100116,100,99934,100,100154,100,99891,100,,,99880,100,,,99868,100,,,,,,,,,,,,,,,,
2019-06-28 09:30:00.000000023,100054,100,100005,100,100075,100,99963,200,100081,100,99934,100,100116,100,99891,100,100154,100,99880,100,,,99868,100,,,,,,,,,,,,,,,,
2019-06-28 09:30:00.000000026,100014,100,100005,100,100054,100,99963,200,100072,100,99934,100,100075,100,99891,100,100081,100,99880,100,100116,100,99868,100,100154,100,,,,,,,,,,,,,,
2019-06-28 09:30:00.000000028,100014,100,100005,100,100054,100,99965,100,100072,100,99963,200,100075,100,99934,100,100081,100,99891,100,100116,100,99880,100,100154,100,99868,100,,,,,,,,,,,,
2019-06-28 09:30:00.000000033,100014,100,99965,100,100054,100,99963,200,100072,100,99934,100,100075,100,99891,100,100081,100,99880,100,100116,100,99868,100,100154,100,,,,,,,,,,,,,,
2019-06-28 09:30:00.000000036,100014,100,99965,100,100053,100,99963,200,100054,100,99934,100,100072,100,99891,100,100075,100,99880,100,100081,100,99868,100,100098,100,,,100116,100,,,100154,100,,,,,,
2019-06-28 09:30:00.000000037,100014,100,99965,100,100053,100,99963,200,100054,100,99934,100,100072,100,99891,100,100075,100,99880,100,100081,100,99868,100,100098,100,99865,100,100116,100,,,100154,100,,,,,,
2019-06-28 09:30:00.000000038,100014,100,99965,100,100053,100,99963,200,100054,100,99934,100,100072,100,99891,100,100075,100,99880,100,100081,100,99868,100,100094,100,99865,100,100098,100,,,100116,100,,,100154,100,,
2019-06-28 09:30:00.000000039,100014,100,100010,100,100053,100,99965,100,100054,100,99963,200,100072,100,99934,100,100075,100,99891,100,100081,100,99880,100,100094,100,99868,100,100098,100,99865,100,100116,100,,,100154,100,,
2019-06-28 09:30:00.000000040,100014,100,100010,100,100053,100,99965,100,100054,100,99963,200,100072,100,99934,100,100075,100,99891,100,100081,100,99880,100,100094,100,99868,100,100098,100,99865,100,100116,100,,,100154,100,,
2019-06-28 09:30:00.000000041,100014,100,100010,100,100050,100,99965,100,100053,100,99963,200,100054,100,99934,100,100072,100,99891,100,100075,100,99880,100,100081,100,99868,100,100094,100,99865,100,100098,100,,,100116,100,,
2019-06-28 09:30:00.000000042,100014,100,100010,100,100050,100,99965,100,100053,100,99963,200,100054,100,99934,100,100072,100,99891,100,100074,100,99880,100,100075,100,99868,100,100081,100,99865,100,100094,100,,,100098,100,,
2019-06-28 09:30:00.000000044,100014,100,100010,100,100050,100,99994,100,100053,100,99965,100,100054,100,99963,200,100072,100,99934,100,100074,100,99891,100,100075,100,99880,100,100081,100,99868,100,100094,100,99865,100,100098,100,,
2019-06-28 09:30:00.000000045,100014,100,99994,100,100050,100,99965,100,100053,100,99963,200,100054,100,99934,100,100072,100,99891,100,100074,100,99880,100,100075,100,99868,100,100081,100,99865,100,100094,100,,,100098,100,,
2019-06-28 09:30:00.000000047,100014,100,99994,100,100050,100,99965,100,100053,100,99963,200,100054,100,99934,100,100072,100,99892,100,100074,100,99891,100,100075,100,99880,100,100081,100,99868,100,100094,100,99865,100,100098,100,99851,100
2019-06-28 09:30:00.000000054,100014,100,99994,100,100050,100,99965,100,100053,100,99963,200,100054,100,99934,100,100072,100,99896,100,100074,100,99892,100,100075,100,99891,100,100081,100,99880,100,100094,100,99868,100,100098,100,99865,100
2019-06-28 09:30:00.000000055,100010,100,99965,100,100014,100,99963,200,100050,100,99934,100,100053,100,99896,100,100054,100,99892,100,100072,100,99891,100,100074,100,99880,100,100075,100,99868,100,100081,100,99865,100,100094,100,99851,100
2019-06-28 09:30:00.000000056,100010,100,99965,100,100014,100,99963,200,100050,100,99934,100,100053,100,99896,100,100054,100,99892,100,100072,100,99891,100,100074,100,99880,100,100075,100,99868,100,100081,100,99865,100,100094,100,99851,100
2019-06-28 09:30:00.000000058,100010,100,100001,100,100014,100,99965,100,100050,100,99963,200,100053,100,99934,100,100054,100,99896,100,100072,100,99892,100,100074,100,99891,100,100075,100,99880,100,100081,100,99868,100,100094,100,99865,100
2019-06-28 09:30:00.000000059,100014,100,100001,100,100050,100,99965,100,100053,100,99963,200,100054,100,99934,100,100072,100,99896,100,100074,100,99892,100,100075,100,99891,100,100081,100,99880,100,100094,100,99868,100,100098,100,99865,100
2019-06-28 09:30:00.000000060,100014,100,100001,100,100050,100,99965,100,100053,100,99963,200,100054,100,99934,100,100072,100,99896,100,100074,100,99892,100,100075,100,99891,100,100081,100,99880,100,100086,100,99868,100,100094,100,99865,100
2019-06-28 09:30:00.000000061,100010,100,100001,100,100014,100,99965,100,100050,100,99963,200,100053,100,99934,100,100054,100,99896,100,100072,100,99892,100,100074,100,99891,100,100075,100,99880,100,100081,100,99868,100,100086,100,99865,100
2019-06-28 09:30:00.000000069,100010,100,100001,100,100014,100,99965,100,100050,100,99963,200,100053,100,99934,100,100054,100,99932,100,100072,100,99896,100,100074,100,99892,100,100075,100,99891,100,100081,100,99880,100,100086,100,99868,100
2019-06-28 09:30:00.000000070,100010,100,100001,100,100014,100,99965,100,100050,100,99963,200,100053,100,99953,100,100054,100,99934,100,100072,100,99932,100,100074,100,99896,100,100075,100,99892,100,100081,100,99891,100,100086,100,99880,100
2019-06-28 09:30:00.000000071,100010,100,100001,100,100014,100,99965,100,100032,100,99963,200,100050,100,99953,100,100053,100,99934,100,100054,100,99932,100,100072,100,99896,100,100074,100,99892,100,100075,100,99891,100,100081,100,99880,100
2019-06-28 09:30:00.000000075,100010,100,100001,100,100014,100,99965,100,100032,100,99963,200,100050,100,99953,100,100053,100,99934,100,100054,100,99932,100,100072,100,99896,100,100074,100,99892,100,100075,100,99891,100,100081,100,99880,100
2019-06-28 09:30:00.000000078,100014,100,100001,100,100032,100,99965,100,100050,100,99963,200,100053,100,99953,100,100054,100,99934,100,100072,100,99932,100,100074,100,99896,100,100075,100,99892,100,100081,100,99891,100,100086,100,99880,100
2019-06-28 09:30:00.000000082,100014,100,100001,100,100032,100,99965,100,100050,100,99963,200,100053,100,99953,100,100054,100,99934,100,100072,100,99932,100,100074,100,99896,100,100075,100,99892,100,100081,100,99891,100,100086,100,99880,100
2019-06-28 09:30:00.000000085,100010,100,100001,100,100014,100,99997,100,100032,100,99965,100,100050,100,99963,200,100053,100,99953,100,100054,100,99934,100,100072,100,99932,100,100074,100,99896,100,100075,100,99892,100,100081,100,99891,100
2019-06-28 09:30:00.000000089,100010,100,100001,100,100014,100,99997,100,100032,100,99965,100,100050,100,99963,200,100053,100,99953,100,100054,100,99934,100,100072,100,99932,100,100074,100,99924,100,100075,100,99896,100,100081,100,99892,100
2019-06-28 09:30:00.000000090,100010,100,100001,100,100014,100,99997,100,100032,100,99965,100,100050,100,99963,200,100053,100,99953,100,100054,100,99934,100,100072,100,99932,100,100074,100,99924,100,100075,100,99896,100,100081,100,99892,100
2019-06-28 09:30:00.000000091,100014,100,100001,100,100032,100,99997,100,100050,100,99965,100,100053,100,99963,200,100054,100,99953,100,100072,100,99934,100,100074,100,99932,100,100075,100,99924,100,100081,100,99896,100,100086,100,99892,100
2019-06-28 09:30:00.000000092,100010,100,100001,100,100014,100,99997,100,100032,100,99965,100,100050,100,99963,200,100053,100,99953,100,100054,100,99934,100,100072,100,99932,100,100074,100,99924,100,100075,100,99896,100,100081,100,99892,100
2019-06-28 09:30:00.000000093,100014,100,100001,100,100032,100,99997,100,100050,100,99965,100,100053,100,99963,200,100054,100,99953,100,100072,100,99934,100,100074,100,99932,100,100075,100,99924,100,100081,100,99896,100,100086,100,99892,100
2019-06-28 09:30:00.000000094,100014,100,100001,100,100032,100,99997,100,100050,100,99965,100,100053,100,99963,200,100054,100,99953,100,100072,100,99934,100,100074,100,99932,100,100075,100,99924,100,100081,100,99896,100,100086,100,99892,100
2019-06-28 09:30:00.000000095,100014,100,100010,100,100032,100,100001,100,100050,100,99997,100,100053,100,99965,100,100054,100,99963,200,100072,100,99953,100,100074,100,99934,100,100075,100,99932,100,100081,100,99924,100,100086,100,99896,100
2019-06-28 09:30:00.000000097,100014,100,100010,100,100032,100,100001,100,100050,100,99997,100,100053,100,99976,100,100054,100,99965,100,100072,100,99963,200,100074,100,99953,100,100075,100,99934,100,100081,100,99932,100,100086,100,99924,100
2019-06-28 09:30:00.000000098,100014,100,100010,100,100032,100,100001,100,100050,100,99997,100,100053,200,99976,100,100054,100,99965,100,100072,100,99963,200,100074,100,99953,100,100075,100,99934,100,100076,100,99932,100,100081,100,99924,100
2019-06-28 09:30:00.000000099,100014,100,100010,100,100032,100,100001,100,100050,100,99997,100,100053,200,99976,100,100054,100,99965,100,100072,100,99963,200,100074,100,99953,100,100075,100,99934,100,100076,100,99932,100,100081,100,99924,100
2019-06-28 09:30:00.322639194,100014,100,100001,100,100032,100,99997,100,100050,100,99976,100,100053,200,99965,100,100054,100,99963,200,100072,100,99953,100,100074,100,99934,100,100075,100,99932,100,100076,100,99924,100,100081,100,99896,100
2019-06-28 09:30:03.466382810,100014,100,100010,100,100032,100,100001,100,100050,100,99997,100,100053,200,99976,100,100054,100,99965,100,100072,100,99963,200,100074,100,99953,100,100075,100,99934,100,100076,100,99932,100,100081,100,99924,100
2019-06-28 09:30:04.230377694,100014,100,100001,100,100032,100,99997,100,100050,100,99976,100,100053,200,99965,100,100054,100,99963,200,100072,100,99953,100,100074,100,99934,100,100075,100,99932,100,100076,100,99924,100,100081,100,99896,100
2019-06-28 09:30:09.599663131,100014,100,100001,100,100032,100,99997,100,100050,100,99976,100,100053,200,99965,100,100054,100,99963,200,100072,100,99953,100,100074,100,99934,100,100075,100,99932,100,100076,100,99924,100,100081,100,99896,100
2019-06-28 09:30:10.000000000,100014,222,100001,222,100032,219,99997,219,100050,219,99976,219,100053,200,99965,100,100054,100,99963,200,100072,100,99953,100,100074,100,99934,100,100075,100,99932,100,100076,100,99924,100,100081,100,99896,100
2019-06-28 09:30:12.860810700,100014,222,100001,222,100032,219,99997,219,100050,219,99976,219,100053,200,99965,100,100054,100,99963,100,100057,100,99953,100,100072,100,99934,100,100074,100,99932,100,100075,100,99924,100,100076,100,99896,100
2019-06-28 09:30:20.000000000,100014,460,100001,460,100032,100,99997,100,100050,100,99976,100,100053,200,99965,100,100054,100,99963,100,100057,100,99953,100,100072,100,99934,100,100074,100,99932,100,100075,100,99924,100,100076,100,99896,100
2019-06-28 09:30:30.000000000,100014,190,100001,190,100032,190,99997,190,100050,190,99976,190,100053,290,99965,190,100054,100,99963,100,100057,100,99953,100,100072,100,99934,100,100074,100,99932,100,100075,100,99924,100,100076,100,99896,100
2019-06-28 09:30:40.000000000,100014,222,100001,222,100032,219,99997,219,100050,219,99976,219,100053,200,99965,100,100054,100,99963,100,100057,100,99953,100,100072,100,99934,100,100074,100,99932,100,100075,100,99924,100,100076,100,99896,100
2019-06-28 09:30:50.000000000,100014,280,100001,280,100032,280,99997,280,100050,100,99976,100,100053,200,99965,100,100054,100,99963,100,100057,100,99953,100,100072,100,99934,100,100074,100,99932,100,100075,100,99924,100,100076,100,99896,100
2019-06-28 09:30:58.999538612,100010,100,100001,280,100014,280,99997,280,100032,280,99976,100,100050,100,99965,100,100053,200,99963,100,100054,100,99953,100,100057,100,99934,100,100072,100,99932,100,100074,100,99924,100,100075,100,99896,100
2019-06-28 09:31:00.000000000,100010,460,100001,460,100014,100,99997,100,100032,100,99976,100,100050,100,99965,100,100053,200,99963,100,100054,100,99953,100,100057,100,99934,100,100072,100,99932,100,100074,100,99924,100,100075,100,99896,100
2019-06-28 09:31:02.832712610,100010,460,100001,360,100014,100,99997,100,100032,100,99976,100,100050,100,99963,100,100053,200,99953,100,100054,100,99934,100,100057,100,99932,100,100072,100,99924,100,100074,100,99896,100,100075,100,99892,100
2019-06-28 09:31:10.000000000,100010,172,99997,172,100014,172,99976,172,100032,172,99963,172,100050,172,99953,172,100053,272,99934,172,100054,100,99932,100,100057,100,99924,100,100072,100,99896,100,100074,100,99892,100,100075,100,99887,100
2019-06-28 09:31:16.740793714,100010,172,99997,72,100014,172,99976,172,100032,172,99963,172,100050,172,99953,172,100053,272,99934,172,100054,100,99932,100,100057,100,99924,100,100072,100,99896,100,100074,100,99892,100,100075,100,99887,100
2019-06-28 09:31:20.000000000,100010,280,99976,280,100014,280,99963,280,100032,100,99953,100,100050,100,99934,100,100053,200,99932,100,100054,100,99924,100,100057,100,99896,100,100072,100,99892,100,100074,100,99887,100,100075,100,99880,100
2019-06-28 09:31:30.000000000,100010,280,99976,280,100014,280,99963,280,100032,100,99953,100,100050,100,99934,100,100053,200,99932,100,100054,100,99924,100,100057,100,99896,100,100072,100,99892,100,100074,100,99887,100,100075,100,99880,100
2019-06-28 09:31:40.000000000,100010,172,99976,172,100014,172,99963,172,100032,172,99953,172,100050,172,99934,172,100053,272,99932,172,100054,100,99924,100,100057,100,99896,100,100072,100,99892,100,100074,100,99887,100,100075,100,99880,100
2019-06-28 09:31:47.534669850,100010,72,99976,172,100014,172,99963,172,100032,172,99953,172,100050,172,99934,172,100053,272,99932,172,100054,100,99924,100,100057,100,99896,100,100072,100,99892,100,100074,100,99887,100,100075,100,99880,100
2019-06-28 09:31:50.000000000,100014,190,99976,190,100032,190,99963,190,100050,190,99953,190,100053,290,99934,190,100054,100,99932,100,100057,100,99924,100,100072,100,99896,100,100074,100,99892,100,100075,100,99887,100,100076,100,99880,100
2019-06-28 09:32:00.000000000,100014,280,99976,280,100032,280,99963,280,100050,100,99953,100,100053,200,99934,100,100054,100,99932,100,100057,100,99924,100,100072,100,99896,100,100074,100,99892,100,100075,100,99887,100,100076,100,99880,100
2019-06-28 09:32:10.000000000,100014,172,99976,172,100032,172,99963,172,100050,172,99953,172,100053,272,99934,172,100054,172,99932,172,100057,100,99924,100,100072,100,99896,100,100074,100,99892,100,100075,100,99887,100,100076,100,99880,100
2019-06-28 09:32:16.802656478,100014,172,99976,172,100032,172,99963,172,100050,172,99953,172,100053,272,99934,172,100054,172,99932,172,100057,100,99924,100,100072,100,99896,100,100074,100,99892,100,100075,100,99887,100,100076,100,99880,100
2019-06-28 09:32:20.000000000,100014,190,99976,190,100032,190,99963,190,100050,190,99953,190,100053,290,99934,190,100054,100,99932,100,100057,100,99924,100,100072,100,99896,100,100074,100,99892,100,100075,100,99887,100,100076,100,99880,100
2019-06-28 09:32:20.302367705,100014,190,99976,190,100030,100,99963,190,100032,190,99953,190,100050,190,99934,190,100053,290,99932,100,100054,100,99924,100,100057,100,99896,100,100072,100,99892,100,100074,100,99887,100,100075,100,99880,100
2019-06-28 09:32:25.213869989,100014,190,99976,190,100030,100,99963,190,100032,190,99953,190,100050,190,99934,190,100053,290,99932,100,100054,100,99924,100,100057,100,99896,100,100072,100,99892,100,100074,100,99887,100,100075,100,99880,100
2019-06-28 09:32:30.000000000,100014,172,99976,172,100030,172,99963,172,100032,172,99953,172,100050,172,99934,172,100053,272,99932,172,100054,100,99924,100,100057,100,99896,100,100072,100,99892,100,100074,100,99887,100,100075,100,99880,100
2019-06-28 09:32:40.000000000,100014,190,99976,190,100030,190,99963,190,100032,190,99953,190,100050,190,99934,190,100053,200,99932,100,100054,100,99924,100,100057,100,99896,100,100072,100,99892,100,100074,100,99887,100,100075,100,99880,100
2019-06-28 09:32:42.851296559,100014,190,99976,190,100030,190,99963,190,100032,190,99953,190,100050,190,99934,190,100053,200,99932,100,100054,100,99924,100,100057,100,99896,100,100072,100,99892,100,100074,100,99887,100,100075,100,99880,100
2019-06-28 09:32:50.000000000,100014,280,99976,280,100030,280,99963,280,100032,100,99953,100,100050,100,99934,100,100053,200,99932,100,100054,100,99924,100,100057,100,99896,100,100072,100,99892,100,100074,100,99887,100,100075,100,99880,100
2019-06-28 09:33:00.000000000,100014,172,99976,172,100030,172,99963,172,100032,172,99953,172,100050,172,99934,172,100053,272,99932,172,100054,100,99924,100,100057,100,99896,100,100072,100,99892,100,100074,100,99887,100,100075,100,99880,100
2019-06-28 09:33:10.000000000,100014,190,99976,190,100030,190,99963,190,100032,190,99953,190,100050,190,99934,190,100053,200,99932,100,100054,100,99924,100,100057,100,99896,100,100072,100,99892,100,100074,100,99887,100,100075,100,99880,100
2019-06-28 09:33:13.181489857,100014,190,99976,190,100030,190,99963,190,100032,190,99953,190,100050,190,99934,190,100053,200,99932,100,100054,100,99924,100,100057,100,99896,100,100072,100,99892,100,100074,100,99887,100,100075,100,99880,100
2019-06-28 09:33:19.215846043,100009,100,99976,190,100014,190,99963,190,100030,190,99953,190,100032,190,99934,190,100050,190,99932,100,100053,200,99924,100,100054,100,99896,100,100057,100,99892,100,100072,100,99887,100,100074,100,99880,100
2019-06-28 09:33:20.000000000,100009,222,99976,222,100014,219,99963,219,100030,219,99953,219,100032,100,99934,100,100050,100,99932,100,100053,200,99924,100,100054,100,99896,100,100057,100,99892,100,100072,100,99887,100,100074,100,99880,100
2019-06-28 09:33:24.162596058,100009,222,99976,122,100014,219,99963,219,100030,219,99953,219,100032,100,99934,100,100050,100,99932,100,100053,200,99924,100,100054,100,99896,100,100057,100,99892,100,100072,100,99887,100,100074,100,99880,100
2019-06-28 09:33:27.715569711,100008,100,99976,122,100009,222,99963,219,100014,219,99953,219,100030,219,99934,100,100032,100,99932,100,100050,100,99924,100,100053,200,99896,100,100054,100,99892,100,100057,100,99887,100,100072,100,99880,100
2019-06-28 09:33:30.000000000,100008,460,99963,460,100009,100,99953,100,100014,100,99934,100,100030,100,99932,100,100032,100,99924,100,100050,100,99896,100,100053,200,99892,100,100054,100,99887,100,100057,100,99880,100,100072,100,99868,100
2019-06-28 09:33:40.000000000,100008,190,99963,190,100009,190,99953,190,100014,190,99934,190,100030,190,99932,190,100032,100,99924,100,100050,100,99896,100,100053,200,99892,100,100054,100,99887,100,100057,100,99880,100,100072,100,99868,100
2019-06-28 09:33:50.000000000,100008,190,99963,190,100009,190,99953,190,100014,190,99934,190,100030,190,99932,190,100032,100,99924,100,100050,100,99896,100,100053,200,99892,100,100054,100,99887,100,100057,100,99880,100,100072,100,99868,100
2019-06-28 09:34:00.000000000,100008,190,99963,190,100009,190,99953,190,100014,190,99934,190,100030,190,99932,190,100032,100,99924,100,100050,100,99896,100,100053,200,99892,100,100054,100,99887,100,100057,100,99880,100,100072,100,99868,100
2019-06-28 09:34:04.396927013,99988,100,99963,190,100008,190,99953,190,100009,190,99934,190,100014,190,99932,190,100030,190,99924,100,100032,100,99896,100,100050,100,99892,100,100053,100,99887,100,100054,100,99880,100,100057,100,99868,100
2019-06-28 09:34:08.842439050,99988,100,99963,190,100008,190,99953,190,100009,190,99934,190,100014,190,99932,190,100030,190,99924,100,100032,100,99896,100,100050,100,99892,100,100053,100,99887,100,100054,100,99880,100,100057,100,99868,100
2019-06-28 09:34:10.000000000,99988,222,99963,222,100008,219,99953,219,100009,219,99934,219,100014,100,99932,100,100030,100,99924,100,100032,100,99896,100,100050,100,99892,100,100053,100,99887,100,100054,100,99880,100,100057,100,99868,100
2019-06-28 09:34:20.000000000,99988,280,99963,280,100008,280,99953,280,100009,100,99934,100,100014,100,99932,100,100030,100,99924,100,100032,100,99896,100,100050,100,99892,100,100053,100,99887,100,100054,100,99880,100,100057,100,99868,100
2019-06-28 09:34:25.992234565,99988,280,99963,280,100008,380,99953,280,100014,100,99934,100,100030,100,99932,100,100032,100,99924,100,100050,100,99896,100,100053,100,99892,100,100054,100,99887,100,100057,100,99880,100,100072,100,99868,100
2019-06-28 09:34:30.000000000,99988,460,99963,460,100008,200,99953,100,100014,100,99934,100,100030,100,99932,100,100032,100,99924,100,100050,100,99896,100,100053,100,99892,100,100054,100,99887,100,100057,100,99880,100,100072,100,99868,100
2019-06-28 09:34:40.000000000,99988,280,99963,280,100008,380,99953,280,100014,100,99934,100,100030,100,99932,100,100032,100,99924,100,100050,100,99896,100,100053,100,99892,100,100054,100,99887,100,100057,100,99880,100,100072,100,99868,100
2019-06-28 09:34:48.325041477,99988,280,99977,100,100008,380,99963,280,100014,100,99953,280,100030,100,99934,100,100032,100,99932,100,100050,100,99924,100,100053,100,99896,100,100054,100,99892,100,100057,100,99887,100,100072,100,99880,100
2019-06-28 09:34:50.000000000,99988,280,99977,280,100008,380,99963,280,100014,100,99953,100,100030,100,99934,100,100032,100,99932,100,100050,100,99924,100,100053,100,99896,100,100054,100,99892,100,100057,100,99887,100,100072,100,99880,100
2019-06-28 09:35:00.000000000,99988,172,99977,172,100008,272,99963,172,100014,172,99953,172,100030,172,99934,172,100032,172,99932,172,100050,100,99924,100,100053,100,99896,100,100054,100,99892,100,100057,100,99887,100,100072,100,99880,100
2019-06-28 09:35:10.000000000,99988,280,99977,280,100008,380,99963,280,100014,100,99953,100,100030,100,99934,100,100032,100,99932,100,100050,100,99924,100,100053,100,99896,100,100054,100,99892,100,100057,100,99887,100,100072,100,99880,100
2019-06-28 09:35:15.630491430,99988,280,99977,280,100008,380,99963,280,100014,100,99953,100,100030,100,99934,100,100032,100,99932,100,100050,100,99924,100,100053,100,99896,100,100054,100,99892,100,100057,100,99887,100,100072,100,99880,100
2019-06-28 09:35:20.000000000,99988,280,99977,280,100008,380,99963,280,100014,100,99953,100,100030,100,99934,100,100032,100,99932,100,100050,100,99924,100,100053,100,99896,100,100054,100,99892,100,100057,100,99887,100,100072,100,99880,100
2019-06-28 09:35:30.000000000,99988,190,99977,190,100008,290,99963,190,100014,190,99953,190,100030,190,99934,190,100032,100,99932,100,100050,100,99924,100,100053,100,99896,100,100054,100,99892,100,100057,100,99887,100,100072,100,99880,100
2019-06-28 09:35:39.433849347,99988,90,99977,190,100008,290,99963,190,100014,190,99953,190,100030,190,99934,190,100032,100,99932,100,100050,100,99924,100,100053,100,99896,100,100054,100,99892,100,100057,100,99887,100,100072,100,99880,100
2019-06-28 09:35:40.000000000,100008,322,99977,222,100014,219,99963,219,100030,219,99953,219,100032,100,99934,100,100050,100,99932,100,100053,100,99924,100,100054,100,99896,100,100057,100,99892,100,100072,100,99887,100,100074,100,99880,100
2019-06-28 09:35:50.000000000,100008,272,99977,172,100014,172,99963,172,100030,172,99953,172,100032,172,99934,172,100050,172,99932,172,100053,100,99924,100,100054,100,99896,100,100057,100,99892,100,100072,100,99887,100,100074,100,99880,100
2019-06-28 09:36:00.000000000,100008,322,99977,222,100014,219,99963,219,100030,219,99953,219,100032,100,99934,100,100050,100,99932,100,100053,100,99924,100,100054,100,99896,100,100057,100,99892,100,100072,100,99887,100,100074,100,99880,100
2019-06-28 09:36:10.000000000,100008,380,99977,280,100014,280,99963,280,100030,100,99953,100,100032,100,99934,100,100050,100,99932,100,100053,100,99924,100,100054,100,99896,100,100057,100,99892,100,100072,100,99887,100,100074,100,99880,100
2019-06-28 09:36:20.000000000,100008,380,99977,280,100014,280,99963,280,100030,100,99953,100,100032,100,99934,100,100050,100,99932,100,100053,100,99924,100,100054,100,99896,100,100057,100,99892,100,100072,100,99887,100,100074,100,99880,100
2019-06-28 09:36:30.000000000,100008,272,99977,172,100014,172,99963,172,100030,172,99953,172,100032,172,99934,172,100050,172,99932,172,100053,100,99924,100,100054,100,99896,100,100057,100,99892,100,100072,100,99887,100,100074,100,99880,100
2019-06-28 09:36:40.000000000,100008,560,99977,460,100014,100,99963,100,100030,100,99953,100,100032,100,99934,100,100050,100,99932,100,100053,100,99924,100,100054,100,99896,100,100057,100,99892,100,100072,100,99887,100,100074,100,99880,100
2019-06-28 09:36:46.981419814,100008,560,99977,360,100014,100,99963,100,100030,100,99953,100,100032,100,99934,100,100050,100,99932,100,100053,100,99924,100,100057,100,99896,100,100072,100,99892,100,100074,100,99887,100,100075,100,99880,100
2019-06-28 09:36:50.000000000,100008,290,99963,190,100014,190,99953,190,100030,190,99934,190,100032,190,99932,190,100050,100,99924,100,100053,100,99896,100,100057,100,99892,100,100072,100,99887,100,100074,100,99880,100,100075,100,99868,100
2019-06-28 09:37:00.000000000,100008,560,99963,460,100014,100,99953,100,100030,100,99934,100,100032,100,99932,100,100050,100,99924,100,100053,100,99896,100,100057,100,99892,100,100072,100,99887,100,100074,100,99880,100,100075,100,99868,100
2019-06-28 09:37:09.465951866,100008,560,99963,360,100014,100,99953,100,100030,100,99934,100,100032,100,99932,100,100050,100,99924,100,100053,100,99892,100,100057,100,99887,100,100072,100,99880,100,100074,100,99868,100,100075,100,99865,100
2019-06-28 09:37:10.000000000,100008,322,99953,222,100014,219,99934,219,100030,219,99932,219,100032,100,99924,100,100050,100,99892,100,100053,100,99887,100,100057,100,99880,100,100072,100,99868,100,100074,100,99865,100,100075,100,99851,100
2019-06-28 09:37:20.000000000,100008,560,99953,460,100014,100,99934,100,100030,100,99932,100,100032,100,99924,100,100050,100,99892,100,100053,100,99887,100,100057,100,99880,100,100072,100,99868,100,100074,100,99865,100,100075,100,99851,100
2019-06-28 09:37:30.000000000,100008,290,99953,190,100014,190,99934,190,100030,190,99932,190,100032,190,99924,190,100050,100,99892,100,100053,100,99887,100,100057,100,99880,100,100072,100,99868,100,100074,100,99865,100,100075,100,99851,100
2019-06-28 09:37:40.000000000,100008,272,99953,172,100014,172,99934,172,100030,172,99932,172,100032,172,99924,172,100050,172,99892,172,100053,100,99887,100,100057,100,99880,100,100072,100,99868,100,100074,100,99865,100,100075,100,99851,100
2019-06-28 09:37:50.000000000,100008,272,99953,172,100014,172,99934,172,100030,172,99932,172,100032,172,99924,172,100050,172,99892,172,100053,100,99887,100,100057,100,99880,100,100072,100,99868,100,100074,100,99865,100,100075,100,99851,100
2019-06-28 09:38:00.000000000,100008,322,99953,222,100014,219,99934,219,100030,219,99932,219,100032,100,99924,100,100050,100,99892,100,100053,100,99887,100,100057,100,99880,100,100072,100,99868,100,100074,100,99865,100,100075,100,99851,100
2019-06-28 09:38:10.000000000,100008,560,99953,460,100014,100,99934,100,100030,100,99932,100,100032,100,99924,100,100050,100,99892,100,100053,100,99887,100,100057,100,99880,100,100072,100,99868,100,100074,100,99865,100,100075,100,99851,100
2019-06-28 09:38:15.690732798,100008,460,99953,460,100014,100,99934,100,100030,100,99932,100,100032,100,99924,100,100050,100,99892,100,100053,100,99887,100,100057,100,99880,100,100072,100,99865,100,100074,100,99851,100,100075,100,99796,100
2019-06-28 09:38:20.000000000,100008,460,99953,460,100014,100,99934,100,100030,100,99932,100,100032,100,99924,100,100050,100,99892,100,100053,100,99887,100,100057,100,99880,100,100072,100,99865,100,100074,100,99851,100,100075,100,99796,100
2019-06-28 09:38:30.000000000,100008,222,99953,222,100014,219,99934,219,100030,219,99932,219,100032,100,99924,100,100050,100,99892,100,100053,100,99887,100,100057,100,99880,100,100072,100,99865,100,100074,100,99851,100,100075,100,99796,100
2019-06-28 09:38:40.000000000,100008,172,99953,172,100014,172,99934,172,100030,172,99932,172,100032,172,99924,172,100050,172,99892,172,100053,100,99887,100,100057,100,99880,100,100072,100,99865,100,100074,100,99851,100,100075,100,99796,100
2019-06-28 09:38:50.000000000,100008,460,99953,460,100014,100,99934,100,100030,100,99932,100,100032,100,99924,100,100050,100,99892,100,100053,100,99887,100,100057,100,99880,100,100072,100,99865,100,100074,100,99851,100,100075,100,99796,100
2019-06-28 09:38:59.970409661,100008,460,99953,460,100014,100,99934,100,100030,100,99932,100,100032,100,99924,100,100050,100,99892,100,100053,100,99887,100,100057,100,99880,100,100072,100,99865,100,100074,100,99851,100,100075,100,99796,100
2019-06-28 09:39:00.000000000,100008,222,99953,222,100014,219,99934,219,100030,219,99932,219,100032,100,99924,100,100050,100,99892,100,100053,100,99887,100,100057,100,99880,100,100072,100,99865,100,100074,100,99851,100,100075,100,99796,100
2019-06-28 09:39:10.000000000,100008,190,99953,190,100014,190,99934,190,100030,190,99932,190,100032,190,99924,190,100050,100,99892,100,100053,100,99887,100,100057,100,99880,100,100072,100,99865,100,100074,100,99851,100,100075,100,99796,100
2019-06-28 09:39:20.000000000,100008,190,99953,190,100014,190,99934,190,100030,190,99932,190,100032,190,99924,190,100050,100,99892,100,100053,100,99887,100,100057,100,99880,100,100072,100,99865,100,100074,100,99851,100,100075,100,99796,100
2019-06-28 09:39:30.000000000,100008,460,99953,460,100014,100,99934,100,100030,100,99932,100,100032,100,99924,100,100050,100,99892,100,100053,100,99887,100,100057,100,99880,100,100072,100,99865,100,100074,100,99851,100,100075,100,99796,100
2019-06-28 09:39:40.000000000,100008,190,99953,190,100014,190,99934,190,100030,190,99932,190,100032,190,99924,190,100050,100,99892,100,100053,100,99887,100,100057,100,99880,100,100072,100,99865,100,100074,100,99851,100,100075,100,99796,100
2019-06-28 09:39:41.495232227,100008,90,99953,190,100014,190,99934,190,100030,190,99932,190,100032,190,99924,190,100050,100,99892,100,100053,100,99880,100,100057,100,99865,100,100072,100,99851,100,100074,100,99796,100,100075,100,99658,100
2019-06-28 09:39:50.000000000,100014,172,99953,172,100030,172,99934,172,100032,172,99932,172,100050,172,99924,172,100053,172,99892,172,100057,100,99880,100,100072,100,99865,100,100074,100,99851,100,100075,100,99796,100,100076,100,99658,100
2019-06-28 09:39:54.675885822,100014,72,99953,172,100030,172,99934,172,100032,172,99932,172,100050,172,99924,172,100053,172,99892,172,100072,100,99880,100,100074,100,99865,100,100075,100,99851,100,100076,100,99796,100,100086,100,99658,100
2019-06-28 09:40:00.000000000,100030,190,99953,190,100032,190,99934,190,100050,190,99932,190,100053,190,99924,190,100072,100,99892,100,100074,100,99880,100,100075,100,99865,100,100076,100,99851,100,100086,100,99796,100,100094,100,99658,100
2019-06-28 09:40:10.000000000,100030,172,99953,172,100032,172,99934,172,100050,172,99932,172,100053,172,99924,172,100072,172,99892,172,100074,100,99880,100,100075,100,99865,100,100076,100,99851,100,100086,100,99796,100,100094,100,99658,100
2019-06-28 09:40:20.000000000,100030,222,99953,222,100032,219,99934,219,100050,219,99932,219,100053,100,99924,100,100072,100,99892,100,100074,100,99880,100,100075,100,99865,100,100076,100,99851,100,100086,100,99796,100,100094,100,99658,100
2019-06-28 09:40:30.000000000,100030,460,99953,460,100032,100,99934,100,100050,100,99932,100,100053,100,99924,100,100072,100,99892,100,100074,100,99880,100,100075,100,99865,100,100076,100,99851,100,100086,100,99796,100,100094,100,99658,100
2019-06-28 09:40:40.000000000,100030,460,99953,460,100032,100,99934,100,100050,100,99932,100,100053,100,99924,100,100072,100,99892,100,100074,100,99880,100,100075,100,99865,100,100076,100,99851,100,100086,100,99796,100,100094,100,99658,100
2019-06-28 09:40:50.000000000,100030,222,99953,222,100032,219,99934,219,100050,219,99932,219,100053,100,99924,100,100072,100,99892,100,100074,100,99880,100,100075,100,99865,100,100076,100,99851,100,100086,100,99796,100,100094,100,99658,100
2019-06-28 09:41:00.000000000,100030,280,99953,280,100032,280,99934,280,100050,100,99932,100,100053,100,99924,100,100072,100,99892,100,100074,100,99880,100,100075,100,99865,100,100076,100,99851,100,100086,100,99796,100,100094,100,99658,100
2019-06-28 09:41:07.852905799,100030,280,99953,280,100032,280,99934,280,100050,100,99932,100,100053,100,99924,100,100072,100,99892,100,100074,100,99880,100,100075,100,99865,100,100076,100,99851,100,100086,100,99796,100,100094,100,99672,100
2019-06-28 09:41:10.000000000,100030,280,99953,280,100032,280,99934,280,100050,100,99932,100,100053,100,99924,100,100072,100,99892,100,100074,100,99880,100,100075,100,99865,100,100076,100,99851,100,100086,100,99796,100,100094,100,99672,100
2019-06-28 09:41:20.000000000,100030,222,99953,222,100032,219,99934,219,100050,219,99932,219,100053,100,99924,100,100072,100,99892,100,100074,100,99880,100,100075,100,99865,100,100076,100,99851,100,100086,100,99796,100,100094,100,99672,100
2019-06-28 09:41:27.778209539,100030,222,99953,122,100032,219,99934,219,100050,219,99932,219,100053,100,99924,100,100072,100,99892,100,100074,100,99880,100,100075,100,99865,100,100086,100,99851,100,100094,100,99796,100,100101,100,99672,100
2019-06-28 09:41:30.000000000,100030,222,99934,222,100032,219,99932,219,100050,219,99924,219,100053,100,99892,100,100072,100,99880,100,100074,100,99865,100,100075,100,99851,100,100086,100,99796,100,100094,100,99672,100,100101,100,99658,100
2019-06-28 09:41:37.091576491,100030,222,99934,122,100032,119,99932,219,100050,219,99924,219,100053,100,99892,100,100072,100,99880,100,100074,100,99865,100,100075,100,99851,100,100086,100,99796,100,100094,100,99672,100,100101,100,99658,100
2019-06-28 09:41:37.823752290,100030,222,99934,122,100032,119,99932,219,100050,219,99924,219,100053,100,99892,100,100072,100,99880,100,100074,100,99865,100,100075,100,99851,100,100086,100,99672,100,100094,100,99658,100,100101,100,99656,100
2019-06-28 09:41:40.000000000,100030,172,99932,172,100050,172,99924,172,100053,172,99892,172,100072,172,99880,172,100074,172,99865,172,100075,100,99851,100,100086,100,99672,100,100094,100,99658,100,100101,100,99656,100,100104,100,,
2019-06-28 09:41:50.000000000,100030,190,99932,190,100050,190,99924,190,100053,190,99892,190,100072,190,99880,190,100074,100,99865,100,100075,100,99851,100,100086,100,99672,100,100094,100,99658,100,100101,100,99656,100,100104,100,,
2019-06-28 09:42:00.000000000,100030,172,99932,172,100050,172,99924,172,100053,172,99892,172,100072,172,99880,172,100074,172,99865,172,100075,100,99851,100,100086,100,99672,100,100094,100,99658,100,100101,100,99656,100,100104,100,,
2019-06-28 09:42:09.744080574,100030,172,99932,72,100050,172,99924,172,100053,72,99892,172,100072,172,99880,172,100074,172,99865,172,100075,100,99851,100,100086,100,99672,100,100094,100,99658,100,100101,100,99656,100,100104,100,,
2019-06-28 09:42:10.000000000,100030,222,99924,222,100050,219,99892,219,100072,219,99880,219,100074,100,99865,100,100075,100,99851,100,100086,100,99672,100,100094,100,99658,100,100101,100,99656,100,100104,100,,,100116,200,,
2019-06-28 09:42:20.000000000,100030,460,99924,460,100050,100,99892,100,100072,100,99880,100,100074,100,99865,100,100075,100,99851,100,100086,100,99672,100,100094,100,99658,100,100101,100,99656,100,100104,100,,,100116,200,,
2019-06-28 09:42:30.000000000,100030,460,99924,460,100050,100,99892,100,100072,100,99880,100,100074,100,99865,100,100075,100,99851,100,100086,100,99672,100,100094,100,99658,100,100101,100,99656,100,100104,100,,,100116,200,,
2019-06-28 09:42:40.000000000,100030,460,99924,460,100050,100,99892,100,100072,100,99880,100,100074,100,99865,100,100075,100,99851,100,100086,100,99672,100,100094,100,99658,100,100101,100,99656,100,100104,100,,,100116,200,,
2019-06-28 09:42:42.233539742,100030,460,99924,460,100050,100,99892,100,100072,100,99880,100,100074,100,99865,100,100075,100,99851,100,100086,100,99658,100,100094,100,99656,100,100101,100,99561,100,100104,100,,,100116,200,,
2019-06-28 09:42:50.000000000,100030,190,99924,190,100050,190,99892,190,100072,190,99880,190,100074,190,99865,190,100075,100,99851,100,100086,100,99658,100,100094,100,99656,100,100101,100,99561,100,100104,100,,,100116,200,,
2019-06-28 09:42:51.041292956,100030,190,99924,90,100050,190,99892,190,100072,190,99880,190,100074,190,99865,190,100075,100,99851,100,100086,100,99658,100,100094,100,99656,100,100101,100,99561,100,100104,100,,,100116,200,,
2019-06-28 09:42:52.185813082,100030,190,99924,90,100050,190,99892,190,100072,190,99880,190,100074,190,99865,190,100075,100,99851,100,100086,100,99764,100,100094,100,99658,100,100101,100,99656,100,100104,100,99561,100,100116,200,,
2019-06-28 09:42:52.865714053,99932,100,99924,90,100030,190,99892,190,100050,190,99880,190,100072,190,99865,190,100074,190,99851,100,100075,100,99764,100,100086,100,99658,100,100094,100,99656,100,100101,100,99561,100,100104,100,,
2019-06-28 09:42:53.996947850,99924,10,99892,190,99932,100,99880,190,100030,190,99865,190,100050,190,99764,100,100072,190,99658,100,100074,190,99656,100,100075,100,99561,100,100086,100,,,100094,100,,,100101,100,,
2019-06-28 09:42:58.102267633,99924,10,99892,190,99932,100,99880,190,100030,190,99865,190,100050,190,99764,100,100072,190,99658,100,100074,190,99656,100,100075,100,99561,100,100086,100,99482,100,100094,100,,,100101,100,,
2019-06-28 09:43:00.000000000,99924,100,99892,190,99932,190,99880,190,100030,190,99865,190,100050,190,99764,190,100072,100,99658,100,100074,100,99656,100,100075,100,99561,100,100086,100,99482,100,100094,100,,,100101,100,,
2019-06-28 09:43:10.000000000,99924,132,99892,222,99932,219,99880,219,100030,219,99865,219,100050,100,99764,100,100072,100,99658,100,100074,100,99656,100,100075,100,99561,100,100086,100,99482,100,100094,100,,,100101,100,,
2019-06-28 09:43:20.000000000,99924,132,99892,222,99932,219,99880,219,100030,219,99865,219,100050,100,99764,100,100072,100,99658,100,100074,100,99656,100,100075,100,99561,100,100086,100,99482,100,100094,100,,,100101,100,,
2019-06-28 09:43:30.000000000,99924,82,99892,172,99932,172,99880,172,100030,172,99865,172,100050,172,99764,172,100072,172,99658,172,100074,100,99656,100,100075,100,99561,100,100086,100,99482,100,100094,100,,,100101,100,,
2019-06-28 09:43:38.542148729,99924,82,99892,172,99932,172,99880,172,100030,172,99865,172,100050,172,99764,172,100072,172,99658,172,100074,100,99656,100,100075,100,99561,100,100086,100,99326,100,100094,100,,,100101,100,,
2019-06-28 09:43:40.000000000,99924,132,99892,222,99932,219,99880,219,100030,219,99865,219,100050,100,99764,100,100072,100,99658,100,100074,100,99656,100,100075,100,99561,100,100086,100,99326,100,100094,100,,,100101,100,,
2019-06-28 09:43:49.061828451,99924,132,99892,222,99932,219,99880,219,100030,219,99865,219,100050,100,99764,100,100072,100,99658,100,100074,100,99656,100,100075,100,99561,100,100086,100,99461,100,100094,100,99326,100,100101,100,,
2019-06-28 09:43:50.000000000,99924,100,99892,190,99932,190,99880,190,100030,190,99865,190,100050,190,99764,190,100072,100,99658,100,100074,100,99656,100,100075,100,99561,100,100086,100,99461,100,100094,100,99326,100,100101,100,,
2019-06-28 09:44:00.000000000,99924,132,99892,222,99932,219,99880,219,100030,219,99865,219,100050,100,99764,100,100072,100,99658,100,100074,100,99656,100,100075,100,99561,100,100086,100,99461,100,100094,100,99326,100,100101,100,,
2019-06-28 09:44:01.307976379,99924,132,99892,222,99932,219,99880,219,100030,219,99865,219,100050,100,99764,100,100072,100,99658,100,100074,100,99656,100,100075,100,99561,100,100086,100,99461,100,100094,100,99326,100,100101,100,99318,100
2019-06-28 09:44:10.000000000,99924,370,99892,460,99932,100,99880,100,100030,100,99865,100,100050,100,99764,100,100072,100,99658,100,100074,100,99656,100,100075,100,99561,100,100086,100,99461,100,100094,100,99326,100,100101,100,99318,100
2019-06-28 09:44:20.000000000,99924,132,99892,222,99932,219,99880,219,100030,219,99865,219,100050,100,99764,100,100072,100,99658,100,100074,100,99656,100,100075,100,99561,100,100086,100,99461,100,100094,100,99326,100,100101,100,99318,100
2019-06-28 09:44:30.000000000,99924,190,99892,280,99932,280,99880,280,100030,100,99865,100,100050,100,99764,100,100072,100,99658,100,100074,100,99656,100,100075,100,99561,100,100086,100,99461,100,100094,100,99326,100,100101,100,99318,100
2019-06-28 09:44:38.775995798,99924,190,99892,180,99932,280,99880,280,100030,100,99865,100,100050,100,99764,100,100072,100,99658,100,100074,100,99656,100,100075,100,99561,100,100086,100,99461,100,100094,100,99326,100,100101,100,99318,100
2019-06-28 09:44:40.000000000,99924,82,99880,172,99932,172,99865,172,100030,172,99764,172,100050,172,99658,172,100072,172,99656,172,100074,100,99561,100,100075,100,99461,100,100086,100,99326,100,100094,100,99318,100,100101,100,,
2019-06-28 09:44:44.381493700,99924,82,99880,172,99932,172,99865,172,100030,172,99764,172,100050,72,99658,172,100072,172,99656,172,100074,100,99561,100,100075,100,99461,100,100086,100,99326,100,100094,100,99318,100,100101,100,98948,100
2019-06-28 09:44:50.000000000,99924,190,99880,280,99932,280,99865,280,100030,100,99764,100,100072,100,99658,100,100074,100,99656,100,100075,100,99561,100,100086,100,99461,100,100094,100,99326,100,100101,100,99318,100,100104,100,98948,100
2019-06-28 09:45:00.000000000,99924,82,99880,172,99932,172,99865,172,100030,172,99764,172,100072,172,99658,172,100074,172,99656,172,100075,100,99561,100,100086,100,99461,100,100094,100,99326,100,100101,100,99318,100,100104,100,98948,100
2019-06-28 09:45:10.000000000,99924,370,99880,460,99932,100,99865,100,100030,100,99764,100,100072,100,99658,100,100074,100,99656,100,100075,100,99561,100,100086,100,99461,100,100094,100,99326,100,100101,100,99318,100,100104,100,98948,100
2019-06-28 09:45:17.643943110,99924,370,99880,360,99932,100,99865,100,100030,100,99764,100,100072,100,99658,100,100074,100,99656,100,100075,100,99561,100,100086,100,99461,100,100094,100,99326,100,100101,100,99318,100,100104,100,98948,100
2019-06-28 09:45:20.000000000,99924,370,99865,460,99932,100,99764,100,100030,100,99658,100,100072,100,99656,100,100074,100,99561,100,100075,100,99461,100,100086,100,99326,100,100094,100,99318,100,100101,100,98948,100,100104,100,,
2019-06-28 09:45:25.979063168,99892,100,99865,460,99924,370,99764,100,99932,100,99658,100,100030,100,99656,100,100072,100,99561,100,100074,100,99461,100,100075,100,99326,100,100086,100,99318,100,100094,100,98948,100,100101,100,,
2019-06-28 09:45:30.000000000,99892,280,99865,280,99924,190,99764,280,99932,100,99658,100,100030,100,99656,100,100072,100,99561,100,100074,100,99461,100,100075,100,99326,100,100086,100,99318,100,100094,100,98948,100,100101,100,,
2019-06-28 09:45:40.000000000,99892,280,99865,280,99924,190,99764,280,99932,100,99658,100,100030,100,99656,100,100072,100,99561,100,100074,100,99461,100,100075,100,99326,100,100086,100,99318,100,100094,100,98948,100,100101,100,,
2019-06-28 09:45:43.297035332,99892,380,99865,280,99924,190,99764,280,99932,100,99658,100,100030,100,99656,100,100072,100,99561,100,100074,100,99461,100,100075,100,99326,100,100086,100,99318,100,100094,100,98948,100,100101,100,,
2019-06-28 09:45:46.227391636,99892,480,99865,280,99924,190,99764,280,99932,100,99658,100,100030,100,99656,100,100072,100,99561,100,100074,100,99461,100,100075,100,99326,100,100086,100,99318,100,100094,100,98948,100,100101,100,,
2019-06-28 09:45:49.973454953,99892,480,99865,280,99924,190,99764,280,99932,100,99658,100,100072,100,99656,100,100074,100,99561,100,100075,100,99556,100,100086,100,99461,100,100094,100,99326,100,100101,100,99318,100,100104,100,98948,100
2019-06-28 09:45:50.000000000,99892,422,99865,222,99924,129,99764,219,99932,219,99658,219,100072,100,99656,100,100074,100,99561,100,100075,100,99556,100,100086,100,99461,100,100094,100,99326,100,100101,100,99318,100,100104,100,98948,100
2019-06-28 09:46:00.000000000,99892,372,99865,172,99924,82,99764,172,99932,172,99658,172,100072,172,99656,172,100074,172,99561,172,100075,100,99556,100,100086,100,99461,100,100094,100,99326,100,100101,100,99318,100,100104,100,98948,100
2019-06-28 09:46:10.000000000,99892,480,99865,280,99924,190,99764,280,99932,100,99658,100,100072,100,99656,100,100074,100,99561,100,100075,100,99556,100,100086,100,99461,100,100094,100,99326,100,100101,100,99318,100,100104,100,98948,100
2019-06-28 09:46:20.000000000,99892,372,99865,172,99924,82,99764,172,99932,172,99658,172,100072,172,99656,172,100074,172,99561,172,100075,100,99556,100,100086,100,99461,100,100094,100,99326,100,100101,100,99318,100,100104,100,98948,100
2019-06-28 09:46:30.000000000,99892,390,99865,190,99924,100,99764,190,99932,190,99658,190,100072,190,99656,190,100074,100,99561,100,100075,100,99556,100,100086,100,99461,100,100094,100,99326,100,100101,100,99318,100,100104,100,98948,100
2019-06-28 09:46:36.540943512,99892,390,99865,190,99924,100,99764,190,99932,190,99658,190,100072,190,99656,190,100074,100,99556,100,100075,100,99461,100,100086,100,99326,100,100094,100,99318,100,100101,100,98970,100,100104,100,98948,100
2019-06-28 09:46:40.000000000,99892,480,99865,280,99924,190,99764,280,99932,100,99658,100,100072,100,99656,100,100074,100,99556,100,100075,100,99461,100,100086,100,99326,100,100094,100,99318,100,100101,100,98970,100,100104,100,98948,100
2019-06-28 09:46:49.763264822,99892,580,99865,280,99924,190,99764,280,100072,100,99658,100,100074,100,99656,100,100075,100,99556,100,100086,100,99461,100,100094,100,99326,100,100101,100,99318,100,100104,100,98970,100,100116,200,98948,100
2019-06-28 09:46:50.000000000,99892,522,99865,222,99924,129,99764,219,100072,219,99658,219,100074,100,99656,100,100075,100,99556,100,100086,100,99461,100,100094,100,99326,100,100101,100,99318,100,100104,100,98970,100,100116,200,98948,100
2019-06-28 09:46:59.702372897,99892,622,99865,222,99924,129,99764,219,100072,219,99658,219,100074,100,99656,100,100075,100,99556,100,100086,100,99461,100,100094,100,99326,100,100101,100,99318,100,100104,100,98970,100,100116,200,98948,100
2019-06-28 09:47:00.000000000,99892,860,99865,460,99924,10,99764,100,100072,100,99658,100,100074,100,99656,100,100075,100,99556,100,100086,100,99461,100,100094,100,99326,100,100101,100,99318,100,100104,100,98970,100,100116,200,98948,100
2019-06-28 09:47:00.294396732,99892,860,99865,460,99924,10,99764,100,100072,100,99658,100,100074,100,99656,100,100075,100,99556,100,100094,100,99461,100,100101,100,99326,100,100104,100,99318,100,100116,200,98970,100,100126,100,98948,200
2019-06-28 09:47:10.000000000,99892,572,99865,172,99924,82,99764,172,100072,172,99658,172,100074,172,99656,172,100075,172,99556,172,100094,100,99461,100,100101,100,99326,100,100104,100,99318,100,100116,200,98970,100,100126,100,98948,200
2019-06-28 09:47:12.582909358,99892,572,99865,172,99924,82,99764,172,100072,172,99658,172,100074,172,99656,172,100075,172,99556,172,100094,100,99461,100,100101,100,99326,100,100104,100,99318,100,100116,100,98973,100,100126,100,98970,100
2019-06-28 09:47:16.304801510,99892,572,99865,172,99924,82,99764,172,100072,172,99658,172,100074,172,99656,172,100075,172,99556,172,100094,100,99461,100,100101,100,99326,100,100104,100,99318,100,100116,100,99289,100,100126,100,98973,100
2019-06-28 09:47:20.000000000,99892,860,99865,460,99924,10,99764,100,100072,100,99658,100,100074,100,99656,100,100075,100,99556,100,100094,100,99461,100,100101,100,99326,100,100104,100,99318,100,100116,100,99289,100,100126,100,98973,100
2019-06-28 09:47:20.597978825,99892,860,99865,460,99924,10,99764,100,100072,100,99658,100,100074,100,99656,100,100075,100,99556,100,100094,100,99461,100,100101,100,99326,100,100104,100,99318,100,100116,100,99289,100,100126,100,99208,100
2019-06-28 09:47:30.000000000,99892,622,99865,222,99924,129,99764,219,100072,219,99658,219,100074,100,99656,100,100075,100,99556,100,100094,100,99461,100,100101,100,99326,100,100104,100,99318,100,100116,100,99289,100,100126,100,99208,100
2019-06-28 09:47:40.000000000,99892,680,99865,280,99924,190,99764,280,100072,100,99658,100,100074,100,99656,100,100075,100,99556,100,100094,100,99461,100,100101,100,99326,100,100104,100,99318,100,100116,100,99289,100,100126,100,99208,100
2019-06-28 09:47:41.681911372,99892,680,99865,280,99924,190,99764,280,100072,100,99658,100,100074,100,99656,100,100075,100,99556,100,100094,100,99461,100,100101,100,99326,100,100104,100,99318,100,100116,100,99289,100,100126,100,99264,100
2019-06-28 09:47:43.953169814,99892,680,99865,180,99924,190,99764,280,100072,100,99658,100,100074,100,99656,100,100075,100,99556,100,100094,100,99461,100,100101,100,99326,100,100104,100,99318,100,100116,100,99289,100,100126,100,99264,100
2019-06-28 09:47:50.000000000,99892,860,99764,460,99924,10,99658,100,100072,100,99656,100,100074,100,99556,100,100075,100,99461,100,100094,100,99326,100,100101,100,99318,100,100104,100,99289,100,100116,100,99264,100,100126,100,99208,100
2019-06-28 09:47:58.930410724,99892,860,99764,460,99924,10,99658,100,100072,100,99656,100,100074,100,99556,100,100075,100,99461,100,100094,100,99326,100,100101,100,99318,100,100104,100,99289,100,100116,100,99264,100,100126,100,99251,100
2019-06-28 09:48:00.000000000,99892,590,99764,190,99924,100,99658,190,100072,190,99656,190,100074,190,99556,190,100075,100,99461,100,100094,100,99326,100,100101,100,99318,100,100104,100,99289,100,100116,100,99264,100,100126,100,99251,100
2019-06-28 09:48:05.482435930,99892,590,99764,90,99924,100,99658,190,100072,190,99656,190,100074,90,99556,190,100075,100,99461,100,100094,100,99326,100,100101,100,99318,100,100104,100,99289,100,100116,100,99264,100,100126,100,99251,100
2019-06-28 09:48:10.000000000,99892,590,99658,190,99924,100,99656,190,100072,190,99556,190,100075,190,99461,190,100094,100,99326,100,100101,100,99318,100,100104,100,99289,100,100116,100,99264,100,100126,100,99251,100,100154,100,99208,100
2019-06-28 09:48:20.000000000,99892,622,99658,222,99924,129,99656,219,100072,219,99556,219,100075,100,99461,100,100094,100,99326,100,100101,100,99318,100,100104,100,99289,100,100116,100,99264,100,100126,100,99251,100,100154,100,99208,100
2019-06-28 09:48:24.791035379,99892,622,99658,222,99924,129,99656,219,100072,119,99556,219,100075,100,99461,100,100094,100,99326,100,100101,100,99318,100,100104,100,99304,100,100116,100,99289,100,100126,100,99264,100,100154,100,99251,100
2019-06-28 09:48:30.000000000,99892,860,99658,460,99924,10,99656,100,100075,100,99556,100,100094,100,99461,100,100101,100,99326,100,100104,100,99318,100,100116,100,99304,100,100126,100,99289,100,100154,100,99264,100,100212,100,99251,100
2019-06-28 09:48:39.087374849,99892,860,99658,360,99924,10,99656,100,100075,100,99556,100,100094,100,99461,100,100101,100,99326,100,100104,100,99318,100,100116,100,99304,100,100126,100,99289,100,100154,100,99264,100,100598,100,99251,100
2019-06-28 09:48:40.000000000,99892,590,99656,190,99924,100,99556,190,100075,190,99461,190,100094,190,99326,190,100101,100,99318,100,100104,100,99304,100,100116,100,99289,100,100126,100,99264,100,100154,100,99251,100,100598,100,99208,100
2019-06-28 09:48:40.953170781,99764,100,99656,190,99892,490,99556,190,99924,100,99461,190,100075,190,99326,190,100094,190,99318,100,100101,100,99304,100,100104,100,99289,100,100116,100,99264,100,100126,100,99251,100,100154,100,99208,100
2019-06-28 09:48:50.000000000,99764,172,99656,172,99892,472,99556,172,99924,82,99461,172,100075,172,99326,172,100094,172,99318,172,100101,100,99304,100,100104,100,99289,100,100116,100,99264,100,100126,100,99251,100,100154,100,99208,100
2019-06-28 09:49:00.000000000,99764,190,99656,190,99892,490,99556,190,99924,100,99461,190,100075,190,99326,190,100094,100,99318,100,100101,100,99304,100,100104,100,99289,100,100116,100,99264,100,100126,100,99251,100,100154,100,99208,100
2019-06-28 09:49:03.759277946,99764,190,99656,90,99892,490,99556,190,99924,100,99461,90,100075,190,99326,190,100094,100,99318,100,100101,100,99304,100,100104,100,99289,100,100116,100,99264,100,100126,100,99251,100,100154,100,99208,100
2019-06-28 09:49:08.342503467,99656,10,99556,190,99764,190,99461,90,99892,490,99326,190,99924,100,99318,100,100075,190,99304,100,100094,100,99289,100,100101,100,99264,100,100104,100,99251,100,100116,100,99208,100,100126,100,98973,100
2019-06-28 09:49:10.000000000,99656,100,99556,190,99764,190,99326,190,99892,490,99318,190,99924,100,99304,190,100075,100,99289,100,100094,100,99264,100,100101,100,99251,100,100104,100,99208,100,100116,100,98973,100,100126,100,98970,100
2019-06-28 09:49:20.000000000,99656,370,99556,460,99764,100,99326,100,99892,400,99318,100,99924,10,99304,100,100075,100,99289,100,100094,100,99264,100,100101,100,99251,100,100104,100,99208,100,100116,100,98973,100,100126,100,98970,100
2019-06-28 09:49:30.000000000,99656,132,99556,222,99764,219,99326,219,99892,519,99318,219,99924,10,99304,100,100075,100,99289,100,100094,100,99264,100,100101,100,99251,100,100104,100,99208,100,100116,100,98973,100,100126,100,98970,100
2019-06-28 09:49:33.445606714,99656,132,99556,222,99764,219,99550,100,99892,519,99326,219,99924,10,99318,219,100075,100,99304,100,100094,100,99289,100,100101,100,99264,100,100104,100,99251,100,100116,100,99208,100,100126,100,98973,100
2019-06-28 09:49:40.000000000,99656,132,99556,222,99764,219,99550,219,99892,519,99326,219,99924,10,99318,100,100075,100,99304,100,100094,100,99289,100,100101,100,99264,100,100104,100,99251,100,100116,100,99208,100,100126,100,98973,100
2019-06-28 09:49:50.000000000,99656,82,99556,172,99764,172,99550,172,99892,472,99326,172,99924,82,99318,172,100075,172,99304,172,100094,100,99289,100,100101,100,99264,100,100104,100,99251,100,100116,100,99208,100,100126,100,98973,100
2019-06-28 09:50:00.000000000,99656,100,99556,190,99764,190,99550,190,99892,490,99326,190,99924,100,99318,190,100075,100,99304,100,100094,100,99289,100,100101,100,99264,100,100104,100,99251,100,100116,100,99208,100,100126,100,98973,100
2019-06-28 09:50:02.072582794,99656,100,99556,190,99764,190,99550,190,99892,490,99326,190,99924,100,99318,90,100075,100,99304,100,100094,100,99290,100,100101,100,99289,100,100104,100,99264,100,100116,100,99251,100,100126,100,99208,100
2019-06-28 09:50:10.000000000,99656,100,99556,190,99764,190,99550,190,99892,490,99326,190,99924,100,99304,190,100075,100,99290,100,100094,100,99289,100,100101,100,99264,100,100104,100,99251,100,100116,100,99208,100,100126,100,98973,100
2019-06-28 09:50:20.000000000,99656,82,99556,172,99764,172,99550,172,99892,472,99326,172,99924,82,99304,172,100075,172,99290,172,100094,100,99289,100,100101,100,99264,100,100104,100,99251,100,100116,100,99208,100,100126,100,98973,100
2019-06-28 09:50:21.381705482,99656,182,99556,172,99764,172,99550,172,99892,472,99326,172,99924,82,99304,172,100075,172,99290,172,100094,100,99289,100,100101,100,99264,100,100104,100,99251,100,100116,100,99208,100,100126,100,98973,100
2019-06-28 09:50:30.000000000,99656,182,99556,172,99764,172,99550,172,99892,472,99326,172,99924,82,99304,172,100075,172,99290,172,100094,100,99289,100,100101,100,99264,100,100104,100,99251,100,100116,100,99208,100,100126,100,98973,100
2019-06-28 09:50:40.000000000,99656,182,99556,172,99764,172,99550,172,99892,472,99326,172,99924,82,99304,172,100075,172,99290,172,100094,100,99289,100,100101,100,99264,100,100104,100,99251,100,100116,100,99208,100,100126,100,98973,100
2019-06-28 09:50:41.203292459,99619,100,99556,172,99656,182,99550,172,99764,172,99326,172,99892,472,99304,72,99924,82,99290,172,100075,172,99289,100,100094,100,99264,100,100101,100,99251,100,100104,100,99208,100,100116,100,98973,100
2019-06-28 09:50:50.000000000,99619,460,99556,460,99656,110,99550,100,99764,100,99326,100,99892,400,99290,100,99924,10,99289,100,100075,100,99264,100,100094,100,99251,100,100101,100,99208,100,100104,100,98973,100,100116,100,98970,100
2019-06-28 09:51:00.000000000,99619,172,99556,172,99656,182,99550,172,99764,172,99326,172,99892,472,99290,172,99924,82,99289,172,100075,100,99264,100,100094,100,99251,100,100101,100,99208,100,100104,100,98973,100,100116,100,98970,100
2019-06-28 09:51:10.000000000,99619,280,99556,280,99656,290,99550,280,99764,100,99326,100,99892,400,99290,100,99924,10,99289,100,100075,100,99264,100,100094,100,99251,100,100101,100,99208,100,100104,100,98973,100,100116,100,98970,100
2019-06-28 09:51:20.000000000,99619,172,99556,172,99656,182,99550,172,99764,172,99326,172,99892,472,99290,172,99924,82,99289,172,100075,100,99264,100,100094,100,99251,100,100101,100,99208,100,100104,100,98973,100,100116,100,98970,100
2019-06-28 09:51:30.000000000,99619,190,99556,190,99656,200,99550,190,99764,190,99326,190,99892,490,99290,190,99924,10,99289,100,100075,100,99264,100,100094,100,99251,100,100101,100,99208,100,100104,100,98973,100,100116,100,98970,100
2019-06-28 09:51:34.675619130,99619,190,99556,190,99656,200,99550,190,99764,190,99326,190,99892,490,99290,190,99924,10,99289,100,100026,100,99264,100,100075,100,99251,100,100094,100,99208,100,100101,100,98973,100,100104,100,98970,100
2019-06-28 09:51:40.000000000,99619,190,99556,190,99656,200,99550,190,99764,190,99326,190,99892,490,99290,190,99924,10,99289,100,100026,100,99264,100,100075,100,99251,100,100094,100,99208,100,100101,100,98973,100,100104,100,98970,100
2019-06-28 09:51:48.865707114,99619,190,99556,190,99656,300,99550,190,99764,190,99326,190,99892,490,99290,190,99924,10,99289,100,100026,100,99264,100,100075,100,99251,100,100094,100,99208,100,100101,100,98973,100,100104,100,98970,100
2019-06-28 09:51:50.000000000,99619,460,99556,460,99656,210,99550,100,99764,100,99326,100,99892,400,99290,100,99924,10,99289,100,100026,100,99264,100,100075,100,99251,100,100094,100,99208,100,100101,100,98973,100,100104,100,98970,100
2019-06-28 09:52:00.000000000,99619,280,99556,280,99656,390,99550,280,99764,100,99326,100,99892,400,99290,100,99924,10,99289,100,100026,100,99264,100,100075,100,99251,100,100094,100,99208,100,100101,100,98973,100,100104,100,98970,100
2019-06-28 09:52:00.625144787,99619,280,99556,180,99656,390,99550,280,99764,100,99326,100,99892,400,99290,100,99924,10,99289,100,100026,100,99264,100,100075,100,99251,100,100094,100,99208,100,100101,100,98973,100,100104,100,98970,100
2019-06-28 09:52:03.970886635,99619,280,99556,180,99656,390,99550,280,99764,100,99326,100,99892,400,99289,100,99924,10,99264,100,100026,100,99251,100,100075,100,99208,100,100094,100,99105,100,100101,100,98973,100,100104,100,98970,100
2019-06-28 09:52:10.000000000,99619,172,99550,172,99656,282,99326,172,99764,172,99289,172,99892,472,99264,172,99924,82,99251,172,100026,100,99208,100,100075,100,99105,100,100094,100,98973,100,100101,100,98970,100,100104,100,98948,100
2019-06-28 09:52:19.386491610,99619,172,99550,172,99656,282,99326,172,99683,100,99289,172,99764,172,99264,172,99892,472,99251,172,99924,82,99208,100,100075,100,99105,100,100094,100,98973,100,100101,100,98970,100,100104,100,98948,100
2019-06-28 09:52:20.000000000,99619,172,99550,172,99656,282,99326,172,99683,172,99289,172,99764,172,99264,172,99892,472,99251,172,99924,10,99208,100,100075,100,99105,100,100094,100,98973,100,100101,100,98970,100,100104,100,98948,100
2019-06-28 09:52:30.000000000,99619,190,99550,190,99656,300,99326,190,99683,190,99289,190,99764,190,99264,190,99892,400,99251,100,99924,10,99208,100,100075,100,99105,100,100094,100,98973,100,100101,100,98970,100,100104,100,98948,100
2019-06-28 09:52:40.000000000,99619,460,99550,460,99656,210,99326,100,99683,100,99289,100,99764,100,99264,100,99892,400,99251,100,99924,10,99208,100,100075,100,99105,100,100094,100,98973,100,100101,100,98970,100,100104,100,98948,100
2019-06-28 09:52:40.664055090,99619,460,99550,460,99656,210,99326,100,99683,100,99289,100,99763,100,99264,100,99764,100,99251,100,99892,400,99105,100,99924,10,98973,100,100075,100,98970,100,100094,100,98948,100,100101,100,,
2019-06-28 09:52:49.178882925,99619,460,99550,460,99656,210,99326,100,99683,100,99289,100,99687,100,99264,100,99763,100,99251,100,99764,100,99105,100,99892,400,98973,100,99924,10,98970,100,100075,100,98948,100,100094,100,,
2019-06-28 09:52:50.000000000,99619,460,99550,460,99656,210,99326,100,99683,100,99289,100,99687,100,99264,100,99763,100,99251,100,99764,100,99105,100,99892,400,98973,100,99924,10,98970,100,100075,100,98948,100,100094,100,,
2019-06-28 09:53:00.000000000,99619,222,99550,222,99656,329,99326,219,99683,219,99289,219,99687,100,99264,100,99763,100,99251,100,99764,100,99105,100,99892,400,98973,100,99924,10,98970,100,100075,100,98948,100,100094,100,,
2019-06-28 09:53:00.041025201,99619,222,99550,222,99656,329,99326,219,99683,219,99289,219,99687,100,99264,100,99691,100,99251,100,99763,100,99105,100,99764,100,98973,100,99892,400,98970,100,99924,10,98948,100,100075,100,,
2019-06-28 09:53:10.000000000,99619,190,99550,190,99656,300,99326,190,99683,190,99289,190,99687,190,99264,190,99691,100,99251,100,99763,100,99105,100,99764,100,98973,100,99892,400,98970,100,99924,10,98948,100,100075,100,,
2019-06-28 09:53:11.931237619,99619,90,99550,190,99656,300,99326,190,99683,190,99289,190,99687,190,99264,190,99691,100,99251,100,99763,100,99105,100,99764,100,98970,100,99892,400,98948,100,99924,10,,,100075,100,,
2019-06-28 09:53:20.000000000,99656,300,99550,190,99683,190,99326,190,99687,190,99289,190,99691,190,99264,190,99763,100,99251,100,99764,100,99105,100,99892,400,98970,100,99924,10,98948,100,100075,100,,,100094,100,,
2019-06-28 09:53:23.403325071,99656,300,99633,100,99683,190,99550,190,99687,190,99326,190,99691,190,99289,190,99763,100,99264,190,99764,100,99251,100,99892,400,99105,100,99924,10,98970,100,100075,100,98948,100,100094,100,,
2019-06-28 09:53:30.000000000,99656,332,99633,222,99683,219,99550,219,99687,219,99326,219,99691,100,99289,100,99763,100,99264,100,99764,100,99251,100,99892,400,99105,100,99924,10,98970,100,100075,100,98948,100,100094,100,,
2019-06-28 09:53:36.812469507,99656,332,99633,222,99683,119,99550,219,99687,219,99403,100,99691,100,99326,219,99763,100,99289,100,99764,100,99264,100,99892,400,99251,100,99924,10,99105,100,100075,100,98970,100,100094,100,98948,100
2019-06-28 09:53:40.000000000,99656,390,99633,280,99687,280,99550,280,99691,100,99403,100,99763,100,99326,100,99764,100,99289,100,99892,400,99264,100,99924,10,99251,100,100075,100,99105,100,100094,100,98970,100,100101,100,98948,100
2019-06-28 09:53:50.000000000,99656,390,99633,280,99687,280,99550,280,99691,100,99403,100,99763,100,99326,100,99764,100,99289,100,99892,400,99264,100,99924,10,99251,100,100075,100,99105,100,100094,100,98970,100,100101,100,98948,100
2019-06-28 09:53:57.805998353,99656,390,99633,280,99687,280,99550,280,99691,100,99403,100,99764,100,99326,100,99892,400,99304,100,99924,10,99289,100,100075,100,99264,100,100094,100,99251,100,100101,100,99105,100,100104,100,98970,100
2019-06-28 09:54:00.000000000,99656,300,99633,190,99687,190,99550,190,99691,190,99403,190,99764,190,99326,190,99892,400,99304,100,99924,10,99289,100,100075,100,99264,100,100094,100,99251,100,100101,100,99105,100,100104,100,98970,100
2019-06-28 09:54:10.000000000,99656,332,99633,222,99687,219,99550,219,99691,219,99403,219,99764,100,99326,100,99892,400,99304,100,99924,10,99289,100,100075,100,99264,100,100094,100,99251,100,100101,100,99105,100,100104,100,98970,100
2019-06-28 09:54:15.288765046,99656,332,99633,222,99687,219,99550,219,99691,219,99403,219,99764,100,99326,100,99892,400,99304,100,99924,10,99289,100,100075,100,99264,100,100094,100,99251,100,100101,100,99206,100,100104,100,99105,100
2019-06-28 09:54:20.000000000,99656,570,99633,460,99687,100,99550,100,99691,100,99403,100,99764,100,99326,100,99892,400,99304,100,99924,10,99289,100,100075,100,99264,100,100094,100,99251,100,100101,100,99206,100,100104,100,99105,100
2019-06-28 09:54:30.000000000,99656,300,99633,190,99687,190,99550,190,99691,190,99403,190,99764,190,99326,190,99892,400,99304,100,99924,10,99289,100,100075,100,99264,100,100094,100,99251,100,100101,100,99206,100,100104,100,99105,100
2019-06-28 09:54:40.000000000,99656,390,99633,280,99687,280,99550,280,99691,100,99403,100,99764,100,99326,100,99892,400,99304,100,99924,10,99289,100,100075,100,99264,100,100094,100,99251,100,100101,100,99206,100,100104,100,99105,100
2019-06-28 09:54:43.344120706,99656,290,99633,280,99687,280,99550,280,99691,100,99403,100,99764,100,99326,100,99892,400,99304,100,99924,10,99289,100,100075,100,99264,100,100094,100,99251,100,100101,100,99206,100,100104,100,99105,100
2019-06-28 09:54:44.799810513,99651,100,99633,280,99656,290,99550,280,99687,280,99403,100,99691,100,99326,100,99764,100,99304,100,99892,400,99289,100,99924,10,99264,100,100075,100,99251,100,100094,100,99206,100,100101,100,99105,100
2019-06-28 09:54:46.080749154,99651,100,99633,280,99656,290,99550,280,99687,280,99403,100,99691,100,99326,100,99716,100,99304,100,99764,100,99289,100,99892,400,99264,100,99924,10,99251,100,100075,100,99206,100,100094,100,99105,100
2019-06-28 09:54:50.000000000,99651,172,99633,172,99656,182,99550,172,99687,172,99403,172,99691,172,99326,172,99716,172,99304,172,99764,100,99289,100,99892,400,99264,100,99924,10,99251,100,100075,100,99206,100,100094,100,99105,100
2019-06-28 09:55:00.000000000,99651,222,99633,222,99656,229,99550,219,99687,219,99403,219,99691,100,99326,100,99716,100,99304,100,99764,100,99289,100,99892,400,99264,100,99924,10,99251,100,100075,100,99206,100,100094,100,99105,100
2019-06-28 09:55:10.000000000,99651,172,99633,172,99656,182,99550,172,99687,172,99403,172,99691,172,99326,172,99716,172,99304,172,99764,100,99289,100,99892,400,99264,100,99924,10,99251,100,100075,100,99206,100,100094,100,99105,100
2019-06-28 09:55:20.000000000,99651,460,99633,460,99656,110,99550,100,99687,100,99403,100,99691,100,99326,100,99716,100,99304,100,99764,100,99289,100,99892,400,99264,100,99924,10,99251,100,100075,100,99206,100,100094,100,99105,100
2019-06-28 09:55:30.000000000,99651,190,99633,190,99656,200,99550,190,99687,190,99403,190,99691,190,99326,190,99716,100,99304,100,99764,100,99289,100,99892,400,99264,100,99924,10,99251,100,100075,100,99206,100,100094,100,99105,100
2019-06-28 09:55:39.923869736,99651,90,99633,190,99656,200,99550,190,99687,190,99403,190,99691,190,99326,190,99716,100,99304,100,99764,100,99289,100,99892,400,99264,100,99924,10,99251,100,100075,100,99206,100,100094,100,99105,100
2019-06-28 09:55:40.000000000,99656,232,99633,222,99687,219,99550,219,99691,219,99403,219,99716,100,99326,100,99764,100,99304,100,99892,400,99289,100,99924,10,99264,100,100075,100,99251,100,100094,100,99206,100,100101,100,99105,100
2019-06-28 09:55:50.000000000,99656,470,99633,460,99687,100,99550,100,99691,100,99403,100,99716,100,99326,100,99764,100,99304,100,99892,400,99289,100,99924,10,99264,100,100075,100,99251,100,100094,100,99206,100,100101,100,99105,100
2019-06-28 09:55:51.013754331,99656,370,99633,460,99687,100,99550,100,99691,100,99403,100,99716,100,99326,100,99764,100,99304,100,99892,400,99289,100,99924,10,99264,100,100075,100,99251,100,100094,100,99206,100,100101,100,99105,100
2019-06-28 09:56:00.000000000,99656,132,99633,222,99687,219,99550,219,99691,219,99403,219,99716,100,99326,100,99764,100,99304,100,99892,400,99289,100,99924,10,99264,100,100075,100,99251,100,100094,100,99206,100,100101,100,99105,100
2019-06-28 09:56:10.000000000,99656,132,99633,222,99687,219,99550,219,99691,219,99403,219,99716,100,99326,100,99764,100,99304,100,99892,400,99289,100,99924,10,99264,100,100075,100,99251,100,100094,100,99206,100,100101,100,99105,100
2019-06-28 09:56:19.866479020,99656,132,99633,222,99687,219,99550,219,99691,219,99403,219,99716,100,99326,100,99764,100,99304,100,99892,400,99289,100,99924,10,99264,100,100075,100,99251,100,100094,100,99206,100,100101,100,99105,100
2019-06-28 09:56:20.000000000,99656,132,99633,222,99687,219,99550,219,99691,219,99403,219,99716,100,99326,100,99764,100,99304,100,99892,400,99289,100,99924,10,99264,100,100075,100,99251,100,100094,100,99206,100,100101,100,99105,100
2019-06-28 09:56:27.028441988,99656,132,99633,222,99687,219,99550,219,99691,219,99403,219,99764,100,99326,100,99892,400,99304,100,99924,10,99289,100,100075,100,99264,100,100094,100,99251,100,100101,100,99206,100,100104,100,99105,100
2019-06-28 09:56:30.000000000,99656,132,99633,222,99687,219,99550,219,99691,219,99403,219,99764,100,99326,100,99892,400,99304,100,99924,10,99289,100,100075,100,99264,100,100094,100,99251,100,100101,100,99206,100,100104,100,99105,100
2019-06-28 09:56:39.152798353,99656,32,99633,222,99687,219,99550,219,99691,219,99403,219,99764,100,99326,100,99892,400,99304,100,99924,10,99289,100,100075,100,99264,100,100094,100,99251,100,100101,100,99206,100,100104,100,99105,100
2019-06-28 09:56:40.000000000,99687,190,99633,190,99691,190,99550,190,99764,190,99403,190,99892,490,99326,190,99924,10,99304,100,100075,100,99289,100,100094,100,99264,100,100101,100,99251,100,100104,100,99206,100,100116,100,99105,100
2019-06-28 09:56:41.841398908,99687,190,99656,100,99691,190,99633,190,99764,190,99550,190,99892,490,99403,190,99924,10,99326,190,100075,100,99304,100,100094,100,99289,100,100101,100,99264,100,100104,100,99251,100,100116,100,99206,100
2019-06-28 09:56:50.000000000,99687,190,99656,190,99691,190,99633,190,99764,190,99550,190,99892,490,99403,190,99924,10,99326,100,100075,100,99304,100,100094,100,99289,100,100101,100,99264,100,100104,100,99251,100,100116,100,99206,100
2019-06-28 09:56:59.107586855,99687,190,99656,290,99691,190,99633,190,99764,190,99550,190,99892,490,99403,190,99924,10,99326,100,100075,100,99304,100,100094,100,99289,100,100101,100,99264,100,100104,100,99251,100,100116,100,99206,100
2019-06-28 09:57:00.000000000,99687,172,99656,272,99691,172,99633,172,99764,172,99550,172,99892,472,99403,172,99924,82,99326,172,100075,100,99304,100,100094,100,99289,100,100101,100,99264,100,100104,100,99251,100,100116,100,99206,100
2019-06-28 09:57:04.185061155,99687,72,99656,272,99691,172,99633,172,99764,172,99550,172,99892,472,99403,172,99924,82,99326,172,100075,100,99304,100,100094,100,99289,100,100101,100,99264,100,100104,100,99251,100,100116,100,99206,100
2019-06-28 09:57:10.000000000,99691,172,99656,272,99764,172,99633,172,99892,472,99550,172,99924,82,99403,172,100075,172,99326,172,100094,100,99304,100,100101,100,99289,100,100104,100,99264,100,100116,100,99251,100,100126,100,99206,100
2019-06-28 09:57:11.927797379,99691,72,99656,272,99764,172,99633,172,99892,472,99550,172,99924,72,99403,172,100075,172,99326,172,100094,100,99304,100,100101,100,99289,100,100104,100,99264,100,100116,100,99251,100,100126,100,99206,100
2019-06-28 09:57:20.000000000,99764,190,99656,290,99892,490,99633,190,100075,190,99550,190,100094,190,99403,190,100101,100,99326,100,100104,100,99304,100,100116,100,99289,100,100126,100,99264,100,100154,100,99251,100,100464,100,99206,100
2019-06-28 09:57:25.295126263,99764,90,99656,290,99892,490,99633,190,100075,190,99550,190,100094,190,99403,190,100101,100,99326,100,100104,100,99304,100,100116,100,99289,100,100126,100,99264,100,100154,100,99251,100,100464,100,99206,100
2019-06-28 09:57:30.000000000,99892,760,99656,560,100075,100,99633,100,100094,100,99550,100,100101,100,99403,100,100104,100,99326,100,100116,100,99304,100,100126,100,99289,100,100154,100,99264,100,100464,100,99251,100,100598,100,99206,100
2019-06-28 09:57:33.182142485,99892,660,99656,560,100075,100,99633,100,100094,100,99550,100,100101,100,99403,100,100104,100,99326,100,100116,100,99304,100,100126,100,99289,100,100154,100,99264,100,100464,100,99251,100,100598,100,99206,100
2019-06-28 09:57:39.214460868,99892,660,99656,560,100075,100,99642,100,100094,100,99633,100,100101,100,99550,100,100104,100,99403,100,100116,100,99326,100,100126,100,99304,100,100154,100,99289,100,100464,100,99264,100,100598,100,99251,100
2019-06-28 09:57:40.000000000,99892,422,99656,322,100075,219,99642,219,100094,219,99633,219,100101,100,99550,100,100104,100,99403,100,100116,100,99326,100,100126,100,99304,100,100154,100,99289,100,100464,100,99264,100,100598,100,99251,100
2019-06-28 09:57:44.744270023,99749,100,99656,322,99892,422,99642,219,100075,219,99633,119,100094,219,99550,100,100101,100,99403,100,100104,100,99326,100,100116,100,99304,100,100126,100,99289,100,100154,100,99264,100,100464,100,99251,100
2019-06-28 09:57:50.000000000,99749,280,99656,380,99892,480,99642,280,100075,100,99550,100,100094,100,99403,100,100101,100,99326,100,100104,100,99304,100,100116,100,99289,100,100126,100,99264,100,100154,100,99251,100,100464,100,99206,100
2019-06-28 09:58:00.000000000,99749,280,99656,380,99892,480,99642,280,100075,100,99550,100,100094,100,99403,100,100101,100,99326,100,100104,100,99304,100,100116,100,99289,100,100126,100,99264,100,100154,100,99251,100,100464,100,99206,100
2019-06-28 09:58:00.454749297,99749,280,99693,100,99892,480,99656,380,100075,100,99642,280,100094,100,99550,100,100101,100,99403,100,100104,100,99326,100,100116,100,99304,100,100126,100,99289,100,100154,100,99264,100,100464,100,99251,100
2019-06-28 09:58:10.000000000,99749,172,99693,172,99892,372,99656,272,100075,172,99642,172,100094,172,99550,172,100101,172,99403,172,100104,100,99326,100,100116,100,99304,100,100126,100,99289,100,100154,100,99264,100,100464,100,99251,100
2019-06-28 09:58:17.943382626,99717,100,99693,172,99749,172,99656,272,99892,372,99642,172,100075,172,99550,172,100094,172,99403,172,100101,172,99326,100,100104,100,99304,100,100116,100,99289,100,100126,100,99264,100,100154,100,99251,100
2019-06-28 09:58:20.000000000,99717,222,99693,222,99749,219,99656,319,99892,419,99642,219,100075,100,99550,100,100094,100,99403,100,100101,100,99326,100,100104,100,99304,100,100116,100,99289,100,100126,100,99264,100,100154,100,99251,100
2019-06-28 09:58:30.000000000,99717,172,99693,172,99749,172,99656,272,99892,372,99642,172,100075,172,99550,172,100094,172,99403,172,100101,100,99326,100,100104,100,99304,100,100116,100,99289,100,100126,100,99264,100,100154,100,99251,100
2019-06-28 09:58:34.184998767,99717,172,99693,72,99749,172,99656,272,99892,372,99642,172,100075,172,99550,172,100094,172,99403,172,100101,100,99326,100,100104,100,99304,100,100116,100,99289,100,100126,100,99264,100,100154,100,99251,100
2019-06-28 09:58:34.764830482,99717,172,99693,72,99749,172,99656,272,99760,100,99642,172,99892,372,99550,172,100075,172,99403,172,100094,172,99326,100,100101,100,99304,100,100104,100,99289,100,100116,100,99264,100,100126,100,99251,100
2019-06-28 09:58:40.000000000,99717,280,99656,380,99749,280,99642,280,99760,100,99550,100,99892,300,99403,100,100075,100,99326,100,100094,100,99304,100,100101,100,99289,100,100104,100,99264,100,100116,100,99251,100,100126,100,99206,100
2019-06-28 09:58:42.990457743,99717,280,99656,380,99749,280,99642,280,99760,100,99550,100,99892,300,99502,100,100075,100,99403,100,100094,100,99326,100,100101,100,99304,100,100104,100,99289,100,100116,100,99264,100,100126,100,99251,100
2019-06-28 09:58:50.000000000,99717,172,99656,272,99749,172,99642,172,99760,172,99550,172,99892,372,99502,172,100075,172,99403,172,100094,100,99326,100,100101,100,99304,100,100104,100,99289,100,100116,100,99264,100,100126,100,99251,100
2019-06-28 09:59:00.000000000,99717,172,99656,272,99749,172,99642,172,99760,172,99550,172,99892,372,99502,172,100075,172,99403,172,100094,100,99326,100,100101,100,99304,100,100104,100,99289,100,100116,100,99264,100,100126,100,99251,100
2019-06-28 09:59:09.467852249,99717,72,99656,272,99749,172,99642,172,99760,172,99550,172,99892,372,99502,172,100059,100,99403,172,100075,172,99326,100,100094,100,99304,100,100101,100,99289,100,100104,100,99264,100,100116,100,99251,100
2019-06-28 09:59:10.000000000,99749,222,99656,322,99760,219,99642,219,99892,419,99550,219,100059,100,99502,100,100075,100,99403,100,100094,100,99326,100,100101,100,99304,100,100104,100,99289,100,100116,100,99264,100,100126,100,99251,100
2019-06-28 09:59:20.000000000,99749,222,99656,322,99760,219,99642,219,99892,419,99550,219,100059,100,99502,100,100075,100,99403,100,100094,100,99326,100,100101,100,99304,100,100104,100,99289,100,100116,100,99264,100,100126,100,99251,100
2019-06-28 09:59:30.000000000,99749,222,99656,322,99760,219,99642,219,99892,419,99550,219,100059,100,99502,100,100075,100,99403,100,100094,100,99326,100,100101,100,99304,100,100104,100,99289,100,100116,100,99264,100,100126,100,99251,100
2019-06-28 09:59:36.250559830,99749,222,99656,322,99760,219,99642,219,99892,419,99550,219,100059,100,99546,100,100075,100,99502,100,100094,100,99403,100,100101,100,99326,100,100104,100,99304,100,100126,100,99289,100,100154,100,99264,100
2019-06-28 09:59:40.000000000,99749,280,99656,380,99760,280,99642,280,99892,300,99550,100,100059,100,99546,100,100075,100,99502,100,100094,100,99403,100,100101,100,99326,100,100104,100,99304,100,100126,100,99289,100,100154,100,99264,100
2019-06-28 09:59:41.012064086,99749,280,99694,100,99760,280,99656,380,99892,300,99642,280,100059,100,99550,100,100075,100,99546,100,100094,100,99502,100,100101,100,99403,100,100104,100,99326,100,100126,100,99304,100,100154,100,99289,100
2019-06-28 09:59:50.000000000,99749,280,99694,280,99760,280,99656,380,99892,300,99642,100,100059,100,99550,100,100075,100,99546,100,100094,100,99502,100,100101,100,99403,100,100104,100,99326,100,100126,100,99304,100,100154,100,99289,100
2019-06-28 10:00:00.000000000,99749,280,99694,280,99760,280,99656,380,99892,300,99642,100,100059,100,99550,100,100075,100,99546,100,100094,100,99502,100,100101,100,99403,100,100104,100,99326,100,100126,100,99304,100,100154,100,99289,100
2019-06-28 10:00:08.850333612,99749,280,99694,280,99760,280,99656,380,99892,300,99642,100,100059,100,99550,100,100075,100,99546,100,100094,100,99502,100,100101,100,99403,100,100104,100,99326,100,100126,100,99304,100,100154,100,99289,100
2019-06-28 10:00:10.000000000,99749,460,99694,460,99760,100,99656,200,99892,300,99642,100,100059,100,99550,100,100075,100,99546,100,100094,100,99502,100,100101,100,99403,100,100104,100,99326,100,100126,100,99304,100,100154,100,99289,100
2019-06-28 10:00:11.769322740,99749,460,99694,360,99760,100,99656,200,99892,300,99642,100,100059,100,99550,100,100075,100,99546,100,100101,100,99502,100,100104,100,99403,100,100126,100,99326,100,100154,100,99304,100,100598,100,99289,100
2019-06-28 10:00:20.000000000,99749,222,99656,322,99760,219,99642,219,99892,419,99550,219,100059,100,99546,100,100075,100,99502,100,100101,100,99403,100,100104,100,99326,100,100126,100,99304,100,100154,100,99289,100,100598,100,99274,100
2019-06-28 10:00:25.906711796,99749,222,99656,222,99760,219,99642,219,99892,419,99550,219,100059,100,99546,100,100075,100,99502,100,100101,100,99403,100,100104,100,99326,100,100126,100,99304,100,100154,100,99289,100,100598,100,99274,100
2019-06-28 10:00:30.000000000,99749,460,99656,460,99760,100,99642,100,99892,300,99550,100,100059,100,99546,100,100075,100,99502,100,100101,100,99403,100,100104,100,99326,100,100126,100,99304,100,100154,100,99289,100,100598,100,99274,100
2019-06-28 10:00:40.000000000,99749,460,99656,460,99760,100,99642,100,99892,300,99550,100,100059,100,99546,100,100075,100,99502,100,100101,100,99403,100,100104,100,99326,100,100126,100,99304,100,100154,100,99289,100,100598,100,99274,100
2019-06-28 10:00:41.345682607,99694,100,99656,460,99749,460,99642,100,99760,100,99550,100,99892,300,99546,100,100059,100,99502,100,100075,100,99403,100,100101,100,99326,100,100104,100,99304,100,100126,100,99289,100,100154,100,99274,100
2019-06-28 10:00:44.853334336,99694,100,99656,460,99749,460,99642,100,99760,100,99550,100,99892,300,99546,100,100059,100,99502,100,100075,100,99403,100,100101,100,99326,100,100104,100,99304,100,100126,100,99289,100,100154,100,99287,100
2019-06-28 10:00:50.000000000,99694,460,99656,460,99749,100,99642,100,99760,100,99550,100,99892,300,99546,100,100059,100,99502,100,100075,100,99403,100,100101,100,99326,100,100104,100,99304,100,100126,100,99289,100,100154,100,99287,100
2019-06-28 10:01:00.000000000,99694,280,99656,280,99749,280,99642,280,99760,100,99550,100,99892,300,99546,100,100059,100,99502,100,100075,100,99403,100,100101,100,99326,100,100104,100,99304,100,100126,100,99289,100,100154,100,99287,100
2019-06-28 10:01:02.618793583,99694,280,99656,280,99749,280,99642,280,99760,100,99550,100,99892,300,99546,100,100059,100,99502,100,100075,100,99403,100,100101,100,99326,100,100104,100,99305,100,100126,100,99304,100,100154,100,99289,100
2019-06-28 10:01:06.804456568,99694,280,99656,180,99749,280,99642,280,99760,100,99550,100,99892,300,99546,100,100059,100,99502,100,100075,100,99403,100,100101,100,99326,100,100104,100,99304,100,100126,100,99289,100,100154,100,99287,100
2019-06-28 10:01:10.000000000,99694,172,99642,172,99749,172,99550,172,99760,172,99546,172,99892,372,99502,172,100059,172,99403,172,100075,100,99326,100,100101,100,99304,100,100104,100,99289,100,100126,100,99287,100,100154,100,99274,100
2019-06-28 10:01:20.000000000,99694,222,99642,222,99749,219,99550,219,99760,219,99546,219,99892,300,99502,100,100059,100,99403,100,100075,100,99326,100,100101,100,99304,100,100104,100,99289,100,100126,100,99287,100,100154,100,99274,100
2019-06-28 10:01:22.392479389,99694,222,99642,222,99749,219,99550,219,99760,219,99546,219,99892,300,99502,100,100059,100,99482,100,100075,100,99403,100,100101,100,99326,100,100104,100,99304,100,100126,100,99289,100,100154,100,99287,100
2019-06-28 10:01:24.194925155,99694,222,99642,222,99749,219,99550,219,99760,219,99546,219,99892,300,99502,100,100059,100,99482,100,100075,100,99426,100,100101,100,99403,100,100104,100,99326,100,100126,100,99304,100,100154,100,99289,100
2019-06-28 10:01:24.437774394,99694,222,99642,122,99749,219,99550,219,99760,219,99546,219,99892,300,99502,100,100059,100,99482,100,100075,100,99426,100,100101,100,99403,100,100104,100,99326,100,100126,100,99304,100,100154,100,99289,100
2019-06-28 10:01:27.659625404,99656,100,99642,122,99694,222,99550,219,99749,219,99546,219,99760,219,99502,100,99892,200,99482,100,100059,100,99426,100,100075,100,99403,100,100101,100,99326,100,100104,100,99304,100,100126,100,99289,100
2019-06-28 10:01:30.000000000,99656,172,99550,172,99694,172,99546,172,99749,172,99502,172,99760,172,99482,172,99892,272,99426,172,100059,100,99403,100,100075,100,99326,100,100101,100,99304,100,100104,100,99289,100,100126,100,99287,100
2019-06-28 10:01:36.493397932,99656,172,99550,172,99694,172,99546,172,99702,100,99502,172,99749,172,99482,172,99760,172,99426,172,99892,272,99403,100,100059,100,99326,100,100075,100,99289,100,100101,100,99287,100,100104,100,99274,100
2019-06-28 10:01:40.000000000,99656,190,99550,190,99694,190,99546,190,99702,190,99502,190,99749,190,99482,190,99760,100,99426,100,99892,200,99403,100,100059,100,99326,100,100075,100,99289,100,100101,100,99287,100,100104,100,99274,100
2019-06-28 10:01:50.000000000,99656,190,99550,190,99694,190,99546,190,99702,190,99502,190,99749,190,99482,190,99760,100,99426,100,99892,200,99403,100,100059,100,99326,100,100075,100,99289,100,100101,100,99287,100,100104,100,99274,100
2019-06-28 10:01:56.212780049,99656,190,99550,190,99694,190,99546,190,99702,190,99502,190,99749,190,99482,190,99760,100,99426,100,99837,100,99403,100,99892,200,99326,100,100059,100,99289,100,100075,100,99287,100,100101,100,99274,100
2019-06-28 10:02:00.000000000,99656,190,99550,190,99694,190,99546,190,99702,190,99502,190,99749,190,99482,190,99760,100,99426,100,99837,100,99403,100,99892,200,99326,100,100059,100,99289,100,100075,100,99287,100,100101,100,99274,100
2019-06-28 10:02:10.000000000,99656,280,99550,280,99694,280,99546,280,99702,100,99502,100,99749,100,99482,100,99760,100,99426,100,99837,100,99403,100,99892,200,99326,100,100059,100,99289,100,100075,100,99287,100,100101,100,99274,100
2019-06-28 10:02:20.000000000,99656,460,99550,460,99694,100,99546,100,99702,100,99502,100,99749,100,99482,100,99760,100,99426,100,99837,100,99403,100,99892,200,99326,100,100059,100,99289,100,100075,100,99287,100,100101,100,99274,100
2019-06-28 10:02:23.784680889,99656,460,99550,460,99694,100,99546,100,99702,100,99502,100,99749,100,99482,100,99760,100,99426,100,99837,100,99326,100,99892,200,99289,100,100059,100,99287,100,100075,100,99274,100,100101,100,99264,100
2019-06-28 10:02:30.000000000,99656,460,99550,460,99694,100,99546,100,99702,100,99502,100,99749,100,99482,100,99760,100,99426,100,99837,100,99326,100,99892,200,99289,100,100059,100,99287,100,100075,100,99274,100,100101,100,99264,100
2019-06-28 10:02:39.627333304,99656,560,99550,460,99694,100,99546,100,99702,100,99502,100,99749,100,99482,100,99760,100,99426,100,99837,100,99326,100,99892,200,99289,100,100059,100,99287,100,100075,100,99274,100,100101,100,99264,100
2019-06-28 10:02:40.000000000,99656,380,99550,280,99694,280,99546,280,99702,100,99502,100,99749,100,99482,100,99760,100,99426,100,99837,100,99326,100,99892,200,99289,100,100059,100,99287,100,100075,100,99274,100,100101,100,99264,100
2019-06-28 10:02:50.000000000,99656,290,99550,190,99694,190,99546,190,99702,190,99502,190,99749,190,99482,190,99760,100,99426,100,99837,100,99326,100,99892,200,99289,100,100059,100,99287,100,100075,100,99274,100,100101,100,99264,100
2019-06-28 10:02:52.546741730,99656,290,99550,90,99694,190,99546,190,99702,190,99502,90,99749,190,99482,190,99760,100,99426,100,99837,100,99326,100,99892,200,99289,100,100059,100,99287,100,100075,100,99274,100,100101,100,99264,100
2019-06-28 10:03:00.000000000,99656,380,99546,280,99694,280,99482,280,99702,100,99426,100,99749,100,99326,100,99760,100,99289,100,99837,100,99287,100,99892,200,99274,100,100059,100,99264,100,100075,100,99251,100,100101,100,99206,100
2019-06-28 10:03:05.341834683,99656,380,99546,280,99694,280,99482,280,99702,100,99426,100,99749,100,99326,100,99760,100,99289,100,99837,100,99287,100,99892,100,99274,100,100059,100,99264,100,100075,100,99251,100,100101,100,99206,100
2019-06-28 10:03:06.475816736,99656,380,99546,280,99694,280,99482,280,99702,100,99426,100,99749,100,99389,100,99760,100,99326,100,99837,100,99289,100,99892,100,99287,100,100059,100,99274,100,100075,100,99264,100,100104,100,99251,100
2019-06-28 10:03:10.000000000,99656,272,99546,172,99694,172,99482,172,99702,172,99426,172,99749,172,99389,172,99760,172,99326,172,99837,100,99289,100,99892,100,99287,100,100059,100,99274,100,100075,100,99264,100,100104,100,99251,100
2019-06-28 10:03:10.303164363,99553,100,99546,172,99656,272,99482,172,99694,172,99426,172,99702,172,99389,172,99749,172,99326,172,99760,172,99289,100,99837,100,99287,100,99892,100,99274,100,100059,100,99264,100,100075,100,99251,100
2019-06-28 10:03:14.122261813,99553,100,99546,172,99656,272,99482,172,99694,172,99426,172,99702,172,99389,172,99749,172,99326,272,99760,172,99289,100,99837,100,99274,100,99892,100,99264,100,100059,100,99251,100,100075,100,99206,100
2019-06-28 10:03:20.000000000,99553,222,99546,222,99656,319,99482,219,99694,219,99426,219,99702,100,99389,100,99749,100,99326,200,99760,100,99289,100,99837,100,99274,100,99892,100,99264,100,100059,100,99251,100,100075,100,99206,100
2019-06-28 10:03:30.000000000,99553,190,99546,190,99656,290,99482,190,99694,190,99426,190,99702,190,99389,190,99749,100,99326,200,99760,100,99289,100,99837,100,99274,100,99892,100,99264,100,100059,100,99251,100,100075,100,99206,100
2019-06-28 10:03:40.000000000,99553,460,99546,460,99656,200,99482,100,99694,100,99426,100,99702,100,99389,100,99749,100,99326,200,99760,100,99289,100,99837,100,99274,100,99892,100,99264,100,100059,100,99251,100,100075,100,99206,100
2019-06-28 10:03:50.000000000,99553,190,99546,190,99656,290,99482,190,99694,190,99426,190,99702,190,99389,190,99749,100,99326,200,99760,100,99289,100,99837,100,99274,100,99892,100,99264,100,100059,100,99251,100,100075,100,99206,100
2019-06-28 10:03:56.591237750,99553,190,99546,190,99656,290,99508,100,99694,190,99482,190,99702,190,99426,190,99749,100,99389,190,99760,100,99326,200,99837,100,99289,100,99892,100,99274,100,100059,100,99264,100,100075,100,99251,100
2019-06-28 10:04:00.000000000,99553,190,99546,190,99656,290,99508,190,99694,190,99482,190,99702,190,99426,190,99749,100,99389,100,99760,100,99326,200,99837,100,99289,100,99892,100,99274,100,100059,100,99264,100,100075,100,99251,100
2019-06-28 10:04:10.000000000,99553,190,99546,190,99656,290,99508,190,99694,190,99482,190,99702,190,99426,190,99749,100,99389,100,99760,100,99326,200,99837,100,99289,100,99892,100,99274,100,100059,100,99264,100,100075,100,99251,100
2019-06-28 10:04:20.000000000,99553,460,99546,460,99656,200,99508,100,99694,100,99482,100,99702,100,99426,100,99749,100,99389,100,99760,100,99326,200,99837,100,99289,100,99892,100,99274,100,100059,100,99264,100,100075,100,99251,100
2019-06-28 10:04:30.000000000,99553,172,99546,172,99656,272,99508,172,99694,172,99482,172,99702,172,99426,172,99749,172,99389,172,99760,100,99326,200,99837,100,99289,100,99892,100,99274,100,100059,100,99264,100,100075,100,99251,100
2019-06-28 10:04:39.029798439,99553,72,99546,172,99656,272,99508,172,99694,172,99482,172,99702,172,99426,172,99749,172,99389,172,99760,100,99326,200,99837,100,99289,100,99892,100,99274,100,100059,100,99264,100,100075,100,99251,100
2019-06-28 10:04:40.000000000,99656,272,99546,172,99694,172,99508,172,99702,172,99482,172,99749,172,99426,172,99760,172,99389,172,99837,100,99326,200,99892,100,99289,100,100059,100,99274,100,100075,100,99264,100,100104,100,99251,100
2019-06-28 10:04:50.000000000,99656,290,99546,190,99694,190,99508,190,99702,190,99482,190,99749,190,99426,190,99760,100,99389,100,99837,100,99326,200,99892,100,99289,100,100059,100,99274,100,100075,100,99264,100,100104,100,99251,100
2019-06-28 10:05:00.000000000,99656,560,99546,460,99694,100,99508,100,99702,100,99482,100,99749,100,99426,100,99760,100,99389,100,99837,100,99326,200,99892,100,99289,100,100059,100,99274,100,100075,100,99264,100,100104,100,99251,100
2019-06-28 10:05:10.000000000,99656,380,99546,280,99694,280,99508,280,99702,100,99482,100,99749,100,99426,100,99760,100,99389,100,99837,100,99326,200,99892,100,99289,100,100059,100,99274,100,100075,100,99264,100,100104,100,99251,100
2019-06-28 10:05:20.000000000,99656,380,99546,280,99694,280,99508,280,99702,100,99482,100,99749,100,99426,100,99760,100,99389,100,99837,100,99326,200,99892,100,99289,100,100059,100,99274,100,100075,100,99264,100,100104,100,99251,100
2019-06-28 10:05:30.000000000,99656,272,99546,172,99694,172,99508,172,99702,172,99482,172,99749,172,99426,172,99760,172,99389,172,99837,100,99326,200,99892,100,99289,100,100059,100,99274,100,100075,100,99264,100,100104,100,99251,100
2019-06-28 10:05:40.000000000,99656,322,99546,222,99694,219,99508,219,99702,219,99482,219,99749,100,99426,100,99760,100,99389,100,99837,100,99326,200,99892,100,99289,100,100059,100,99274,100,100075,100,99264,100,100104,100,99251,100
2019-06-28 10:05:50.000000000,99656,272,99546,172,99694,172,99508,172,99702,172,99482,172,99749,172,99426,172,99760,172,99389,172,99837,100,99326,200,99892,100,99289,100,100059,100,99274,100,100075,100,99264,100,100104,100,99251,100
2019-06-28 10:05:52.082160911,99656,272,99551,100,99694,172,99546,172,99702,172,99508,172,99749,172,99482,172,99760,172,99426,172,99837,100,99389,172,99892,100,99326,200,100059,100,99289,100,100075,100,99274,100,100104,100,99264,100
2019-06-28 10:06:00.000000000,99656,560,99551,460,99694,100,99546,100,99702,100,99508,100,99749,100,99482,100,99760,100,99426,100,99837,100,99389,100,99892,100,99326,200,100059,100,99289,100,100075,100,99274,100,100104,100,99264,100
2019-06-28 10:06:10.000000000,99656,380,99551,280,99694,280,99546,280,99702,100,99508,100,99749,100,99482,100,99760,100,99426,100,99837,100,99389,100,99892,100,99326,200,100059,100,99289,100,100075,100,99274,100,100104,100,99264,100
2019-06-28 10:06:20.000000000,99656,560,99551,460,99694,100,99546,100,99702,100,99508,100,99749,100,99482,100,99760,100,99426,100,99837,100,99389,100,99892,100,99326,200,100059,100,99289,100,100075,100,99274,100,100104,100,99264,100
2019-06-28 10:06:20.138204668,99656,560,99551,460,99694,100,99546,100,99702,100,99508,100,99749,100,99482,100,99760,100,99426,100,99837,100,99389,100,99892,100,99326,200,100059,100,99289,100,100075,100,99274,100,100104,100,99264,100
2019-06-28 10:06:30.000000000,99656,560,99551,460,99694,100,99546,100,99702,100,99508,100,99749,100,99482,100,99760,100,99426,100,99837,100,99389,100,99892,100,99326,200,100059,100,99289,100,100075,100,99274,100,100104,100,99264,100
2019-06-28 10:06:30.623117144,99656,560,99551,560,99694,100,99546,100,99702,100,99508,100,99749,100,99482,100,99760,100,99426,100,99837,100,99389,100,99892,100,99326,200,100059,100,99289,100,100075,100,99274,100,100104,100,99264,100
2019-06-28 10:06:30.764667753,99656,460,99551,560,99694,100,99546,100,99702,100,99508,100,99749,100,99482,100,99760,100,99426,100,99837,100,99389,100,99892,100,99326,100,100059,100,99289,100,100075,100,99274,100,100104,100,99264,100
2019-06-28 10:06:40.000000000,99656,222,99551,322,99694,219,99546,219,99702,219,99508,219,99749,100,99482,100,99760,100,99426,100,99837,100,99389,100,99892,100,99326,100,100059,100,99289,100,100075,100,99274,100,100104,100,99264,100
2019-06-28 10:06:50.000000000,99656,460,99551,560,99694,100,99546,100,99702,100,99508,100,99749,100,99482,100,99760,100,99426,100,99837,100,99389,100,99892,100,99326,100,100059,100,99289,100,100075,100,99274,100,100104,100,99264,100
2019-06-28 10:06:51.722192603,99656,460,99551,560,99694,100,99546,100,99702,100,99508,100,99749,100,99482,100,99760,100,99426,100,99892,100,99389,100,99941,100,99326,100,100059,100,99289,100,100075,100,99274,100,100104,100,99264,100
2019-06-28 10:07:00.000000000,99656,460,99551,560,99694,100,99546,100,99702,100,99508,100,99749,100,99482,100,99760,100,99426,100,99892,100,99389,100,99941,100,99326,100,100059,100,99289,100,100075,100,99274,100,100104,100,99264,100
2019-06-28 10:07:10.000000000,99656,280,99551,380,99694,280,99546,280,99702,100,99508,100,99749,100,99482,100,99760,100,99426,100,99892,100,99389,100,99941,100,99326,100,100059,100,99289,100,100075,100,99274,100,100104,100,99264,100
2019-06-28 10:07:20.000000000,99656,280,99551,380,99694,280,99546,280,99702,100,99508,100,99749,100,99482,100,99760,100,99426,100,99892,100,99389,100,99941,100,99326,100,100059,100,99289,100,100075,100,99274,100,100104,100,99264,100
2019-06-28 10:07:30.000000000,99656,280,99551,380,99694,280,99546,280,99702,100,99508,100,99749,100,99482,100,99760,100,99426,100,99892,100,99389,100,99941,100,99326,100,100059,100,99289,100,100075,100,99274,100,100104,100,99264,100
2019-06-28 10:07:40.000000000,99656,280,99551,380,99694,280,99546,280,99702,100,99508,100,99749,100,99482,100,99760,100,99426,100,99892,100,99389,100,99941,100,99326,100,100059,100,99289,100,100075,100,99274,100,100104,100,99264,100
2019-06-28 10:07:50.000000000,99656,280,99551,380,99694,280,99546,280,99702,100,99508,100,99749,100,99482,100,99760,100,99426,100,99892,100,99389,100,99941,100,99326,100,100059,100,99289,100,100075,100,99274,100,100104,100,99264,100
2019-06-28 10:07:56.760476243,99656,280,99551,380,99694,280,99546,280,99702,100,99508,100,99749,100,99482,100,99760,100,99426,100,99892,100,99389,100,99941,100,99326,100,100059,100,99274,100,100075,100,99264,100,100104,100,99251,100
2019-06-28 10:08:00.000000000,99656,190,99551,290,99694,190,99546,190,99702,190,99508,190,99749,190,99482,190,99760,100,99426,100,99892,100,99389,100,99941,100,99326,100,100059,100,99274,100,100075,100,99264,100,100104,100,99251,100
2019-06-28 10:08:10.000000000,99656,280,99551,380,99694,280,99546,280,99702,100,99508,100,99749,100,99482,100,99760,100,99426,100,99892,100,99389,100,99941,100,99326,100,100059,100,99274,100,100075,100,99264,100,100104,100,99251,100
2019-06-28 10:08:20.000000000,99656,172,99551,272,99694,172,99546,172,99702,172,99508,172,99749,172,99482,172,99760,172,99426,172,99892,100,99389,100,99941,100,99326,100,100059,100,99274,100,100075,100,99264,100,100104,100,99251,100
2019-06-28 10:08:29.411512587,99656,172,99551,272,99694,172,99546,172,99702,172,99508,172,99749,172,99482,172,99760,172,99426,172,99892,100,99389,100,99941,100,99326,100,100059,100,99274,100,100075,100,99264,100,100104,100,99251,100
2019-06-28 10:08:30.000000000,99656,190,99551,290,99694,190,99546,190,99702,190,99508,190,99749,190,99482,190,99760,100,99426,100,99892,100,99389,100,99941,100,99326,100,100059,100,99274,100,100075,100,99264,100,100104,100,99251,100
2019-06-28 10:08:40.000000000,99656,280,99551,380,99694,280,99546,280,99702,100,99508,100,99749,100,99482,100,99760,100,99426,100,99892,100,99389,100,99941,100,99326,100,100059,100,99274,100,100075,100,99264,100,100104,100,99251,100
2019-06-28 10:08:50.000000000,99656,222,99551,322,99694,219,99546,219,99702,219,99508,219,99749,100,99482,100,99760,100,99426,100,99892,100,99389,100,99941,100,99326,100,100059,100,99274,100,100075,100,99264,100,100104,100,99251,100
2019-06-28 10:09:00.000000000,99656,280,99551,380,99694,280,99546,280,99702,100,99508,100,99749,100,99482,100,99760,100,99426,100,99892,100,99389,100,99941,100,99326,100,100059,100,99274,100,100075,100,99264,100,100104,100,99251,100
2019-06-28 10:09:10.000000000,99656,280,99551,380,99694,280,99546,280,99702,100,99508,100,99749,100,99482,100,99760,100,99426,100,99892,100,99389,100,99941,100,99326,100,100059,100,99274,100,100075,100,99264,100,100104,100,99251,100
2019-06-28 10:09:17.853944755,99656,280,99551,380,99694,280,99546,280,99702,100,99508,100,99749,100,99482,100,99760,100,99426,100,99892,100,99389,100,99941,100,99326,100,100059,100,99274,100,100075,100,99264,100,100104,100,99251,100
2019-06-28 10:09:20.000000000,99656,190,99551,290,99694,190,99546,190,99702,190,99508,190,99749,190,99482,190,99760,100,99426,100,99892,100,99389,100,99941,100,99326,100,100059,100,99274,100,100075,100,99264,100,100104,100,99251,100
2019-06-28 10:09:30.000000000,99656,172,99551,272,99694,172,99546,172,99702,172,99508,172,99749,172,99482,172,99760,172,99426,172,99892,100,99389,100,99941,100,99326,100,100059,100,99274,100,100075,100,99264,100,100104,100,99251,100
2019-06-28 10:09:40.000000000,99656,280,99551,380,99694,280,99546,280,99702,100,99508,100,99749,100,99482,100,99760,100,99426,100,99892,100,99389,100,99941,100,99326,100,100059,100,99274,100,100075,100,99264,100,100104,100,99251,100
2019-06-28 10:09:50.000000000,99656,172,99551,272,99694,172,99546,172,99702,172,99508,172,99749,172,99482,172,99760,172,99426,172,99892,100,99389,100,99941,100,99326,100,100059,100,99274,100,100075,100,99264,100,100104,100,99251,100
2019-06-28 10:10:00.000000000,99656,280,99551,380,99694,280,99546,280,99702,100,99508,100,99749,100,99482,100,99760,100,99426,100,99892,100,99389,100,99941,100,99326,100,100059,100,99274,100,100075,100,99264,100,100104,100,99251,100
2019-06-28 10:10:10.000000000,99656,190,99551,290,99694,190,99546,190,99702,190,99508,190,99749,190,99482,190,99760,100,99426,100,99892,100,99389,100,99941,100,99326,100,100059,100,99274,100,100075,100,99264,100,100104,100,99251,100
2019-06-28 10:10:19.254892551,99656,190,99551,290,99694,190,99546,190,99702,190,99508,190,99749,190,99482,190,99760,100,99426,100,99892,100,99389,100,99941,100,99326,100,100051,100,99274,100,100059,100,99264,100,100075,100,99251,100
2019-06-28 10:10:20.000000000,99656,172,99551,272,99694,172,99546,172,99702,172,99508,172,99749,172,99482,172,99760,172,99426,172,99892,100,99389,100,99941,100,99326,100,100051,100,99274,100,100059,100,99264,100,100075,100,99251,100
