,ask_price_1,ask_size_1,bid_price_1,bid_size_1,ask_price_2,ask_size_2,bid_price_2,bid_size_2,ask_price_3,ask_size_3,bid_price_3,bid_size_3,ask_price_4,ask_size_4,bid_price_4,bid_size_4,ask_price_5,ask_size_5,bid_price_5,bid_size_5,ask_price_6,ask_size_6,bid_price_6,bid_size_6,ask_price_7,ask_size_7,bid_price_7,bid_size_7,ask_price_8,ask_size_8,bid_price_8,bid_size_8,ask_price_9,ask_size_9,bid_price_9,bid_size_9,ask_price_10,ask_size_10,bid_price_10,bid_size_10
2019-06-28 09:30:00.000000000,,,99889,100,,,,,,,,,,,,,,,,,,,,,,,,,,,,,,,,,,,,
2019-06-28 09:30:00.000000001,99973,100,99889,100,100112,100,,,,,,,,,,,,,,,,,,,,,,,,,,,,,,,,,,
2019-06-28 09:30:00.000000008,99973,100,99889,100,100112,100,99881,100,,,,,,,,,,,,,,,,,,,,,,,,,,,,,,,,
2019-06-28 09:30:00.000000009,99951,100,99889,100,99973,100,99881,100,100112,100,,,,,,,,,,,,,,,,,,,,,,,,,,,,,,
2019-06-28 09:30:00.000000012,99951,100,99889,100,99973,100,99881,100,100044,100,,,100112,100,,,,,,,,,,,,,,,,,,,,,,,,,,
2019-06-28 09:30:00.000000015,99973,100,99889,100,100044,100,99881,100,100112,100,,,,,,,,,,,,,,,,,,,,,,,,,,,,,,
2019-06-28 09:30:00.000000016,99951,100,99889,100,99973,100,99881,100,100002,100,,,100044,100,,,100112,100,,,,,,,,,,,,,,,,,,,,,,
2019-06-28 09:30:00.000000020,99951,100,99889,100,99973,100,99881,100,100002,100,,,100028,100,,,100044,100,,,100112,100,,,,,,,,,,,,,,,,,,
2019-06-28 09:30:00.000000023,99951,100,99889,100,99973,100,99881,100,100002,100,,,100028,100,,,100044,100,,,100078,100,,,100112,100,,,,,,,,,,,,,,
2019-06-28 09:30:00.000000025,99951,100,99896,100,99973,100,99889,100,100002,100,99881,100,100028,100,,,100044,100,,,100078,100,,,100112,100,,,,,,,,,,,,,,
2019-06-28 09:30:00.000000027,99951,100,99896,100,99973,100,99889,100,100002,100,99881,100,100028,100,,,100044,100,,,100078,100,,,100112,100,,,100132,100,,,,,,,,,,
2019-06-28 09:30:00.000000028,99951,100,99896,100,99973,100,99889,100,100002,100,99881,100,100012,100,99874,100,100028,100,,,100044,100,,,100078,100,,,100112,100,,,100132,100,,,,,,
2019-06-28 09:30:00.000000030,99951,100,99924,100,99973,100,99896,100,100002,100,99891,100,100012,100,99889,100,100028,100,99881,100,100044,100,99874,100,100078,100,,,100112,100,,,100132,100,,,,,,
2019-06-28 09:30:00.000000032,99973,100,99924,100,100002,100,99913,100,100012,100,99896,100,100028,100,99891,100,100044,100,99889,100,100078,100,99881,100,100112,100,99874,100,100132,100,,,,,,,,,,
2019-06-28 09:30:00.000000033,99973,100,99924,100,100002,100,99913,100,100012,100,99896,100,100028,100,99891,100,100044,100,99889,100,100078,100,99881,100,100112,200,99874,100,100132,100,99839,100,,,,,,,,
2019-06-28 09:30:00.000000035,100002,100,99924,100,100012,100,99913,100,100028,100,99896,100,100044,100,99891,100,100078,100,99889,100,100112,200,99881,100,100132,100,99874,100,,,99839,100,,,,,,,,
2019-06-28 09:30:00.000000037,100002,100,99924,100,100007,100,99913,100,100012,100,99896,100,100028,100,99891,100,100044,100,99889,100,100078,100,99881,100,100112,200,99874,100,100132,100,99839,100,,,,,,,,
2019-06-28 09:30:00.000000039,100002,100,99951,100,100007,100,99924,100,100012,100,99913,100,100028,100,99896,100,100044,100,99891,100,100078,100,99889,100,100112,200,99881,100,100132,100,99874,100,,,99839,100,,,,
2019-06-28 09:30:00.000000040,100002,100,99951,100,100007,100,99924,100,100012,100,99913,100,100028,100,99896,100,100044,100,99891,100,100078,100,99889,100,100112,200,99881,100,100132,100,99874,100,100146,100,99839,100,,,,
2019-06-28 09:30:00.000000043,100007,100,99951,100,100012,100,99924,100,100028,100,99913,100,100044,100,99896,100,100078,100,99891,100,100112,200,99889,100,100132,100,99881,100,100146,100,99874,100,,,99839,100,,,,
2019-06-28 09:30:00.000000044,100007,100,99951,100,100012,100,99924,100,100028,100,99913,100,100044,100,99896,100,100078,100,99891,100,100112,200,99889,100,100123,100,99881,100,100132,100,99874,100,100146,100,99839,100,,,,
2019-06-28 09:30:00.000000045,100007,100,99951,100,100012,100,99924,100,100028,100,99913,100,100032,100,99896,100,100044,100,99891,100,100078,100,99889,100,100112,200,99881,100,100123,100,99874,100,100132,100,99839,100,100146,100,,
2019-06-28 09:30:00.000000046,100002,100,99951,100,100007,100,99924,100,100012,100,99913,100,100028,100,99896,100,100032,100,99891,100,100044,100,99889,100,100078,100,99881,100,100112,200,99874,100,100123,100,99839,100,100132,100,,
2019-06-28 09:30:00.000000049,100002,100,99951,100,100007,100,99924,100,100012,100,99913,100,100028,100,99896,100,100030,100,99891,100,100032,100,99889,100,100044,100,99881,100,100078,100,99874,100,100088,100,99839,100,100112,200,,
2019-06-28 09:30:00.000000055,100002,100,99951,100,100007,100,99924,100,100012,100,99913,100,100028,100,99896,100,100030,100,99891,100,100032,100,99889,100,100044,100,99881,100,100078,100,99874,100,100088,100,99839,100,100112,200,,
2019-06-28 09:30:00.000000058,100002,200,99951,100,100007,100,99924,100,100012,100,99913,100,100014,100,99896,100,100028,100,99891,100,100030,100,99889,100,100032,100,99881,100,100044,100,99874,100,100078,100,99839,100,100088,100,,
2019-06-28 09:30:00.000000061,100002,200,99951,100,100007,100,99924,100,100012,100,99913,100,100014,100,99896,100,100028,100,99891,100,100030,100,99889,100,100032,100,99887,100,100044,100,99881,100,100078,100,99874,100,100088,100,99839,100
2019-06-28 09:30:00.000000062,100002,200,99951,100,100007,100,99924,100,100012,100,99913,100,100014,100,99896,100,100028,100,99891,100,100030,100,99889,100,100032,100,99887,100,100044,100,99881,100,100078,100,99874,100,100088,100,99872,100
2019-06-28 09:30:00.000000063,99961,100,99951,100,100002,200,99924,100,100007,100,99913,100,100012,100,99896,100,100014,100,99891,100,100028,100,99889,100,100030,100,99887,100,100032,100,99881,100,100044,100,99874,100,100078,100,99872,100
2019-06-28 09:30:00.000000065,99961,100,99951,100,100002,200,99924,100,100007,100,99913,100,100012,100,99896,100,100014,100,99891,100,100028,100,99889,100,100030,100,99887,100,100032,100,99881,100,100044,100,99874,100,100078,100,99872,100
2019-06-28 09:30:00.000000066,99960,100,99951,100,99961,100,99924,100,100002,200,99913,100,100007,100,99896,100,100012,100,99891,100,100014,100,99889,100,100028,100,99887,100,100030,100,99881,100,100032,100,99874,100,100044,100,99872,100
2019-06-28 09:30:00.000000067,99961,100,99951,100,100002,200,99924,100,100007,100,99913,100,100012,100,99896,100,100014,100,99891,100,100028,100,99889,100,100030,100,99887,100,100032,100,99881,100,100044,100,99874,100,100078,100,99872,100
2019-06-28 09:30:00.000000070,100002,200,99951,100,100007,100,99924,100,100012,100,99913,100,100014,100,99896,100,100028,100,99891,100,100030,100,99889,100,100032,100,99887,100,100044,100,99881,100,100078,100,99874,100,100086,100,99872,100
2019-06-28 09:30:00.000000072,100002,200,99951,100,100007,100,99924,100,100012,100,99913,100,100014,100,99896,100,100028,100,99891,100,100030,100,99889,100,100032,100,99887,100,100044,100,99881,100,100078,100,99874,100,100086,100,99872,100
2019-06-28 09:30:00.000000073,100002,100,99951,100,100007,100,99924,100,100012,100,99913,100,100014,100,99896,100,100028,100,99891,100,100030,100,99889,100,100032,100,99887,100,100044,100,99881,100,100078,100,99874,100,100086,100,99872,100
2019-06-28 09:30:00.000000086,100002,100,99951,100,100007,100,99924,100,100012,100,99913,100,100014,100,99896,100,100028,100,99891,100,100030,100,99889,100,100032,100,99887,200,100044,100,99881,100,100078,100,99874,100,100086,100,99872,100
2019-06-28 09:30:00.000000087,100001,100,99951,100,100002,100,99924,100,100007,100,99913,100,100012,100,99896,100,100014,100,99891,100,100028,100,99889,100,100030,100,99887,200,100032,100,99881,100,100044,100,99874,100,100078,100,99872,100
2019-06-28 09:30:00.000000089,100001,100,99965,100,100002,100,99951,100,100007,100,99924,100,100012,100,99913,100,100014,100,99896,100,100028,100,99891,100,100030,100,99889,100,100032,100,99887,200,100044,100,99881,100,100078,100,99874,100
2019-06-28 09:30:00.000000091,100001,200,99965,100,100002,100,99951,100,100007,100,99924,100,100012,100,99913,100,100014,100,99896,100,100028,100,99891,100,100030,100,99889,100,100032,100,99887,200,100044,100,99881,100,100078,100,99874,100
2019-06-28 09:30:00.000000092,100001,200,99965,100,100002,100,99951,100,100007,100,99924,100,100012,100,99921,100,100014,100,99913,100,100028,100,99896,100,100030,100,99891,100,100032,100,99889,100,100044,100,99887,200,100078,100,99881,100
2019-06-28 09:30:00.000000093,100001,100,99965,100,100002,100,99951,100,100007,100,99924,100,100012,100,99921,100,100014,100,99913,100,100028,100,99896,100,100030,100,99891,100,100032,100,99889,100,100044,100,99887,200,100078,100,99881,100
2019-06-28 09:30:00.000000096,100001,100,99965,100,100002,100,99951,100,100007,100,99924,100,100012,100,99921,100,100014,100,99913,100,100028,100,99896,100,100030,100,99891,100,100032,100,99889,100,100044,100,99887,200,100078,100,99881,100
2019-06-28 09:30:00.000000097,100001,100,99996,100,100002,100,99965,100,100007,100,99951,100,100012,100,99924,100,100014,100,99921,100,100028,100,99913,100,100030,100,99896,100,100032,100,99891,100,100044,100,99889,100,100078,100,99887,200
2019-06-28 09:30:00.000000098,100000,100,99965,100,100001,100,99951,100,100002,100,99924,100,100007,100,99921,100,100012,100,99913,100,100014,100,99896,100,100028,100,99891,100,100030,100,99889,100,100032,100,99887,200,100044,100,99881,100
2019-06-28 09:30:00.522044988,100000,100,99965,100,100001,100,99951,100,100002,100,99924,100,100007,100,99921,100,100012,100,99913,100,100014,100,99891,100,100028,100,99889,100,100030,100,99887,200,100032,100,99881,100,100044,100,99874,100
2019-06-28 09:30:10.000000000,100000,332,99965,332,100001,332,99951,332,100002,100,99924,100,100007,100,99921,100,100012,100,99913,100,100014,100,99891,100,100028,100,99889,100,100030,100,99887,200,100032,100,99881,100,100044,100,99874,100
2019-06-28 09:30:20.000000000,100000,564,99965,564,100001,100,99951,100,100002,100,99924,100,100007,100,99921,100,100012,100,99913,100,100014,100,99891,100,100028,100,99889,100,100030,100,99887,200,100032,100,99881,100,100044,100,99874,100
2019-06-28 09:30:30.000000000,100000,564,99965,564,100001,100,99951,100,100002,100,99924,100,100007,100,99921,100,100012,100,99913,100,100014,100,99891,100,100028,100,99889,100,100030,100,99887,200,100032,100,99881,100,100044,100,99874,100
2019-06-28 09:30:37.533648031,100000,564,99965,564,100001,100,99951,100,100002,100,99924,100,100007,100,99921,100,100012,100,99913,100,100014,100,99891,100,100028,100,99889,100,100030,100,99887,200,100032,100,99881,100,100044,100,99874,100
2019-06-28 09:30:37.778541414,100000,564,99965,564,100001,100,99951,100,100002,100,99924,100,100007,100,99921,100,100012,100,99913,100,100014,100,99891,100,100028,100,99889,100,100030,100,99887,200,100032,100,99881,100,100044,100,99874,100
2019-06-28 09:30:40.000000000,100000,332,99965,332,100001,332,99951,332,100002,100,99924,100,100007,100,99921,100,100012,100,99913,100,100014,100,99891,100,100028,100,99889,100,100030,100,99887,200,100032,100,99881,100,100044,100,99874,100
2019-06-28 09:30:50.000000000,100000,332,99965,332,100001,332,99951,332,100002,100,99924,100,100007,100,99921,100,100012,100,99913,100,100014,100,99891,100,100028,100,99889,100,100030,100,99887,200,100032,100,99881,100,100044,100,99874,100
2019-06-28 09:30:51.840785727,100000,332,99965,332,100001,332,99951,332,100002,100,99924,100,100007,100,99921,100,100012,100,99913,100,100014,100,99891,100,100028,100,99889,100,100030,100,99887,200,100032,100,99881,100,100044,100,99874,100
2019-06-28 09:30:52.540331814,100000,332,99965,232,100001,332,99951,332,100002,100,99924,100,100007,100,99921,100,100012,100,99913,100,100014,100,99891,100,100028,100,99889,100,100030,100,99887,200,100032,100,99881,100,100044,100,99874,100
2019-06-28 09:30:57.733031962,100000,332,99965,132,100001,332,99951,332,100002,100,99924,100,100007,100,99921,100,100012,100,99913,100,100014,100,99891,100,100030,100,99889,100,100032,100,99887,200,100044,100,99881,100,100078,100,99874,100
2019-06-28 09:31:00.000000000,100000,258,99951,258,100001,253,99924,253,100002,253,99921,253,100007,100,99913,100,100012,100,99891,100,100014,100,99889,100,100030,100,99887,200,100032,100,99881,100,100044,100,99874,100,100078,100,99872,100
2019-06-28 09:31:07.433870400,100000,258,99951,258,100001,253,99924,253,100002,253,99921,253,100007,100,99913,100,100012,100,99891,100,100014,100,99889,100,100030,100,99887,200,100032,100,99881,100,100044,100,99874,100,100078,100,99872,100
2019-06-28 09:31:10.000000000,100000,564,99951,564,100001,100,99924,100,100002,100,99921,100,100007,100,99913,100,100012,100,99891,100,100014,100,99889,100,100030,100,99887,200,100032,100,99881,100,100044,100,99874,100,100078,100,99872,100
2019-06-28 09:31:20.000000000,100000,193,99951,193,100001,193,99924,193,100002,193,99921,193,100007,193,99913,193,100012,193,99891,193,100014,100,99889,100,100030,100,99887,200,100032,100,99881,100,100044,100,99874,100,100078,100,99872,100
2019-06-28 09:31:30.000000000,100000,216,99951,216,100001,216,99924,216,100002,216,99921,216,100007,216,99913,216,100012,100,99891,100,100014,100,99889,100,100030,100,99887,200,100032,100,99881,100,100044,100,99874,100,100078,100,99872,100
2019-06-28 09:31:37.865622665,100000,216,99951,116,100001,216,99924,216,100002,216,99921,216,100007,216,99913,216,100012,100,99891,100,100014,100,99889,100,100030,100,99887,200,100032,100,99881,100,100044,100,99874,100,100078,100,99872,100
2019-06-28 09:31:40.000000000,100000,216,99924,216,100001,216,99921,216,100002,216,99913,216,100007,216,99891,216,100012,100,99889,100,100014,100,99887,200,100030,100,99881,100,100032,100,99874,100,100044,100,99872,100,100078,100,99839,100
2019-06-28 09:31:43.294424616,100000,216,99924,116,100001,216,99921,216,100002,216,99913,216,100007,216,99891,216,100012,100,99889,100,100014,100,99887,200,100030,100,99881,100,100032,100,99874,100,100044,100,99872,100,100078,100,99839,100
2019-06-28 09:31:50.000000000,100000,332,99921,332,100001,332,99913,332,100002,100,99891,100,100007,100,99889,100,100012,100,99887,200,100014,100,99881,100,100030,100,99874,100,100032,100,99872,100,100044,100,99839,100,100078,100,99789,100
2019-06-28 09:31:54.566484022,99951,100,99921,332,100000,332,99913,332,100001,332,99891,100,100002,100,99889,100,100007,100,99887,200,100012,100,99881,100,100014,100,99874,100,100030,100,99872,100,100032,100,99839,100,100044,100,99789,100
2019-06-28 09:32:00.000000000,99951,258,99921,258,100000,253,99913,253,100001,253,99891,253,100002,100,99889,100,100007,100,99887,200,100012,100,99881,100,100014,100,99874,100,100030,100,99872,100,100032,100,99839,100,100044,100,99789,100
2019-06-28 09:32:00.004297052,99951,258,99921,258,100000,253,99913,253,100001,253,99891,253,100002,100,99889,100,100007,100,99887,200,100012,100,99881,100,100014,100,99874,100,100030,100,99872,100,100032,100,99839,100,100044,100,99789,100
2019-06-28 09:32:10.000000000,99951,332,99921,332,100000,332,99913,332,100001,100,99891,100,100002,100,99889,100,100007,100,99887,200,100012,100,99881,100,100014,100,99874,100,100030,100,99872,100,100032,100,99839,100,100044,100,99789,100
2019-06-28 09:32:13.939929941,99951,332,99921,332,100000,332,99913,332,100001,100,99891,100,100002,100,99889,100,100007,100,99887,200,100012,100,99881,100,100014,100,99874,100,100030,100,99872,100,100032,100,99839,100,100044,100,99789,100
2019-06-28 09:32:20.000000000,99951,193,99921,193,100000,193,99913,193,100001,193,99891,193,100002,193,99889,193,100007,193,99887,293,100012,100,99881,100,100014,100,99874,100,100030,100,99872,100,100032,100,99839,100,100044,100,99789,100
2019-06-28 09:32:29.623485683,99951,193,99921,193,100000,193,99913,193,100001,193,99891,193,100002,193,99889,193,100007,193,99887,293,100012,100,99881,100,100014,100,99874,100,100030,100,99872,100,100032,100,99839,100,100044,100,99789,100
2019-06-28 09:32:30.000000000,99951,193,99921,193,100000,193,99913,193,100001,193,99891,193,100002,193,99889,193,100007,193,99887,293,100012,100,99881,100,100014,100,99874,100,100030,100,99872,100,100032,100,99839,100,100044,100,99789,100
2019-06-28 09:32:40.000000000,99951,258,99921,258,100000,253,99913,253,100001,253,99891,253,100002,100,99889,100,100007,100,99887,200,100012,100,99881,100,100014,100,99874,100,100030,100,99872,100,100032,100,99839,100,100044,100,99789,100
2019-06-28 09:32:50.000000000,99951,216,99921,216,100000,216,99913,216,100001,216,99891,216,100002,216,99889,216,100007,100,99887,200,100012,100,99881,100,100014,100,99874,100,100030,100,99872,100,100032,100,99839,100,100044,100,99789,100
2019-06-28 09:32:58.930980282,99951,216,99921,116,100000,216,99913,216,100001,216,99891,216,100002,216,99889,216,100007,100,99887,200,100012,100,99881,100,100014,100,99874,100,100030,100,99872,100,100032,100,99839,100,100044,100,99789,100
2019-06-28 09:33:00.000000000,99951,193,99913,193,100000,193,99891,193,100001,193,99889,193,100002,193,99887,293,100007,193,99881,193,100012,100,99874,100,100014,100,99872,100,100030,100,99839,100,100032,100,99789,100,100044,100,99716,100
2019-06-28 09:33:10.000000000,99951,332,99913,332,100000,332,99891,332,100001,100,99889,100,100002,100,99887,200,100007,100,99881,100,100012,100,99874,100,100014,100,99872,100,100030,100,99839,100,100032,100,99789,100,100044,100,99716,100
2019-06-28 09:33:20.000000000,99951,332,99913,332,100000,332,99891,332,100001,100,99889,100,100002,100,99887,200,100007,100,99881,100,100012,100,99874,100,100014,100,99872,100,100030,100,99839,100,100032,100,99789,100,100044,100,99716,100
2019-06-28 09:33:20.725907425,99951,332,99913,332,100000,332,99891,332,100001,100,99889,100,100002,100,99887,200,100007,100,99881,100,100012,100,99874,100,100014,100,99872,100,100030,100,99839,100,100032,100,99789,100,100044,100,99716,100
2019-06-28 09:33:25.572611050,99951,332,99913,332,100000,332,99891,232,100001,100,99889,100,100002,100,99887,200,100007,100,99881,100,100012,100,99874,100,100014,100,99872,100,100030,100,99839,100,100032,100,99789,100,100044,100,99716,100
2019-06-28 09:33:30.000000000,99951,193,99913,193,100000,193,99889,193,100001,193,99887,293,100002,193,99881,193,100007,193,99874,193,100012,100,99872,100,100014,100,99839,100,100030,100,99789,100,100032,100,99716,100,100044,100,99708,100
2019-06-28 09:33:40.000000000,99951,332,99913,332,100000,332,99889,332,100001,100,99887,200,100002,100,99881,100,100007,100,99874,100,100012,100,99872,100,100014,100,99839,100,100030,100,99789,100,100032,100,99716,100,100044,100,99708,100
2019-06-28 09:33:41.797499425,99924,100,99913,332,99951,332,99889,332,100000,332,99887,200,100001,100,99881,100,100002,100,99874,100,100007,100,99872,100,100012,100,99839,100,100014,100,99789,100,100030,100,99716,100,100032,100,99708,100
2019-06-28 09:33:50.000000000,99924,564,99913,564,99951,100,99889,100,100000,100,99887,200,100001,100,99881,100,100002,100,99874,100,100007,100,99872,100,100012,100,99839,100,100014,100,99789,100,100030,100,99716,100,100032,100,99708,100
2019-06-28 09:33:58.691149942,99924,564,99913,564,99951,100,99889,100,100000,100,99887,200,100001,100,99881,100,100002,100,99874,100,100007,100,99872,100,100012,100,99839,100,100014,100,99789,100,100030,100,99720,100,100032,100,99716,100
2019-06-28 09:34:00.000000000,99924,216,99913,216,99951,216,99889,216,100000,216,99887,316,100001,216,99881,216,100002,100,99874,100,100007,100,99872,100,100012,100,99839,100,100014,100,99789,100,100030,100,99720,100,100032,100,99716,100
2019-06-28 09:34:10.000000000,99924,216,99913,216,99951,216,99889,216,100000,216,99887,316,100001,216,99881,216,100002,100,99874,100,100007,100,99872,100,100012,100,99839,100,100014,100,99789,100,100030,100,99720,100,100032,100,99716,100
2019-06-28 09:34:18.510271982,99924,216,99913,216,99951,216,99889,216,100000,216,99887,316,100001,216,99881,216,100002,100,99874,100,100007,100,99872,100,100012,100,99839,100,100014,100,99789,100,100030,100,99716,100,100032,100,99708,100
2019-06-28 09:34:20.000000000,99924,258,99913,258,99951,253,99889,253,100000,253,99887,353,100001,100,99881,100,100002,100,99874,100,100007,100,99872,100,100012,100,99839,100,100014,100,99789,100,100030,100,99716,100,100032,100,99708,100
2019-06-28 09:34:28.268093516,99924,258,99913,158,99951,253,99889,253,100000,253,99887,353,100001,100,99881,100,100002,100,99874,100,100007,100,99872,100,100012,100,99839,100,100014,100,99789,100,100030,100,99716,100,100032,100,99708,100
2019-06-28 09:34:30.000000000,99924,258,99889,258,99951,253,99887,353,100000,253,99881,253,100001,100,99874,100,100002,100,99872,100,100007,100,99839,100,100012,100,99789,100,100014,100,99716,100,100030,100,99708,100,100032,100,99694,100
2019-06-28 09:34:32.974757725,99924,258,99889,258,99951,253,99887,353,100000,253,99881,253,100001,100,99874,100,100002,100,99872,100,100007,100,99839,100,100012,100,99789,100,100014,100,99716,100,100030,100,99708,100,100032,100,99694,100
2019-06-28 09:34:40.000000000,99924,216,99889,216,99951,216,99887,316,100000,216,99881,216,100001,216,99874,216,100002,100,99872,100,100007,100,99839,100,100012,100,99789,100,100014,100,99716,100,100030,100,99708,100,100032,100,99694,100
2019-06-28 09:34:50.000000000,99924,332,99889,332,99951,332,99887,432,100000,100,99881,100,100001,100,99874,100,100002,100,99872,100,100007,100,99839,100,100012,100,99789,100,100014,100,99716,100,100030,100,99708,100,100032,100,99694,100
2019-06-28 09:34:54.719328735,99921,100,99889,332,99924,332,99887,432,99951,332,99881,100,100000,100,99874,100,100001,100,99872,100,100002,100,99839,100,100007,100,99789,100,100012,100,99716,100,100014,100,99708,100,100030,100,99694,100
2019-06-28 09:35:00.000000000,99921,564,99889,564,99924,100,99887,200,99951,100,99881,100,100000,100,99874,100,100001,100,99872,100,100002,100,99839,100,100007,100,99789,100,100012,100,99716,100,100014,100,99708,100,100030,100,99694,100
2019-06-28 09:35:10.000000000,99921,216,99889,216,99924,216,99887,316,99951,216,99881,216,100000,216,99874,216,100001,100,99872,100,100002,100,99839,100,100007,100,99789,100,100012,100,99716,100,100014,100,99708,100,100030,100,99694,100
2019-06-28 09:35:16.924260776,99921,316,99889,216,99924,216,99887,316,99951,216,99881,216,100000,216,99874,216,100001,100,99872,100,100002,100,99839,100,100007,100,99789,100,100012,100,99716,100,100014,100,99708,100,100030,100,99694,100
2019-06-28 09:35:17.716568732,99921,316,99889,116,99924,216,99887,316,99951,216,99881,216,100000,216,99874,216,100001,100,99872,100,100002,100,99839,100,100007,100,99789,100,100012,100,99716,100,100014,100,99708,100,100030,100,99694,100
2019-06-28 09:35:20.000000000,99921,293,99887,293,99924,193,99881,193,99951,193,99874,193,100000,193,99872,193,100001,193,99839,193,100002,100,99789,100,100007,100,99716,100,100012,100,99708,100,100014,100,99694,100,100030,100,99447,100
2019-06-28 09:35:23.958210174,99921,293,99887,193,99924,193,99881,193,99951,193,99874,193,100000,193,99872,193,100001,193,99839,193,100002,100,99789,100,100007,100,99716,100,100012,100,99708,100,100014,100,99694,100,100030,100,99447,100
2019-06-28 09:35:30.000000000,99921,316,99887,216,99924,216,99881,216,99951,216,99874,216,100000,216,99872,216,100001,100,99839,100,100002,100,99789,100,100007,100,99716,100,100012,100,99708,100,100014,100,99694,100,100030,100,99447,100
2019-06-28 09:35:40.000000000,99921,664,99887,564,99924,100,99881,100,99951,100,99874,100,100000,100,99872,100,100001,100,99839,100,100002,100,99789,100,100007,100,99716,100,100012,100,99708,100,100014,100,99694,100,100030,100,99447,100
2019-06-28 09:35:50.000000000,99921,358,99887,258,99924,253,99881,253,99951,253,99874,253,100000,100,99872,100,100001,100,99839,100,100002,100,99789,100,100007,100,99716,100,100012,100,99708,100,100014,100,99694,100,100030,100,99447,100
2019-06-28 09:35:57.845508174,99921,358,99887,158,99924,253,99881,253,99951,253,99874,253,100000,100,99872,100,100001,100,99839,100,100002,100,99789,100,100007,100,99716,100,100012,100,99708,100,100014,100,99694,100,100030,100,99447,100
2019-06-28 09:36:00.000000000,99921,293,99881,193,99924,193,99874,193,99951,193,99872,193,100000,193,99839,193,100001,193,99789,193,100002,100,99716,100,100007,100,99708,100,100012,100,99694,100,100014,100,99447,100,100030,100,99367,100
2019-06-28 09:36:05.105826409,99921,293,99881,93,99924,193,99874,193,99951,193,99872,193,100000,193,99839,193,100001,193,99789,193,100002,100,99716,100,100007,100,99708,100,100012,100,99694,100,100014,100,99447,100,100030,100,99367,100
2019-06-28 09:36:08.930654600,99921,293,99881,93,99924,193,99874,193,99951,193,99872,193,100000,193,99839,193,100001,193,99789,193,100002,100,99716,100,100007,100,99708,100,100012,100,99694,100,100014,100,99447,100,100030,100,99367,100
2019-06-28 09:36:10.000000000,99921,358,99874,258,99924,253,99872,253,99951,253,99839,253,100000,100,99789,100,100001,100,99716,100,100002,100,99708,100,100007,100,99694,100,100012,100,99447,100,100014,100,99367,100,100030,100,99149,100
2019-06-28 09:36:12.519566127,99887,100,99874,258,99921,258,99872,253,99924,253,99839,253,99951,253,99789,100,100000,100,99716,100,100001,100,99708,100,100002,100,99694,100,100007,100,99447,100,100012,100,99367,100,100014,100,99149,100
2019-06-28 09:36:20.000000000,99887,258,99874,258,99921,253,99872,253,99924,253,99839,253,99951,100,99789,100,100000,100,99716,100,100001,100,99708,100,100002,100,99694,100,100007,100,99447,100,100012,100,99367,100,100014,100,99149,100
2019-06-28 09:36:30.000000000,99887,564,99874,564,99921,100,99872,100,99924,100,99839,100,99951,100,99789,100,100000,100,99716,100,100001,100,99708,100,100002,100,99694,100,100007,100,99447,100,100012,100,99367,100,100014,100,99149,100
2019-06-28 09:36:35.295279109,99887,564,99874,464,99921,100,99872,100,99924,100,99839,100,99951,100,99789,100,100000,100,99716,100,100001,100,99708,100,100002,100,99694,100,100007,100,99447,100,100012,100,99367,100,100014,100,99149,100
2019-06-28 09:36:40.000000000,99887,258,99872,258,99921,253,99839,253,99924,253,99789,253,99951,100,99716,100,100000,100,99708,100,100001,100,99694,100,100002,100,99447,100,100007,100,99367,100,100012,100,99149,100,100014,100,98971,100
2019-06-28 09:36:50.000000000,99887,216,99872,216,99921,216,99839,216,99924,216,99789,216,99951,216,99716,216,100000,100,99708,100,100001,100,99694,100,100002,100,99447,100,100007,100,99367,100,100012,100,99149,100,100014,100,98971,100
2019-06-28 09:36:52.355777504,99887,216,99872,216,99921,216,99839,216,99924,216,99789,216,99951,216,99716,216,100000,100,99708,100,100001,100,99694,100,100002,100,99678,100,100007,100,99447,100,100012,100,99367,100,100014,100,99149,100
2019-06-28 09:37:00.000000000,99887,216,99872,216,99921,216,99839,216,99924,216,99789,216,99951,216,99716,216,100000,100,99708,100,100001,100,99694,100,100002,100,99678,100,100007,100,99447,100,100012,100,99367,100,100014,100,99149,100
2019-06-28 09:37:00.983671082,99887,216,99872,116,99921,216,99839,216,99924,216,99789,216,99951,216,99716,216,100000,100,99708,100,100001,100,99694,100,100002,100,99678,100,100012,100,99447,100,100014,100,99367,100,100030,100,99149,100
2019-06-28 09:37:10.000000000,99887,216,99839,216,99921,216,99789,216,99924,216,99716,216,99951,216,99708,216,100000,100,99694,100,100001,100,99678,100,100002,100,99447,100,100012,100,99367,100,100014,100,99149,100,100030,100,98971,100
2019-06-28 09:37:20.000000000,99887,216,99839,216,99921,216,99789,216,99924,216,99716,216,99951,216,99708,216,100000,100,99694,100,100001,100,99678,100,100002,100,99447,100,100012,100,99367,100,100014,100,99149,100,100030,100,98971,100
2019-06-28 09:37:23.440872825,99874,100,99839,216,99887,216,99789,216,99921,216,99716,216,99924,216,99708,216,99951,216,99694,100,100000,100,99678,100,100001,100,99447,100,100002,100,99367,100,100012,100,99149,100,100014,100,98971,100
2019-06-28 09:37:29.036581171,99874,100,99839,216,99887,216,99789,216,99921,216,99716,216,99924,216,99708,216,99951,216,99694,100,100000,100,99678,100,100001,100,99447,100,100002,100,99396,100,100012,100,99367,100,100014,100,99149,100
2019-06-28 09:37:30.000000000,99874,564,99839,564,99887,100,99789,100,99921,100,99716,100,99924,100,99708,100,99951,100,99694,100,100000,100,99678,100,100001,100,99447,100,100002,100,99396,100,100012,100,99367,100,100014,100,99149,100
2019-06-28 09:37:40.000000000,99874,258,99839,258,99887,253,99789,253,99921,253,99716,253,99924,100,99708,100,99951,100,99694,100,100000,100,99678,100,100001,100,99447,100,100002,100,99396,100,100012,100,99367,100,100014,100,99149,100
2019-06-28 09:37:50.000000000,99874,332,99839,332,99887,332,99789,332,99921,100,99716,100,99924,100,99708,100,99951,100,99694,100,100000,100,99678,100,100001,100,99447,100,100002,100,99396,100,100012,100,99367,100,100014,100,99149,100
2019-06-28 09:38:00.000000000,99874,332,99839,332,99887,332,99789,332,99921,100,99716,100,99924,100,99708,100,99951,100,99694,100,100000,100,99678,100,100001,100,99447,100,100002,100,99396,100,100012,100,99367,100,100014,100,99149,100
2019-06-28 09:38:07.359797194,99874,332,99839,332,99887,332,99789,332,99921,100,99716,100,99924,100,99708,100,99951,100,99694,100,100000,100,99678,100,100001,100,99628,100,100002,100,99447,100,100012,100,99396,100,100014,100,99367,100
2019-06-28 09:38:10.000000000,99874,193,99839,193,99887,193,99789,193,99921,193,99716,193,99924,193,99708,193,99951,193,99694,193,100000,100,99678,100,100001,100,99628,100,100002,100,99447,100,100012,100,99396,100,100014,100,99367,100
2019-06-28 09:38:12.413524497,99874,193,99839,193,99887,193,99789,193,99921,193,99716,193,99924,193,99708,193,99951,193,99694,193,100000,100,99678,100,100001,100,99628,100,100002,100,99447,100,100012,100,99396,100,100014,100,99367,100
2019-06-28 09:38:20.000000000,99874,564,99839,564,99887,100,99789,100,99921,100,99716,100,99924,100,99708,100,99951,100,99694,100,100000,100,99678,100,100001,100,99628,100,100002,100,99447,100,100012,100,99396,100,100014,100,99367,100
2019-06-28 09:38:21.137986095,99874,564,99839,464,99887,100,99789,100,99921,100,99716,100,99924,100,99708,100,99951,100,99694,100,100000,100,99678,100,100001,100,99628,100,100002,100,99447,100,100012,100,99396,100,100014,100,99367,100
2019-06-28 09:38:30.000000000,99874,216,99789,216,99887,216,99716,216,99921,216,99708,216,99924,216,99694,216,99951,100,99678,100,100000,100,99628,100,100001,100,99447,100,100002,100,99396,100,100012,100,99367,100,100014,100,99149,100
2019-06-28 09:38:40.000000000,99874,564,99789,564,99887,100,99716,100,99921,100,99708,100,99924,100,99694,100,99951,100,99678,100,100000,100,99628,100,100001,100,99447,100,100002,100,99396,100,100012,100,99367,100,100014,100,99149,100
2019-06-28 09:38:41.105112376,99874,564,99789,564,99887,100,99716,100,99921,100,99708,100,99924,100,99694,100,99951,100,99678,100,100000,100,99628,100,100001,100,99554,100,100002,100,99447,100,100012,100,99396,100,100014,100,99367,100
2019-06-28 09:38:50.000000000,99874,564,99789,564,99887,100,99716,100,99921,100,99708,100,99924,100,99694,100,99951,100,99678,100,100000,100,99628,100,100001,100,99554,100,100002,100,99447,100,100012,100,99396,100,100014,100,99367,100
2019-06-28 09:38:53.149886118,99872,100,99789,564,99874,564,99716,100,99887,100,99708,100,99921,100,99694,100,99924,100,99678,100,99951,100,99628,100,100000,100,99554,100,100001,100,99447,100,100002,100,99396,100,100012,100,99367,100
2019-06-28 09:39:00.000000000,99872,332,99789,332,99874,332,99716,332,99887,100,99708,100,99921,100,99694,100,99924,100,99678,100,99951,100,99628,100,100000,100,99554,100,100001,100,99447,100,100002,100,99396,100,100012,100,99367,100
2019-06-28 09:39:10.000000000,99872,216,99789,216,99874,216,99716,216,99887,216,99708,216,99921,216,99694,216,99924,100,99678,100,99951,100,99628,100,100000,100,99554,100,100001,100,99447,100,100002,100,99396,100,100012,100,99367,100
2019-06-28 09:39:20.000000000,99872,258,99789,258,99874,253,99716,253,99887,253,99708,253,99921,100,99694,100,99924,100,99678,100,99951,100,99628,100,100000,100,99554,100,100001,100,99447,100,100002,100,99396,100,100012,100,99367,100
2019-06-28 09:39:30.000000000,99872,258,99789,258,99874,253,99716,253,99887,253,99708,253,99921,100,99694,100,99924,100,99678,100,99951,100,99628,100,100000,100,99554,100,100001,100,99447,100,100002,100,99396,100,100012,100,99367,100
2019-06-28 09:39:34.775144478,99872,358,99789,258,99874,253,99716,253,99887,253,99708,253,99921,100,99694,100,99924,100,99678,100,99951,100,99628,100,100000,100,99554,100,100001,100,99447,100,100002,100,99396,100,100012,100,99367,100
2019-06-28 09:39:35.354339807,99872,358,99789,258,99874,253,99716,153,99887,253,99708,253,99921,100,99694,100,99924,100,99678,100,99951,100,99628,100,100000,100,99598,100,100001,100,99554,100,100002,100,99447,100,100012,100,99396,100
2019-06-28 09:39:40.000000000,99872,664,99789,564,99874,100,99708,100,99887,100,99694,100,99921,100,99678,100,99924,100,99628,100,99951,100,99598,100,100000,100,99554,100,100001,100,99447,100,100002,100,99396,100,100012,100,99367,100
2019-06-28 09:39:50.000000000,99872,293,99789,193,99874,193,99708,193,99887,193,99694,193,99921,193,99678,193,99924,193,99628,193,99951,100,99598,100,100000,100,99554,100,100001,100,99447,100,100002,100,99396,100,100012,100,99367,100
2019-06-28 09:40:00.000000000,99872,293,99789,193,99874,193,99708,193,99887,193,99694,193,99921,193,99678,193,99924,193,99628,193,99951,100,99598,100,100000,100,99554,100,100001,100,99447,100,100002,100,99396,100,100012,100,99367,100
2019-06-28 09:40:10.000000000,99872,358,99789,258,99874,253,99708,253,99887,253,99694,253,99921,100,99678,100,99924,100,99628,100,99951,100,99598,100,100000,100,99554,100,100001,100,99447,100,100002,100,99396,100,100012,100,99367,100
2019-06-28 09:40:15.391799953,99872,358,99789,258,99874,253,99708,253,99887,253,99694,253,99921,100,99678,100,99951,100,99628,100,100000,100,99598,100,100001,100,99554,100,100002,100,99447,100,100012,100,99396,100,100014,100,99367,100
2019-06-28 09:40:19.461526103,99872,458,99789,258,99874,253,99708,253,99887,253,99694,253,99921,100,99678,100,99951,100,99628,100,100000,100,99598,100,100001,100,99554,100,100002,100,99447,100,100012,100,99396,100,100014,100,99367,100
2019-06-28 09:40:20.000000000,99872,458,99789,258,99874,253,99708,253,99887,253,99694,253,99921,100,99678,100,99951,100,99628,100,100000,100,99598,100,100001,100,99554,100,100002,100,99447,100,100012,100,99396,100,100014,100,99367,100
2019-06-28 09:40:24.728989134,99872,458,99789,258,99874,253,99708,253,99887,253,99694,253,99921,100,99678,100,99951,100,99628,100,100000,100,99598,100,100001,100,99554,100,100002,100,99447,100,100012,100,99396,100,100014,100,99367,100
2019-06-28 09:40:30.000000000,99872,458,99789,258,99874,253,99708,253,99887,253,99694,253,99921,100,99678,100,99951,100,99628,100,100000,100,99598,100,100001,100,99554,100,100002,100,99447,100,100012,100,99396,100,100014,100,99367,100
2019-06-28 09:40:39.588777851,99872,358,99789,258,99874,253,99708,253,99887,253,99694,253,99921,100,99678,100,99951,100,99628,100,100000,100,99598,100,100001,100,99554,100,100002,100,99447,100,100012,100,99396,100,100014,100,99367,100
2019-06-28 09:40:40.000000000,99872,293,99789,193,99874,193,99708,193,99887,193,99694,193,99921,193,99678,193,99951,193,99628,193,100000,100,99598,100,100001,100,99554,100,100002,100,99447,100,100012,100,99396,100,100014,100,99367,100
2019-06-28 09:40:44.507969676,99872,293,99840,100,99874,93,99789,193,99887,193,99708,193,99921,193,99694,193,99951,193,99678,193,100000,100,99628,193,100001,100,99598,100,100002,100,99554,100,100012,100,99447,100,100014,100,99396,100
2019-06-28 09:40:50.000000000,99872,293,99840,193,99887,193,99789,193,99921,193,99708,193,99951,193,99694,193,100000,193,99678,193,100001,100,99628,100,100002,100,99598,100,100012,100,99554,100,100014,100,99447,100,100030,100,99396,100
2019-06-28 09:40:54.679523339,99872,293,99840,193,99887,193,99789,193,99921,193,99708,193,99951,193,99694,193,99970,100,99678,193,100000,193,99628,100,100001,100,99598,100,100002,100,99554,100,100012,100,99447,100,100014,100,99396,100
2019-06-28 09:40:54.815016708,99872,293,99840,93,99887,193,99789,193,99921,193,99708,193,99951,193,99694,193,99970,100,99678,193,100000,193,99628,100,100001,100,99598,100,100002,100,99554,100,100012,100,99447,100,100014,100,99396,100
2019-06-28 09:41:00.000000000,99872,664,99789,564,99887,100,99708,100,99921,100,99694,100,99951,100,99678,100,99970,100,99628,100,100000,100,99598,100,100001,100,99554,100,100002,100,99447,100,100012,100,99396,100,100014,100,99367,100
2019-06-28 09:41:08.071579759,99872,664,99789,564,99887,100,99744,100,99921,100,99694,100,99951,100,99678,100,99970,100,99628,100,100000,100,99598,100,100001,100,99554,100,100002,100,99447,100,100012,100,99396,100,100014,100,99367,100
2019-06-28 09:41:08.963141261,99872,664,99789,564,99887,100,99694,100,99921,100,99678,100,99951,100,99628,200,99970,100,99598,100,100000,100,99554,100,100001,100,99447,100,100002,100,99396,100,100012,100,99367,100,100014,100,98971,100
2019-06-28 09:41:10.000000000,99872,432,99789,332,99887,332,99694,332,99921,100,99678,100,99951,100,99628,200,99970,100,99598,100,100000,100,99554,100,100001,100,99447,100,100002,100,99396,100,100012,100,99367,100,100014,100,98971,100
2019-06-28 09:41:20.000000000,99872,358,99789,258,99887,253,99694,253,99921,253,99678,253,99951,100,99628,200,99970,100,99598,100,100000,100,99554,100,100001,100,99447,100,100002,100,99396,100,100012,100,99367,100,100014,100,98971,100
2019-06-28 09:41:30.000000000,99872,432,99789,332,99887,332,99694,332,99921,100,99678,100,99951,100,99628,200,99970,100,99598,100,100000,100,99554,100,100001,100,99447,100,100002,100,99396,100,100012,100,99367,100,100014,100,98971,100
2019-06-28 09:41:40.000000000,99872,316,99789,216,99887,216,99694,216,99921,216,99678,216,99951,216,99628,316,99970,100,99598,100,100000,100,99554,100,100001,100,99447,100,100002,100,99396,100,100012,100,99367,100,100014,100,98971,100
2019-06-28 09:41:43.350182838,99872,316,99789,216,99887,216,99694,216,99921,216,99678,216,99951,216,99628,316,99970,100,99598,100,100000,100,99554,100,100001,100,99447,100,100012,100,99396,100,100014,100,99367,100,100030,100,98971,100
2019-06-28 09:41:50.000000000,99872,358,99789,258,99887,253,99694,253,99921,253,99678,253,99951,100,99628,200,99970,100,99598,100,100000,100,99554,100,100001,100,99447,100,100012,100,99396,100,100014,100,99367,100,100030,100,98971,100
2019-06-28 09:41:50.278140268,99872,258,99841,100,99887,253,99789,258,99921,253,99694,253,99951,100,99678,253,99970,100,99628,200,100000,100,99598,100,100001,100,99554,100,100012,100,99447,100,100014,100,99396,100,100030,100,99367,100
2019-06-28 09:42:00.000000000,99872,193,99841,193,99887,193,99789,193,99921,193,99694,193,99951,193,99678,193,99970,193,99628,293,100000,100,99598,100,100001,100,99554,100,100012,100,99447,100,100014,100,99396,100,100030,100,99367,100
2019-06-28 09:42:10.000000000,99872,258,99841,258,99887,253,99789,253,99921,253,99694,253,99951,100,99678,100,99970,100,99628,200,100000,100,99598,100,100001,100,99554,100,100012,100,99447,100,100014,100,99396,100,100030,100,99367,100
2019-06-28 09:42:18.181689243,99872,258,99841,358,99887,253,99789,253,99921,253,99694,253,99951,100,99678,100,99970,100,99628,200,100000,100,99598,100,100001,100,99554,100,100012,100,99447,100,100014,100,99396,100,100030,100,99367,100
2019-06-28 09:42:20.000000000,99872,193,99841,293,99887,193,99789,193,99921,193,99694,193,99951,193,99678,193,99970,193,99628,293,100000,100,99598,100,100001,100,99554,100,100012,100,99447,100,100014,100,99396,100,100030,100,99367,100
2019-06-28 09:42:30.000000000,99872,258,99841,358,99887,253,99789,253,99921,253,99694,253,99951,100,99678,100,99970,100,99628,200,100000,100,99598,100,100001,100,99554,100,100012,100,99447,100,100014,100,99396,100,100030,100,99367,100
2019-06-28 09:42:40.000000000,99872,193,99841,293,99887,193,99789,193,99921,193,99694,193,99951,193,99678,193,99970,193,99628,293,100000,100,99598,100,100001,100,99554,100,100012,100,99447,100,100014,100,99396,100,100030,100,99367,100
2019-06-28 09:42:50.000000000,99872,258,99841,358,99887,253,99789,253,99921,253,99694,253,99951,100,99678,100,99970,100,99628,200,100000,100,99598,100,100001,100,99554,100,100012,100,99447,100,100014,100,99396,100,100030,100,99367,100
2019-06-28 09:42:54.270024910,99872,258,99841,358,99887,253,99789,253,99921,253,99694,253,99951,100,99688,100,99970,100,99678,100,100000,100,99628,200,100001,100,99598,100,100012,100,99554,100,100014,100,99447,100,100030,100,99396,100
2019-06-28 09:43:00.000000000,99872,216,99841,316,99887,216,99789,216,99921,216,99694,216,99951,216,99688,216,99970,100,99678,100,100000,100,99628,200,100001,100,99598,100,100012,100,99554,100,100014,100,99447,100,100030,100,99396,100
2019-06-28 09:43:10.000000000,99872,564,99841,664,99887,100,99789,100,99921,100,99694,100,99951,100,99688,100,99970,100,99678,100,100000,100,99628,200,100001,100,99598,100,100012,100,99554,100,100014,100,99447,100,100030,100,99396,100
2019-06-28 09:43:13.839229655,99871,100,99841,664,99872,564,99789,100,99887,100,99694,100,99921,100,99688,100,99951,100,99678,100,99970,100,99628,200,100000,100,99598,100,100012,100,99554,100,100014,100,99447,100,100030,100,99396,100
2019-06-28 09:43:20.000000000,99871,332,99841,432,99872,332,99789,332,99887,100,99694,100,99921,100,99688,100,99951,100,99678,100,99970,100,99628,200,100000,100,99598,100,100012,100,99554,100,100014,100,99447,100,100030,100,99396,100
2019-06-28 09:43:30.000000000,99871,258,99841,358,99872,253,99789,253,99887,253,99694,253,99921,100,99688,100,99951,100,99678,100,99970,100,99628,200,100000,100,99598,100,100012,100,99554,100,100014,100,99447,100,100030,100,99396,100
2019-06-28 09:43:39.927095985,99871,258,99841,258,99872,253,99789,253,99887,253,99694,253,99921,100,99688,100,99951,100,99678,100,99970,100,99628,200,100000,100,99598,100,100012,100,99554,100,100014,100,99447,100,100030,100,99396,100
2019-06-28 09:43:40.000000000,99871,216,99841,216,99872,216,99789,216,99887,216,99694,216,99921,216,99688,216,99951,100,99678,100,99970,100,99628,200,100000,100,99598,100,100012,100,99554,100,100014,100,99447,100,100030,100,99396,100
2019-06-28 09:43:50.000000000,99871,258,99841,258,99872,253,99789,253,99887,253,99694,253,99921,100,99688,100,99951,100,99678,100,99970,100,99628,200,100000,100,99598,100,100012,100,99554,100,100014,100,99447,100,100030,100,99396,100
2019-06-28 09:43:52.181567422,99871,258,99841,258,99872,253,99789,253,99887,253,99694,253,99921,100,99688,100,99951,100,99678,100,99970,100,99628,200,100000,100,99598,100,100012,100,99554,100,100014,100,99447,100,100030,100,99396,100
2019-06-28 09:43:57.712551637,99871,258,99841,158,99872,253,99789,253,99887,253,99694,253,99921,100,99688,100,99951,100,99628,200,99970,100,99598,100,100000,100,99554,100,100012,100,99447,100,100014,100,99396,100,100030,100,99392,100
2019-06-28 09:44:00.000000000,99871,332,99789,332,99872,332,99694,332,99887,100,99688,100,99921,100,99628,200,99951,100,99598,100,99970,100,99554,100,100000,100,99447,100,100012,100,99396,100,100014,100,99392,100,100030,100,99367,100
2019-06-28 09:44:10.000000000,99871,216,99789,216,99872,216,99694,216,99887,216,99688,216,99921,216,99628,316,99951,100,99598,100,99970,100,99554,100,100000,100,99447,100,100012,100,99396,100,100014,100,99392,100,100030,100,99367,100
2019-06-28 09:44:20.000000000,99871,193,99789,193,99872,193,99694,193,99887,193,99688,193,99921,193,99628,293,99951,193,99598,193,99970,100,99554,100,100000,100,99447,100,100012,100,99396,100,100014,100,99392,100,100030,100,99367,100
2019-06-28 09:44:21.102307663,99871,193,99789,93,99872,193,99694,193,99887,193,99688,193,99921,193,99628,193,99951,193,99598,193,99970,100,99554,100,100000,100,99447,100,100012,100,99396,100,100014,100,99392,100,100030,100,99367,100
2019-06-28 09:44:30.000000000,99871,564,99694,564,99872,100,99688,100,99887,100,99628,100,99921,100,99598,100,99951,100,99554,100,99970,100,99447,100,100000,100,99396,100,100012,100,99392,100,100014,100,99367,100,100030,100,98971,100
2019-06-28 09:44:39.579718987,99841,100,99694,564,99871,564,99688,100,99872,100,99628,100,99887,100,99598,100,99921,100,99554,100,99951,100,99447,100,99970,100,99396,100,100000,100,99392,100,100012,100,99367,100,100014,100,98971,100
2019-06-28 09:44:40.000000000,99841,258,99694,258,99871,253,99688,253,99872,253,99628,253,99887,100,99598,100,99921,100,99554,100,99951,100,99447,100,99970,100,99396,100,100000,100,99392,100,100012,100,99367,100,100014,100,98971,100
2019-06-28 09:44:41.280958030,99841,258,99694,158,99871,253,99688,253,99872,253,99628,253,99887,100,99598,100,99921,100,99554,100,99951,100,99447,100,99970,100,99396,100,100000,100,99392,100,100012,100,99367,100,100014,100,99066,100
2019-06-28 09:44:50.000000000,99841,332,99688,332,99871,332,99628,332,99872,100,99598,100,99887,100,99554,100,99921,100,99447,100,99951,100,99396,100,99970,100,99392,100,100000,100,99367,100,100012,100,99066,100,100014,100,98971,100
2019-06-28 09:45:00.000000000,99841,193,99688,193,99871,193,99628,193,99872,193,99598,193,99887,193,99554,193,99921,193,99447,193,99951,100,99396,100,99970,100,99392,100,100000,100,99367,100,100012,100,99066,100,100014,100,98971,100
2019-06-28 09:45:10.000000000,99841,258,99688,258,99871,253,99628,253,99872,253,99598,253,99887,100,99554,100,99921,100,99447,100,99951,100,99396,100,99970,100,99392,100,100000,100,99367,100,100012,100,99066,100,100014,100,98971,100
2019-06-28 09:45:20.000000000,99841,258,99688,258,99871,253,99628,253,99872,253,99598,253,99887,100,99554,100,99921,100,99447,100,99951,100,99396,100,99970,100,99392,100,100000,100,99367,100,100012,100,99066,100,100014,100,98971,100
2019-06-28 09:45:30.000000000,99841,216,99688,216,99871,216,99628,216,99872,216,99598,216,99887,216,99554,216,99921,100,99447,100,99951,100,99396,100,99970,100,99392,100,100000,100,99367,100,100012,100,99066,100,100014,100,98971,100
2019-06-28 09:45:36.573571242,99841,216,99688,116,99871,216,99628,216,99872,216,99598,216,99887,216,99554,216,99921,100,99447,100,99951,100,99396,100,99970,100,99392,100,100000,100,99367,100,100012,100,98971,100,100014,100,,
2019-06-28 09:45:39.121623646,99841,216,99688,16,99871,216,99628,216,99872,216,99598,216,99887,216,99554,216,99921,100,99447,100,99951,100,99396,100,99970,100,99392,100,100000,100,99367,100,100012,100,98971,100,100014,100,,
2019-06-28 09:45:40.000000000,99841,193,99628,193,99871,193,99598,193,99872,193,99554,193,99887,193,99447,193,99921,193,99396,193,99951,100,99392,100,99970,100,99367,100,100000,100,98971,100,100012,100,,,100014,100,,
2019-06-28 09:45:50.000000000,99841,216,99628,216,99871,216,99598,216,99872,216,99554,216,99887,216,99447,216,99921,100,99396,100,99951,100,99392,100,99970,100,99367,100,100000,100,98971,100,100012,100,,,100014,100,,
2019-06-28 09:45:59.017994073,99841,216,99628,216,99871,216,99598,216,99872,216,99554,216,99887,216,99447,216,99921,100,99396,100,99951,100,99392,100,99970,100,99367,100,100000,100,98971,100,100012,100,98770,100,100014,100,,
2019-06-28 09:46:00.000000000,99841,193,99628,193,99871,193,99598,193,99872,193,99554,193,99887,193,99447,193,99921,193,99396,193,99951,100,99392,100,99970,100,99367,100,100000,100,98971,100,100012,100,98770,100,100014,100,,
2019-06-28 09:46:02.160172299,99841,193,99628,193,99871,193,99598,193,99872,193,99554,193,99887,193,99447,193,99921,193,99396,193,99951,100,99392,100,99970,100,99367,100,100000,100,98971,100,100012,100,98770,100,100014,100,98689,100
2019-06-28 09:46:10.000000000,99841,193,99628,193,99871,193,99598,193,99872,193,99554,193,99887,193,99447,193,99921,193,99396,193,99951,100,99392,100,99970,100,99367,100,100000,100,98971,100,100012,100,98770,100,100014,100,98689,100
2019-06-28 09:46:20.000000000,99841,258,99628,258,99871,253,99598,253,99872,253,99554,253,99887,100,99447,100,99921,100,99396,100,99951,100,99392,100,99970,100,99367,100,100000,100,98971,100,100012,100,98770,100,100014,100,98689,100
2019-06-28 09:46:22.194127924,99841,258,99628,158,99871,253,99598,253,99872,253,99554,253,99887,100,99447,100,99921,100,99396,100,99951,100,99392,100,99970,100,99367,100,100000,100,98971,100,100012,100,98770,100,100014,100,98689,100
2019-06-28 09:46:30.000000000,99841,258,99598,258,99871,253,99554,253,99872,253,99447,253,99887,100,99396,100,99921,100,99392,100,99951,100,99367,100,99970,100,98971,100,100000,100,98770,100,100012,100,98689,100,100014,100,,
2019-06-28 09:46:31.777755168,99841,258,99598,158,99871,253,99554,253,99872,253,99447,253,99887,100,99396,100,99921,100,99392,100,99951,100,99367,100,99970,100,98971,100,100000,100,98770,100,100012,100,98689,100,100014,100,,
2019-06-28 09:46:40.000000000,99841,332,99554,332,99871,332,99447,332,99872,100,99396,100,99887,100,99392,100,99921,100,99367,100,99951,100,98971,100,99970,100,98770,100,100000,100,98689,100,100012,100,,,100014,100,,
2019-06-28 09:46:50.000000000,99841,193,99554,193,99871,193,99447,193,99872,193,99396,193,99887,193,99392,193,99921,193,99367,193,99951,100,98971,100,99970,100,98770,100,100000,100,98689,100,100012,100,,,100014,100,,
2019-06-28 09:47:00.000000000,99841,332,99554,332,99871,332,99447,332,99872,100,99396,100,99887,100,99392,100,99921,100,99367,100,99951,100,98971,100,99970,100,98770,100,100000,100,98689,100,100012,100,,,100014,100,,
2019-06-28 09:47:10.000000000,99841,193,99554,193,99871,193,99447,193,99872,193,99396,193,99887,193,99392,193,99921,193,99367,193,99951,100,98971,100,99970,100,98770,100,100000,100,98689,100,100012,100,,,100014,100,,
2019-06-28 09:47:11.962934889,99628,100,99554,193,99841,193,99447,193,99871,193,99396,193,99872,193,99392,193,99887,193,99367,193,99921,193,98971,100,99951,100,98770,100,99970,100,98689,100,100000,100,,,100012,100,,
2019-06-28 09:47:20.000000000,99628,332,99554,332,99841,332,99447,332,99871,100,99396,100,99872,100,99392,100,99887,100,99367,100,99921,100,98971,100,99951,100,98770,100,99970,100,98689,100,100000,100,,,100012,100,,
2019-06-28 09:47:24.768089693,99628,332,99554,232,99841,332,99447,332,99871,100,99396,100,99872,100,99392,100,99887,100,99367,100,99921,100,98971,100,99951,100,98770,100,99970,100,98689,100,100000,100,,,100014,100,,
2019-06-28 09:47:30.000000000,99628,332,99447,332,99841,332,99396,332,99871,100,99392,100,99872,100,99367,100,99887,100,98971,100,99921,100,98770,100,99951,100,98689,100,99970,100,,,100000,100,,,100014,100,,
2019-06-28 09:47:40.000000000,99628,332,99447,332,99841,332,99396,332,99871,100,99392,100,99872,100,99367,100,99887,100,98971,100,99921,100,98770,100,99951,100,98689,100,99970,100,,,100000,100,,,100014,100,,
2019-06-28 09:47:48.866590482,99628,332,99447,332,99841,332,99396,332,99871,100,99392,100,99872,100,99367,100,99887,100,99261,100,99921,100,98971,100,99951,100,98770,100,99970,100,98689,100,100000,100,,,100014,100,,
2019-06-28 09:47:50.000000000,99628,564,99447,564,99841,100,99396,100,99871,100,99392,100,99872,100,99367,100,99887,100,99261,100,99921,100,98971,100,99951,100,98770,100,99970,100,98689,100,100000,100,,,100014,100,,
2019-06-28 09:47:50.202752245,99628,564,99447,564,99841,100,99396,100,99871,100,99392,100,99872,100,99367,100,99887,100,99279,100,99921,100,99261,100,99951,100,98971,100,99970,100,98770,100,100000,100,98689,100,100014,100,,
2019-06-28 09:48:00.000000000,99628,216,99447,216,99841,216,99396,216,99871,216,99392,216,99872,216,99367,216,99887,100,99279,100,99921,100,99261,100,99951,100,98971,100,99970,100,98770,100,100000,100,98689,100,100014,100,,
2019-06-28 09:48:05.370349797,99628,216,99447,216,99841,216,99396,216,99871,216,99392,216,99872,216,99367,216,99887,100,99279,100,99921,100,99261,100,99951,100,99146,100,99970,100,98971,100,100000,100,98770,100,100014,100,98689,100
2019-06-28 09:48:09.330923319,99598,100,99447,216,99628,216,99396,216,99841,216,99392,216,99871,216,99367,216,99872,216,99279,100,99887,100,99261,100,99921,100,99146,100,99951,100,98971,100,99970,100,98770,100,100000,100,98689,100
2019-06-28 09:48:10.000000000,99598,216,99447,216,99628,216,99396,216,99841,216,99392,216,99871,216,99367,216,99872,100,99279,100,99887,100,99261,100,99921,100,99146,100,99951,100,98971,100,99970,100,98770,100,100000,100,98689,100
2019-06-28 09:48:20.000000000,99598,564,99447,564,99628,100,99396,100,99841,100,99392,100,99871,100,99367,100,99872,100,99279,100,99887,100,99261,100,99921,100,99146,100,99951,100,98971,100,99970,100,98770,100,100000,100,98689,100
2019-06-28 09:48:26.464552797,99598,564,99468,100,99628,100,99447,564,99841,100,99396,100,99871,100,99392,100,99872,100,99367,100,99887,100,99279,100,99921,100,99261,100,99951,100,99146,100,99970,100,98971,100,100000,100,98770,100
2019-06-28 09:48:30.000000000,99598,258,99468,258,99628,253,99447,253,99841,253,99396,253,99871,100,99392,100,99872,100,99367,100,99887,100,99279,100,99921,100,99261,100,99951,100,99146,100,99970,100,98971,100,100000,100,98770,100
2019-06-28 09:48:40.000000000,99598,216,99468,216,99628,216,99447,216,99841,216,99396,216,99871,216,99392,216,99872,100,99367,100,99887,100,99279,100,99921,100,99261,100,99951,100,99146,100,99970,100,98971,100,100000,100,98770,100
2019-06-28 09:48:50.000000000,99598,216,99468,216,99628,216,99447,216,99841,216,99396,216,99871,216,99392,216,99872,100,99367,100,99887,100,99279,100,99921,100,99261,100,99951,100,99146,100,99970,100,98971,100,100000,100,98770,100
2019-06-28 09:49:00.000000000,99598,332,99468,332,99628,332,99447,332,99841,100,99396,100,99871,100,99392,100,99872,100,99367,100,99887,100,99279,100,99921,100,99261,100,99951,100,99146,100,99970,100,98971,100,100000,100,98770,100
2019-06-28 09:49:10.000000000,99598,216,99468,216,99628,216,99447,216,99841,216,99396,216,99871,216,99392,216,99872,100,99367,100,99887,100,99279,100,99921,100,99261,100,99951,100,99146,100,99970,100,98971,100,100000,100,98770,100
2019-06-28 09:49:20.000000000,99598,332,99468,332,99628,332,99447,332,99841,100,99396,100,99871,100,99392,100,99872,100,99367,100,99887,100,99279,100,99921,100,99261,100,99951,100,99146,100,99970,100,98971,100,100000,100,98770,100
2019-06-28 09:49:30.000000000,99598,564,99468,564,99628,100,99447,100,99841,100,99396,100,99871,100,99392,100,99872,100,99367,100,99887,100,99279,100,99921,100,99261,100,99951,100,99146,100,99970,100,98971,100,100000,100,98770,100
2019-06-28 09:49:37.610094453,99598,464,99468,564,99628,100,99447,100,99841,100,99396,100,99871,100,99392,100,99872,100,99367,100,99887,100,99279,100,99921,100,99261,100,99951,100,99146,100,99970,100,98971,100,100000,100,98770,100
2019-06-28 09:49:39.165218017,99598,364,99468,564,99628,100,99447,100,99841,100,99396,100,99871,100,99392,100,99872,100,99367,100,99887,100,99279,100,99921,100,99261,100,99951,100,99146,100,99970,100,98971,100,100000,100,98770,100
2019-06-28 09:49:40.000000000,99628,564,99468,564,99841,100,99447,100,99871,100,99396,100,99872,100,99392,100,99887,100,99367,100,99921,100,99279,100,99951,100,99261,100,99970,100,99146,100,100000,100,98971,100,100030,100,98770,100
2019-06-28 09:49:50.000000000,99628,193,99468,193,99841,193,99447,193,99871,193,99396,193,99872,193,99392,193,99887,193,99367,193,99921,100,99279,100,99951,100,99261,100,99970,100,99146,100,100000,100,98971,100,100030,100,98770,100
2019-06-28 09:50:00.000000000,99628,193,99468,193,99841,193,99447,193,99871,193,99396,193,99872,193,99392,193,99887,193,99367,193,99921,100,99279,100,99951,100,99261,100,99970,100,99146,100,100000,100,98971,100,100030,100,98770,100
2019-06-28 09:50:10.000000000,99628,193,99468,193,99841,193,99447,193,99871,193,99396,193,99872,193,99392,193,99887,193,99367,193,99921,100,99279,100,99951,100,99261,100,99970,100,99146,100,100000,100,98971,100,100030,100,98770,100
2019-06-28 09:50:16.825380354,99628,93,99468,193,99841,193,99447,193,99871,193,99396,193,99872,193,99392,193,99887,193,99367,193,99921,100,99279,100,99951,100,99261,100,99970,100,99146,100,100000,100,98971,100,100030,100,98770,100
2019-06-28 09:50:20.000000000,99841,258,99468,258,99871,253,99447,253,99872,253,99396,253,99887,100,99392,100,99921,100,99367,100,99951,100,99279,100,99970,100,99261,100,100000,100,99146,100,100030,100,98971,100,100032,100,98770,100
2019-06-28 09:50:30.000000000,99841,564,99468,564,99871,100,99447,100,99872,100,99396,100,99887,100,99392,100,99921,100,99367,100,99951,100,99279,100,99970,100,99261,100,100000,100,99146,100,100030,100,98971,100,100032,100,98770,100
2019-06-28 09:50:34.919642532,99841,464,99468,464,99871,100,99447,100,99872,100,99396,100,99887,100,99392,100,99921,100,99367,100,99951,100,99279,100,99970,100,99261,100,100000,100,99146,100,100030,100,98971,100,100032,100,98770,100
2019-06-28 09:50:40.000000000,99871,332,99447,332,99872,332,99396,332,99887,100,99392,100,99921,100,99367,100,99951,100,99279,100,99970,100,99261,100,100000,100,99146,100,100030,100,98971,100,100032,100,98770,100,100044,100,98689,100
2019-06-28 09:50:40.092512126,99871,232,99447,332,99872,332,99396,332,99887,100,99392,100,99921,100,99367,100,99951,100,99279,100,99970,100,99261,100,100000,100,99146,100,100030,100,98971,100,100032,100,98770,100,100044,100,98689,100
2019-06-28 09:50:45.090062820,99871,132,99447,232,99872,332,99396,332,99887,100,99392,100,99921,100,99367,100,99951,100,99279,100,99970,100,99261,100,100000,100,99146,100,100030,100,98971,100,100032,100,98770,100,100044,100,98689,100
2019-06-28 09:50:50.000000000,99872,193,99396,193,99887,193,99392,193,99921,193,99367,193,99951,193,99279,193,99970,193,99261,193,100000,100,99146,100,100030,100,98971,100,100032,100,98770,100,100044,100,98689,100,100113,100,,
2019-06-28 09:51:00.000000000,99872,332,99396,332,99887,332,99392,332,99921,100,99367,100,99951,100,99279,100,99970,100,99261,100,100000,100,99146,100,100030,100,98971,100,100032,100,98770,100,100044,100,98689,100,100113,100,,
2019-06-28 09:51:10.000000000,99872,216,99396,216,99887,216,99392,216,99921,216,99367,216,99951,216,99279,216,99970,100,99261,100,100000,100,99146,100,100030,100,98971,100,100032,100,98770,100,100044,100,98689,100,100113,100,,
2019-06-28 09:51:15.932253520,99872,116,99396,216,99887,216,99392,216,99921,216,99367,216,99951,216,99279,216,99970,100,99261,100,100000,100,99146,100,100030,100,98971,100,100032,100,98770,100,100044,100,98689,100,100113,100,,
2019-06-28 09:51:20.000000000,99887,258,99396,258,99921,253,99392,253,99951,253,99367,253,99970,100,99279,100,100000,100,99261,100,100030,100,99146,100,100032,100,98971,100,100044,100,98770,100,100113,100,98689,100,100146,100,,
2019-06-28 09:51:30.000000000,99887,564,99396,564,99921,100,99392,100,99951,100,99367,100,99970,100,99279,100,100000,100,99261,100,100030,100,99146,100,100032,100,98971,100,100044,100,98770,100,100113,100,98689,100,100146,100,,
2019-06-28 09:51:30.948947686,99887,464,99396,564,99921,100,99392,100,99951,100,99367,100,99970,100,99279,100,100000,100,99261,100,100030,100,99146,100,100032,100,98971,100,100044,100,98770,100,100113,100,98689,100,100146,100,,
2019-06-28 09:51:40.000000000,99921,193,99396,193,99951,193,99392,193,99970,193,99367,193,100000,193,99279,193,100030,193,99261,193,100032,100,99146,100,100044,100,98971,100,100113,100,98770,100,100146,100,98689,100,,,,
2019-06-28 09:51:50.000000000,99921,332,99396,332,99951,332,99392,332,99970,100,99367,100,100000,100,99279,100,100030,100,99261,100,100032,100,99146,100,100044,100,98971,100,100113,100,98770,100,100146,100,98689,100,,,,
2019-06-28 09:52:00.000000000,99921,216,99396,216,99951,216,99392,216,99970,216,99367,216,100000,216,99279,216,100030,100,99261,100,100032,100,99146,100,100044,100,98971,100,100113,100,98770,100,100146,100,98689,100,,,,
2019-06-28 09:52:00.876772617,99921,216,99872,100,99951,216,99396,216,99970,216,99392,216,100000,216,99367,216,100030,100,99279,216,100032,100,99261,100,100044,100,99146,100,100113,100,98971,100,100146,100,98770,100,,,98689,100
2019-06-28 09:52:07.995888571,99921,116,99872,100,99951,216,99396,216,99970,216,99392,216,100000,216,99367,216,100030,100,99279,216,100032,100,99261,100,100044,100,99146,100,100113,100,98971,100,100146,100,98770,100,,,98689,100
2019-06-28 09:52:10.000000000,99951,332,99872,332,99970,332,99396,332,100000,100,99392,100,100030,100,99367,100,100032,100,99279,100,100044,100,99261,100,100113,100,99146,100,100146,100,98971,100,,,98770,100,,,98689,100
2019-06-28 09:52:20.000000000,99951,332,99872,332,99970,332,99396,332,100000,100,99392,100,100030,100,99367,100,100032,100,99279,100,100044,100,99261,100,100113,100,99146,100,100146,100,98971,100,,,98770,100,,,98689,100
2019-06-28 09:52:30.000000000,99951,258,99872,258,99970,253,99396,253,100000,253,99392,253,100030,100,99367,100,100032,100,99279,100,100044,100,99261,100,100113,100,99146,100,100146,100,98971,100,,,98770,100,,,98689,100
2019-06-28 09:52:36.793113268,99951,258,99872,258,99970,253,99396,253,100000,253,99392,253,100030,100,99367,100,100032,100,99279,100,100044,100,99261,100,100113,100,99146,100,100146,100,98971,100,101178,100,98770,100,,,98689,100
2019-06-28 09:52:39.582522441,99951,158,99872,258,99970,253,99396,253,100000,253,99392,253,100030,100,99367,100,100032,100,99279,100,100044,100,99261,100,100113,100,99146,100,100146,100,98971,100,101178,100,98770,100,,,98689,100
2019-06-28 09:52:40.000000000,99970,332,99872,332,100000,332,99396,332,100030,100,99392,100,100032,100,99367,100,100044,100,99279,100,100113,100,99261,100,100146,100,99146,100,101178,100,98971,100,,,98770,100,,,98689,100
2019-06-28 09:52:45.686719575,99970,232,99872,332,100000,332,99396,332,100030,100,99392,100,100032,100,99367,100,100044,100,99279,100,100113,100,99261,100,100146,100,99146,100,101178,100,98971,100,,,98770,100,,,98689,100
2019-06-28 09:52:50.000000000,100000,564,99872,564,100030,100,99396,100,100032,100,99392,100,100044,100,99367,100,100113,100,99279,100,100146,100,99261,100,101178,100,99146,100,,,98971,100,,,98770,100,,,98689,100
2019-06-28 09:53:00.000000000,100000,332,99872,332,100030,332,99396,332,100032,100,99392,100,100044,100,99367,100,100113,100,99279,100,100146,100,99261,100,101178,100,99146,100,,,98971,100,,,98770,100,,,98689,100
2019-06-28 09:53:10.000000000,100000,216,99872,216,100030,216,99396,216,100032,216,99392,216,100044,216,99367,216,100113,100,99279,100,100146,100,99261,100,101178,100,99146,100,,,98971,100,,,98770,100,,,98689,100
2019-06-28 09:53:20.000000000,100000,193,99872,193,100030,193,99396,193,100032,193,99392,193,100044,193,99367,193,100113,193,99279,193,100146,100,99261,100,101178,100,99146,100,,,98971,100,,,98770,100,,,98689,100
2019-06-28 09:53:30.000000000,100000,216,99872,216,100030,216,99396,216,100032,216,99392,216,100044,216,99367,216,100113,100,99279,100,100146,100,99261,100,101178,100,99146,100,,,98971,100,,,98770,100,,,98689,100
2019-06-28 09:53:39.729320761,100000,116,99872,216,100030,216,99396,216,100032,216,99392,216,100044,216,99367,216,100113,100,99279,100,100146,100,99261,100,101178,100,99146,100,,,98971,100,,,98770,100,,,98689,100
2019-06-28 09:53:40.000000000,100030,564,99872,564,100032,100,99396,100,100044,100,99392,100,100113,100,99367,100,100146,100,99279,100,101178,100,99261,100,,,99146,100,,,98971,100,,,98770,100,,,98689,100
2019-06-28 09:53:46.081486610,100030,464,99872,564,100032,100,99396,100,100044,100,99392,100,100113,100,99367,100,100146,100,99279,100,101178,100,99261,100,,,99146,100,,,98971,100,,,98770,100,,,98689,100
2019-06-28 09:53:50.000000000,100032,193,99872,193,100044,193,99396,193,100113,193,99392,193,100146,193,99367,193,101178,193,99279,193,,,99261,100,,,99146,100,,,98971,100,,,98770,100,,,98689,100
2019-06-28 09:53:57.501071963,100032,93,99872,193,100044,193,99396,193,100113,193,99392,193,100146,193,99367,193,101178,193,99279,193,,,99261,100,,,99146,100,,,98971,100,,,98770,100,,,98689,100
2019-06-28 09:53:58.316640199,100044,193,100032,7,100113,193,99872,193,100146,193,99396,193,101178,193,99392,193,,,99367,193,,,99279,193,,,99261,100,,,99146,100,,,98971,100,,,98770,100
2019-06-28 09:54:00.000000000,100044,216,100032,123,100113,216,99872,216,100146,216,99396,216,101178,216,99392,216,,,99367,100,,,99279,100,,,99261,100,,,99146,100,,,98971,100,,,98770,100
2019-06-28 09:54:08.793764689,100044,216,100032,223,100113,216,99872,216,100146,216,99396,216,101178,216,99392,216,,,99367,100,,,99279,100,,,99261,100,,,99146,100,,,98971,100,,,98770,100
2019-06-28 09:54:10.000000000,100044,258,100032,265,100113,253,99872,253,100146,253,99396,253,101178,100,99392,100,,,99367,100,,,99279,100,,,99261,100,,,99146,100,,,98971,100,,,98770,100
2019-06-28 09:54:20.000000000,100044,332,100032,339,100113,332,99872,332,100146,100,99396,100,101178,100,99392,100,,,99367,100,,,99279,100,,,99261,100,,,99146,100,,,98971,100,,,98770,100
2019-06-28 09:54:30.000000000,100044,216,100032,223,100113,216,99872,216,100146,216,99396,216,101178,216,99392,216,,,99367,100,,,99279,100,,,99261,100,,,99146,100,,,98971,100,,,98770,100
2019-06-28 09:54:40.000000000,100044,564,100032,571,100113,100,99872,100,100146,100,99396,100,101178,100,99392,100,,,99367,100,,,99279,100,,,99261,100,,,99146,100,,,98971,100,,,98770,100
2019-06-28 09:54:40.472294820,100044,564,100032,571,100113,100,99872,100,100146,100,99396,100,101178,100,99392,100,101204,100,99367,100,,,99279,100,,,99261,100,,,99146,100,,,98971,100,,,98770,100
2019-06-28 09:54:45.119588075,100044,564,100032,671,100113,100,99872,100,100146,100,99396,100,101178,100,99392,100,101204,100,99367,100,,,99279,100,,,99261,100,,,99146,100,,,98971,100,,,98770,100
2019-06-28 09:54:50.000000000,100044,216,100032,323,100113,216,99872,216,100146,216,99396,216,101178,216,99392,216,101204,100,99367,100,,,99279,100,,,99261,100,,,99146,100,,,98971,100,,,98770,100
2019-06-28 09:54:58.863565677,100044,216,100032,323,100113,216,99872,216,100146,216,99396,216,100954,100,99392,116,101178,216,99367,100,101204,100,99279,100,,,99261,100,,,99146,100,,,98971,100,,,98770,100
2019-06-28 09:55:00.000000000,100044,332,100032,439,100113,332,99872,332,100146,100,99396,100,100954,100,99367,100,101178,100,99279,100,101204,100,99261,100,,,99146,100,,,98971,100,,,98770,100,,,98689,100
2019-06-28 09:55:00.497312775,100044,332,100032,439,100113,332,99872,332,100146,100,99396,100,100954,100,99367,100,101023,100,99279,100,101178,100,99261,100,101204,100,99146,100,,,98971,100,,,98770,100,,,98689,100
2019-06-28 09:55:10.000000000,100044,193,100032,300,100113,193,99872,193,100146,193,99396,193,100954,193,99367,193,101023,193,99279,193,101178,100,99261,100,101204,100,99146,100,,,98971,100,,,98770,100,,,98689,100
2019-06-28 09:55:10.340964063,100044,93,100032,300,100113,93,99872,193,100146,193,99396,193,100954,193,99367,193,101023,193,99279,193,101178,100,99261,100,101204,100,99146,100,,,98971,100,,,98770,100,,,98689,100
2019-06-28 09:55:14.612640097,100113,93,100044,7,100146,193,100032,300,100954,193,99872,193,101023,193,99396,193,101178,100,99367,193,101204,100,99279,193,,,99261,100,,,99146,100,,,98971,100,,,98770,100
2019-06-28 09:55:20.000000000,100146,193,100044,100,100954,193,100032,300,101023,193,99872,193,101178,193,99396,193,101204,193,99367,193,,,99279,100,,,99261,100,,,99146,100,,,98971,100,,,98770,100
2019-06-28 09:55:27.329318108,100146,193,100044,200,100954,193,100032,300,101023,193,99872,193,101178,193,99396,193,101204,193,99367,193,,,99279,100,,,99261,100,,,99146,100,,,98971,100,,,98770,100
2019-06-28 09:55:30.000000000,100146,564,100044,571,100954,100,100032,207,101023,100,99872,100,101178,100,99396,100,101204,100,99367,100,,,99279,100,,,99261,100,,,99146,100,,,98971,100,,,98770,100
2019-06-28 09:55:40.000000000,100146,216,100044,223,100954,216,100032,323,101023,216,99872,216,101178,216,99396,216,101204,100,99367,100,,,99279,100,,,99261,100,,,99146,100,,,98971,100,,,98770,100
2019-06-28 09:55:50.000000000,100146,564,100044,571,100954,100,100032,207,101023,100,99872,100,101178,100,99396,100,101204,100,99367,100,,,99279,100,,,99261,100,,,99146,100,,,98971,100,,,98770,100
2019-06-28 09:56:00.000000000,100146,258,100044,265,100954,253,100032,360,101023,253,99872,253,101178,100,99396,100,101204,100,99367,100,,,99279,100,,,99261,100,,,99146,100,,,98971,100,,,98770,100
2019-06-28 09:56:10.000000000,100146,564,100044,571,100954,100,100032,207,101023,100,99872,100,101178,100,99396,100,101204,100,99367,100,,,99279,100,,,99261,100,,,99146,100,,,98971,100,,,98770,100
2019-06-28 09:56:14.092222927,100146,564,100044,671,100954,100,100032,107,101023,100,99872,100,101178,100,99396,100,101204,100,99367,100,,,99279,100,,,99261,100,,,99146,100,,,98971,100,,,98770,100
2019-06-28 09:56:15.129732290,100146,464,100044,671,100954,100,100032,107,101023,100,99872,100,101178,100,99396,100,101204,100,99367,100,,,99279,100,,,99261,100,,,99146,100,,,98971,100,,,98770,100
2019-06-28 09:56:18.918030700,100146,464,100044,671,100456,100,100032,107,100954,100,99872,100,101023,100,99396,100,101178,100,99367,100,101204,100,99279,100,,,99261,100,,,99146,100,,,98971,100,,,98770,100
2019-06-28 09:56:20.000000000,100456,564,100044,671,100954,100,100032,107,101023,100,99872,100,101178,100,99396,100,101204,100,99367,100,,,99279,100,,,99261,100,,,99146,100,,,98971,100,,,98770,100
2019-06-28 09:56:30.000000000,100456,332,100044,439,100954,332,100032,339,101023,100,99872,100,101178,100,99396,100,101204,100,99367,100,,,99279,100,,,99261,100,,,99146,100,,,98971,100,,,98770,100
2019-06-28 09:56:33.988991341,100456,332,100375,100,100954,332,100044,439,101023,100,100032,339,101178,100,99872,100,101204,100,99396,100,,,99367,100,,,99279,100,,,99261,100,,,99146,100,,,98971,100
2019-06-28 09:56:40.000000000,100456,332,100375,332,100954,332,100044,439,101023,100,100032,107,101178,100,99872,100,101204,100,99396,100,,,99367,100,,,99279,100,,,99261,100,,,99146,100,,,98971,100
2019-06-28 09:56:40.188826580,100456,332,100381,100,100954,332,100375,332,101023,100,100044,439,101178,100,100032,107,101204,100,99872,100,,,99396,100,,,99367,100,,,99279,100,,,99261,100,,,99146,100
2019-06-28 09:56:43.125881818,100456,332,100381,100,100954,332,100375,332,101023,100,100045,100,101178,100,100044,439,101204,100,100032,107,,,99872,100,,,99396,100,,,99367,100,,,99279,100,,,99261,100
2019-06-28 09:56:50.000000000,100456,193,100381,193,100954,193,100375,193,101023,193,100045,193,101178,193,100044,300,101204,193,100032,200,,,99872,100,,,99396,100,,,99367,100,,,99279,100,,,99261,100
2019-06-28 09:57:00.000000000,100456,216,100381,216,100954,216,100375,216,101023,216,100045,216,101178,216,100044,323,101204,100,100032,107,,,99872,100,,,99396,100,,,99367,100,,,99279,100,,,99261,100
2019-06-28 09:57:10.000000000,100456,258,100381,258,100954,253,100375,253,101023,253,100045,253,101178,100,100044,207,101204,100,100032,107,,,99872,100,,,99396,100,,,99367,100,,,99279,100,,,99261,100
2019-06-28 09:57:14.988729555,100456,258,100381,258,100954,253,100375,253,101023,253,100045,353,101178,100,100044,207,101204,100,100032,107,,,99872,100,,,99396,100,,,99367,100,,,99279,100,,,99261,100
2019-06-28 09:57:20.000000000,100456,193,100381,193,100954,193,100375,193,101023,193,100045,293,101178,193,100044,300,101204,193,100032,200,,,99872,100,,,99396,100,,,99367,100,,,99279,100,,,99261,100
2019-06-28 09:57:30.000000000,100456,258,100381,258,100954,253,100375,253,101023,253,100045,353,101178,100,100044,207,101204,100,100032,107,,,99872,100,,,99396,100,,,99367,100,,,99279,100,,,99261,100
2019-06-28 09:57:40.000000000,100456,564,100381,564,100954,100,100375,100,101023,100,100045,200,101178,100,100044,207,101204,100,100032,107,,,99872,100,,,99396,100,,,99367,100,,,99279,100,,,99261,100
2019-06-28 09:57:46.041662876,100456,564,100381,564,100954,100,100375,100,101023,100,100045,300,101178,100,100044,107,101204,100,100032,107,,,99872,100,,,99396,100,,,99367,100,,,99279,100,,,99261,100
2019-06-28 09:57:50.000000000,100456,216,100381,216,100954,216,100375,216,101023,216,100045,416,101178,216,100044,223,101204,100,100032,107,,,99872,100,,,99396,100,,,99367,100,,,99279,100,,,99261,100
2019-06-28 09:58:00.000000000,100456,193,100381,193,100954,193,100375,193,101023,193,100045,393,101178,193,100044,200,101204,193,100032,200,,,99872,100,,,99396,100,,,99367,100,,,99279,100,,,99261,100
2019-06-28 09:58:00.649521589,100456,193,100381,193,100954,193,100375,193,101023,193,100045,393,101178,193,100044,200,101204,193,100032,200,,,99872,100,,,99854,100,,,99396,100,,,99367,100,,,99279,100
2019-06-28 09:58:07.166043554,100456,193,100381,193,100954,193,100375,193,101023,193,100077,100,101178,193,100045,393,101204,193,100044,200,,,100032,200,,,99872,100,,,99854,100,,,99396,100,,,99367,100
2019-06-28 09:58:10.000000000,100456,258,100381,258,100954,253,100375,253,101023,253,100077,253,101178,100,100045,300,101204,100,100044,107,,,100032,107,,,99872,100,,,99854,100,,,99396,100,,,99367,100
2019-06-28 09:58:14.749975339,100456,258,100381,158,100954,253,100375,253,101023,253,100077,253,101178,100,100045,300,101204,100,100044,107,,,100032,107,,,99872,100,,,99854,100,,,99396,100,,,99367,100
2019-06-28 09:58:20.000000000,100456,193,100375,193,100954,193,100077,193,101023,193,100045,393,101178,193,100044,200,101204,193,100032,200,,,99872,100,,,99854,100,,,99396,100,,,99367,100,,,99279,100
2019-06-28 09:58:24.648354064,100456,193,100375,193,100954,193,100077,193,101023,193,100045,393,101178,93,100044,200,101204,193,100032,200,,,99872,100,,,99854,100,,,99751,100,,,99396,100,,,99367,100
2019-06-28 09:58:29.181713509,100456,193,100375,93,100954,193,100077,193,101023,193,100045,393,101178,93,100044,200,101204,193,100032,200,,,99872,100,,,99854,100,,,99751,100,,,99396,100,,,99367,100
2019-06-28 09:58:30.000000000,100456,216,100077,216,100954,216,100045,416,101023,216,100044,223,101204,216,100032,223,,,99872,100,,,99854,100,,,99751,100,,,99396,100,,,99367,100,,,99279,100
2019-06-28 09:58:40.000000000,100456,258,100077,258,100954,253,100045,453,101023,253,100044,260,101204,100,100032,107,,,99872,100,,,99854,100,,,99751,100,,,99396,100,,,99367,100,,,99279,100
2019-06-28 09:58:50.000000000,100456,332,100077,332,100954,332,100045,532,101023,100,100044,107,101204,100,100032,107,,,99872,100,,,99854,100,,,99751,100,,,99396,100,,,99367,100,,,99279,100
2019-06-28 09:58:57.861670706,100456,332,100077,232,100954,332,100045,532,101023,100,100044,107,101204,100,100032,107,,,99872,100,,,99854,100,,,99751,100,,,99396,100,,,99367,100,,,99279,100
2019-06-28 09:59:00.000000000,100456,193,100045,393,100954,193,100044,200,101023,193,100032,200,101204,193,99872,193,101205,93,99854,193,,,99751,100,,,99396,100,,,99367,100,,,99279,100,,,99261,100
2019-06-28 09:59:04.922993119,100456,193,100045,393,100954,193,100044,200,101023,193,100032,200,101204,193,99872,193,101205,93,99854,193,,,99815,100,,,99751,100,,,99396,100,,,99367,100,,,99279,100
2019-06-28 09:59:10.000000000,100456,216,100045,416,100954,216,100044,223,101023,216,100032,223,101204,216,99872,216,,,99854,100,,,99815,100,,,99751,100,,,99396,100,,,99367,100,,,99279,100
2019-06-28 09:59:15.708242614,100456,216,100045,316,100954,216,100044,223,101023,216,100032,223,101204,216,99872,216,,,99854,100,,,99815,100,,,99751,100,,,99396,100,,,99367,100,,,99279,100
2019-06-28 09:59:20.000000000,100456,564,100045,664,100954,100,100044,107,101023,100,100032,107,101204,100,99872,100,,,99854,100,,,99815,100,,,99751,100,,,99396,100,,,99367,100,,,99279,100
2019-06-28 09:59:21.684226185,100456,564,100045,564,100954,100,100044,107,101023,100,100032,107,101204,100,99872,100,,,99854,100,,,99815,100,,,99751,100,,,99396,100,,,99367,100,,,99279,100
2019-06-28 09:59:23.192996848,100456,564,100045,564,100954,100,100044,107,101023,100,100032,107,101204,100,99872,100,,,99854,100,,,99815,100,,,99751,100,,,99633,100,,,99396,100,,,99367,100
2019-06-28 09:59:29.575709965,100456,564,100045,564,100954,100,100044,107,101023,100,100032,7,101204,100,99872,100,,,99854,100,,,99815,100,,,99751,100,,,99633,100,,,99396,100,,,99367,100
2019-06-28 09:59:30.000000000,100456,216,100045,216,100954,216,100044,223,101023,216,100032,123,101204,216,99872,216,,,99854,100,,,99815,100,,,99751,100,,,99633,100,,,99396,100,,,99367,100
2019-06-28 09:59:40.000000000,100456,193,100045,193,100954,193,100044,200,101023,193,100032,100,101204,193,99872,193,101205,93,99854,193,,,99815,100,,,99751,100,,,99633,100,,,99396,100,,,99367,100
2019-06-28 09:59:49.935357314,100456,193,100045,93,100954,193,100044,200,101023,193,100032,100,101204,193,99872,193,101205,93,99854,193,,,99815,100,,,99751,100,,,99633,100,,,99396,100,,,99367,100
2019-06-28 09:59:50.000000000,100456,193,100044,200,100954,193,100032,100,101023,193,99872,193,101204,193,99854,193,101205,93,99815,193,,,99751,100,,,99633,100,,,99396,100,,,99367,100,,,99279,100
2019-06-28 10:00:00.000000000,100456,332,100044,339,100954,332,100032,239,101023,100,99872,100,101204,100,99854,100,,,99815,100,,,99751,100,,,99633,100,,,99396,100,,,99367,100,,,99279,100
2019-06-28 10:00:03.369020141,100456,332,100044,339,100954,332,100032,239,101204,100,99872,100,,,99854,100,,,99815,100,,,99751,100,,,99640,100,,,99633,100,,,99396,100,,,99367,100
2019-06-28 10:00:10.000000000,100456,216,100044,223,100954,216,100032,123,101204,216,99872,216,101205,116,99854,216,,,99815,100,,,99751,100,,,99640,100,,,99633,100,,,99396,100,,,99367,100
2019-06-28 10:00:10.292304245,100456,216,100044,223,100954,216,100032,123,101204,216,99872,216,101205,116,99854,216,,,99815,100,,,99751,100,,,99640,100,,,99633,100,,,99614,100,,,99396,100
2019-06-28 10:00:20.000000000,100456,332,100044,339,100954,332,100032,239,101204,100,99872,100,,,99854,100,,,99815,100,,,99751,100,,,99640,100,,,99633,100,,,99614,100,,,99396,100
2019-06-28 10:00:29.821619716,100456,332,100044,339,100954,332,100032,239,101204,100,99872,100,,,99854,100,,,99815,100,,,99751,100,,,99640,100,,,99633,100,,,99614,100,,,99419,100
2019-06-28 10:00:30.000000000,100456,332,100044,339,100954,332,100032,239,101204,100,99872,100,,,99854,100,,,99815,100,,,99751,100,,,99640,100,,,99633,100,,,99614,100,,,99419,100
2019-06-28 10:00:40.000000000,100456,216,100044,223,100954,216,100032,123,101204,216,99872,216,101205,116,99854,216,,,99815,100,,,99751,100,,,99640,100,,,99633,100,,,99614,100,,,99419,100
2019-06-28 10:00:44.916415475,100456,216,100044,123,100954,216,100032,123,101204,216,99872,216,101205,116,99854,216,,,99815,100,,,99751,100,,,99640,100,,,99633,100,,,99614,100,,,99419,100
2019-06-28 10:00:50.000000000,100456,193,100044,100,100954,193,100032,100,101204,193,99872,193,101205,93,99854,193,,,99815,193,,,99751,100,,,99640,100,,,99633,100,,,99614,100,,,99419,100
2019-06-28 10:00:55.688369130,100456,193,100044,100,100954,193,100032,100,101204,193,99872,193,101205,93,99854,193,,,99815,193,,,99751,100,,,99640,100,,,99633,100,,,99614,100,,,99459,100
2019-06-28 10:00:58.761542753,100456,193,100044,100,100954,193,100032,100,101204,193,99872,193,101205,93,99854,193,,,99815,193,,,99751,100,,,99640,100,,,99633,100,,,99614,100,,,99459,100
2019-06-28 10:01:00.000000000,100456,332,100044,239,100954,332,100032,239,101204,100,99872,100,,,99854,100,,,99815,100,,,99751,100,,,99640,100,,,99633,100,,,99614,100,,,99459,100
2019-06-28 10:01:10.000000000,100456,216,100044,123,100954,216,100032,123,101204,216,99872,216,101205,116,99854,216,,,99815,100,,,99751,100,,,99640,100,,,99633,100,,,99614,100,,,99459,100
2019-06-28 10:01:16.203555225,100456,216,100044,23,100954,216,100032,123,101204,216,99872,216,101205,116,99854,216,,,99815,100,,,99751,100,,,99640,100,,,99633,100,,,99614,100,,,99459,100
2019-06-28 10:01:20.000000000,100456,258,100032,165,100954,253,99872,253,101204,253,99854,253,,,99815,100,,,99751,100,,,99640,100,,,99633,100,,,99614,100,,,99459,100,,,99420,100
2019-06-28 10:01:30.000000000,100456,193,100032,100,100954,193,99872,193,101204,193,99854,193,101205,93,99815,193,,,99751,193,,,99640,100,,,99633,100,,,99614,100,,,99459,100,,,99420,100
2019-06-28 10:01:35.106504768,100456,193,100032,100,100954,193,99872,193,101204,193,99854,193,101205,93,99815,193,,,99751,193,,,99640,100,,,99633,100,,,99614,100,,,99573,100,,,99459,100
2019-06-28 10:01:40.000000000,100456,564,100032,471,100954,100,99872,100,101204,100,99854,100,,,99815,100,,,99751,100,,,99640,100,,,99633,100,,,99614,100,,,99573,100,,,99459,100
2019-06-28 10:01:43.037477533,100044,100,100032,471,100456,564,99872,100,100954,100,99854,100,101204,100,99815,100,,,99751,100,,,99640,100,,,99633,100,,,99614,100,,,99573,100,,,99459,100
2019-06-28 10:01:44.726025702,100044,200,100032,471,100456,564,99872,100,100954,100,99854,100,101204,100,99815,100,,,99751,100,,,99640,100,,,99633,100,,,99614,100,,,99573,100,,,99459,100
2019-06-28 10:01:50.000000000,100044,316,100032,123,100456,216,99872,216,100954,216,99854,216,101204,216,99815,216,,,99751,100,,,99640,100,,,99633,100,,,99614,100,,,99573,100,,,99459,100
2019-06-28 10:01:55.869381728,100044,316,100032,123,100456,216,99872,216,100954,216,99854,216,101204,216,99815,216,,,99751,100,,,99697,100,,,99640,100,,,99614,100,,,99573,100,,,99459,100
2019-06-28 10:02:00.000000000,100044,358,100032,165,100456,253,99872,253,100954,253,99854,253,101204,100,99815,100,,,99751,100,,,99697,100,,,99640,100,,,99614,100,,,99573,100,,,99459,100
2019-06-28 10:02:00.067069998,100044,258,100032,165,100456,253,99872,253,100954,253,99854,253,101204,100,99815,100,,,99751,100,,,99697,100,,,99640,100,,,99614,100,,,99573,100,,,99459,100
2019-06-28 10:02:03.138096089,100044,258,100032,165,100456,253,99939,100,100954,253,99872,253,101204,100,99854,253,,,99815,100,,,99751,100,,,99697,100,,,99640,100,,,99614,100,,,99573,100
2019-06-28 10:02:10.000000000,100044,258,100032,165,100456,253,99939,253,100954,253,99872,253,101204,100,99854,100,,,99815,100,,,99751,100,,,99697,100,,,99640,100,,,99614,100,,,99573,100
2019-06-28 10:02:20.000000000,100044,564,100032,471,100456,100,99939,100,100954,100,99872,100,101204,100,99854,100,,,99815,100,,,99751,100,,,99697,100,,,99640,100,,,99614,100,,,99573,100
2019-06-28 10:02:30.000000000,100044,564,100032,471,100456,100,99939,100,100954,100,99872,100,101204,100,99854,100,,,99815,100,,,99751,100,,,99697,100,,,99640,100,,,99614,100,,,99573,100
2019-06-28 10:02:40.000000000,100044,193,100032,100,100456,193,99939,193,100954,193,99872,193,101204,193,99854,193,101205,93,99815,193,,,99751,100,,,99697,100,,,99640,100,,,99614,100,,,99573,100
2019-06-28 10:02:50.000000000,100044,258,100032,165,100456,253,99939,253,100954,253,99872,253,101204,100,99854,100,,,99815,100,,,99751,100,,,99697,100,,,99640,100,,,99614,100,,,99573,100
2019-06-28 10:02:55.648410862,100044,358,100032,165,100456,253,99939,253,100954,253,99872,253,101204,100,99854,100,,,99815,100,,,99751,100,,,99697,100,,,99640,100,,,99614,100,,,99573,100
2019-06-28 10:03:00.000000000,100044,316,100032,123,100456,216,99939,216,100954,216,99872,216,101204,216,99854,216,,,99815,100,,,99751,100,,,99697,100,,,99640,100,,,99614,100,,,99573,100
2019-06-28 10:03:04.144954230,100044,416,100032,123,100456,216,99939,216,100954,216,99872,216,101204,216,99854,216,,,99815,100,,,99751,100,,,99697,100,,,99640,100,,,99614,100,,,99573,100
2019-06-28 10:03:10.000000000,100044,458,100032,165,100456,253,99939,253,100954,253,99872,253,101204,100,99854,100,,,99815,100,,,99751,100,,,99697,100,,,99640,100,,,99614,100,,,99573,100
2019-06-28 10:03:20.000000000,100044,458,100032,165,100456,253,99939,253,100954,253,99872,253,101204,100,99854,100,,,99815,100,,,99751,100,,,99697,100,,,99640,100,,,99614,100,,,99573,100
2019-06-28 10:03:30.000000000,100044,416,100032,123,100456,216,99939,216,100954,216,99872,216,101204,216,99854,216,,,99815,100,,,99751,100,,,99697,100,,,99640,100,,,99614,100,,,99573,100
2019-06-28 10:03:40.000000000,100044,416,100032,123,100456,216,99939,216,100954,216,99872,216,101204,216,99854,216,,,99815,100,,,99751,100,,,99697,100,,,99640,100,,,99614,100,,,99573,100
2019-06-28 10:03:50.000000000,100044,764,100032,471,100456,100,99939,100,100954,100,99872,100,101204,100,99854,100,,,99815,100,,,99751,100,,,99697,100,,,99640,100,,,99614,100,,,99573,100
2019-06-28 10:03:50.764708591,100044,764,100032,471,100386,100,99939,100,100456,100,99872,100,100954,100,99854,100,101204,100,99815,100,,,99751,100,,,99697,100,,,99640,100,,,99614,100,,,99573,100
2019-06-28 10:04:00.000000000,100044,416,100032,123,100386,216,99939,216,100456,216,99872,216,100954,216,99854,216,101204,100,99815,100,,,99751,100,,,99697,100,,,99640,100,,,99614,100,,,99573,100
2019-06-28 10:04:04.182459282,100044,416,100032,23,100386,216,99939,216,100456,216,99872,216,100954,216,99854,216,101204,100,99815,100,,,99751,100,,,99697,100,,,99640,100,,,99614,100,,,99573,100
2019-06-28 10:04:09.391767990,100044,416,100032,23,100386,216,99939,216,100456,216,99872,216,100954,216,99854,216,101204,100,99815,100,,,99804,100,,,99751,100,,,99697,100,,,99640,100,,,99614,100
2019-06-28 10:04:10.000000000,100044,416,99939,216,100386,216,99872,216,100456,216,99854,216,100954,216,99815,216,101204,100,99804,100,,,99751,100,,,99697,100,,,99640,100,,,99614,100,,,99573,100
2019-06-28 10:04:20.000000000,100044,393,99939,193,100386,193,99872,193,100456,193,99854,193,100954,193,99815,193,101204,193,99804,193,,,99751,100,,,99697,100,,,99640,100,,,99614,100,,,99573,100
2019-06-28 10:04:30.000000000,100044,416,99939,216,100386,216,99872,216,100456,216,99854,216,100954,216,99815,216,101204,100,99804,100,,,99751,100,,,99697,100,,,99640,100,,,99614,100,,,99573,100
2019-06-28 10:04:40.000000000,100044,458,99939,258,100386,253,99872,253,100456,253,99854,253,100954,100,99815,100,101204,100,99804,100,,,99751,100,,,99697,100,,,99640,100,,,99614,100,,,99573,100
2019-06-28 10:04:42.204050408,100044,458,99939,258,100386,253,99872,253,100456,253,99854,253,100954,100,99815,100,101204,100,99804,100,,,99751,100,,,99697,100,,,99640,100,,,99614,100,,,99573,100
2019-06-28 10:04:50.000000000,100044,393,99939,193,100386,193,99872,193,100456,193,99854,193,100954,193,99815,193,101204,193,99804,193,,,99751,100,,,99697,100,,,99640,100,,,99614,100,,,99573,100
2019-06-28 10:05:00.000000000,100044,764,99939,564,100386,100,99872,100,100456,100,99854,100,100954,100,99815,100,101204,100,99804,100,,,99751,100,,,99697,100,,,99640,100,,,99614,100,,,99573,100
2019-06-28 10:05:10.000000000,100044,764,99939,564,100386,100,99872,100,100456,100,99854,100,100954,100,99815,100,101204,100,99804,100,,,99751,100,,,99697,100,,,99640,100,,,99614,100,,,99573,100
2019-06-28 10:05:20.000000000,100044,416,99939,216,100386,216,99872,216,100456,216,99854,216,100954,216,99815,216,101204,100,99804,100,,,99751,100,,,99697,100,,,99640,100,,,99614,100,,,99573,100
2019-06-28 10:05:30.000000000,100044,393,99939,193,100386,193,99872,193,100456,193,99854,193,100954,193,99815,193,101204,193,99804,193,,,99751,100,,,99697,100,,,99640,100,,,99614,100,,,99573,100
2019-06-28 10:05:40.000000000,100044,764,99939,564,100386,100,99872,100,100456,100,99854,100,100954,100,99815,100,101204,100,99804,100,,,99751,100,,,99697,100,,,99640,100,,,99614,100,,,99573,100
2019-06-28 10:05:50.000000000,100044,393,99939,193,100386,193,99872,193,100456,193,99854,193,100954,193,99815,193,101204,193,99804,193,,,99751,100,,,99697,100,,,99640,100,,,99614,100,,,99573,100
2019-06-28 10:05:58.553373700,100044,393,99939,193,100386,193,99872,193,100456,193,99854,193,100954,193,99815,193,101204,193,99804,193,,,99751,100,,,99697,100,,,99640,100,,,99614,100,,,99573,100
2019-06-28 10:06:00.000000000,100044,393,99939,193,100386,193,99872,193,100456,193,99854,193,100954,193,99815,193,101204,193,99804,193,,,99751,100,,,99697,100,,,99640,100,,,99614,100,,,99573,100
2019-06-28 10:06:10.000000000,100044,393,99939,193,100386,193,99872,193,100456,193,99854,193,100954,193,99815,193,101204,193,99804,193,,,99751,100,,,99697,100,,,99640,100,,,99614,100,,,99573,100
2019-06-28 10:06:20.000000000,100044,458,99939,258,100386,253,99872,253,100456,253,99854,253,100954,100,99815,100,101204,100,99804,100,,,99751,100,,,99697,100,,,99640,100,,,99614,100,,,99573,100
2019-06-28 10:06:26.225689894,100035,100,99939,258,100044,458,99872,253,100386,253,99854,253,100456,253,99815,100,100954,100,99804,100,101204,100,99751,100,,,99697,100,,,99640,100,,,99614,100,,,99573,100
2019-06-28 10:06:30.000000000,100035,193,99939,193,100044,393,99872,193,100386,193,99854,193,100456,193,99815,193,100954,193,99804,193,101204,100,99751,100,,,99697,100,,,99640,100,,,99614,100,,,99573,100
2019-06-28 10:06:40.000000000,100035,258,99939,258,100044,453,99872,253,100386,253,99854,253,100456,100,99815,100,100954,100,99804,100,101204,100,99751,100,,,99697,100,,,99640,100,,,99614,100,,,99573,100
2019-06-28 10:06:50.000000000,100035,216,99939,216,100044,416,99872,216,100386,216,99854,216,100456,216,99815,216,100954,100,99804,100,101204,100,99751,100,,,99697,100,,,99640,100,,,99614,100,,,99573,100
2019-06-28 10:07:00.000000000,100035,193,99939,193,100044,393,99872,193,100386,193,99854,193,100456,193,99815,193,100954,193,99804,193,101204,100,99751,100,,,99697,100,,,99640,100,,,99614,100,,,99573,100
2019-06-28 10:07:06.316055079,100035,193,99939,193,100043,100,99872,193,100044,393,99854,193,100386,193,99815,193,100456,193,99804,193,100954,193,99751,100,101204,100,99697,100,,,99640,100,,,99614,100,,,99573,100
2019-06-28 10:07:10.000000000,100035,564,99939,564,100043,100,99872,100,100044,300,99854,100,100386,100,99815,100,100456,100,99804,100,100954,100,99751,100,101204,100,99697,100,,,99640,100,,,99614,100,,,99573,100
2019-06-28 10:07:10.816588499,100035,564,99939,464,100043,100,99872,100,100044,300,99854,100,100386,100,99815,100,100456,100,99804,100,100954,100,99751,100,101204,100,99697,100,,,99640,100,,,99614,100,,,99573,100
2019-06-28 10:07:20.000000000,100035,216,99872,216,100043,216,99854,216,100044,416,99815,216,100386,216,99804,216,100456,100,99751,100,100954,100,99697,100,101204,100,99640,100,,,99614,100,,,99573,100,,,99459,100
2019-06-28 10:07:30.000000000,100035,564,99872,564,100043,100,99854,100,100044,300,99815,100,100386,100,99804,100,100456,100,99751,100,100954,100,99697,100,101204,100,99640,100,,,99614,100,,,99573,100,,,99459,100
2019-06-28 10:07:32.898532202,100035,564,99872,564,100043,100,99854,100,100044,300,99815,100,100386,100,99804,100,100954,100,99780,100,101204,100,99751,100,,,99697,100,,,99640,100,,,99614,100,,,99573,100
2019-06-28 10:07:40.000000000,100035,258,99872,258,100043,253,99854,253,100044,453,99815,253,100386,100,99804,100,100954,100,99780,100,101204,100,99751,100,,,99697,100,,,99640,100,,,99614,100,,,99573,100
2019-06-28 10:07:45.961665477,100035,258,100033,100,100043,253,99872,258,100044,453,99854,253,100386,100,99815,253,100954,100,99804,100,101204,100,99780,100,,,99751,100,,,99697,100,,,99640,100,,,99614,100
2019-06-28 10:07:50.000000000,100035,258,100033,258,100043,253,99872,253,100044,453,99854,253,100386,100,99815,100,100954,100,99804,100,101204,100,99780,100,,,99751,100,,,99697,100,,,99640,100,,,99614,100
2019-06-28 10:07:55.426305535,100035,258,100033,258,100043,253,99872,253,100044,453,99854,253,100386,100,99815,100,100954,100,99804,100,,,99780,100,,,99751,100,,,99697,100,,,99684,100,,,99640,100
2019-06-28 10:08:00.000000000,100035,564,100033,564,100043,100,99872,100,100044,300,99854,100,100386,100,99815,100,100954,100,99804,100,,,99780,100,,,99751,100,,,99697,100,,,99684,100,,,99640,100
2019-06-28 10:08:01.253950512,100035,564,100033,464,100043,100,99872,100,100044,300,99854,100,100386,100,99815,100,100954,100,99804,100,,,99780,100,,,99751,100,,,99697,100,,,99684,100,,,99640,100
2019-06-28 10:08:10.000000000,100035,193,99872,193,100043,193,99854,193,100044,393,99815,193,100386,193,99804,193,100954,193,99780,193,,,99751,100,,,99697,100,,,99684,100,,,99640,100,,,99614,100
2019-06-28 10:08:20.000000000,100035,216,99872,216,100043,216,99854,216,100044,416,99815,216,100386,216,99804,216,100954,100,99780,100,,,99751,100,,,99697,100,,,99684,100,,,99640,100,,,99614,100
2019-06-28 10:08:30.000000000,100035,332,99872,332,100043,332,99854,332,100044,300,99815,100,100386,100,99804,100,100954,100,99780,100,,,99751,100,,,99697,100,,,99684,100,,,99640,100,,,99614,100
2019-06-28 10:08:38.644586798,100035,332,99960,100,100043,332,99872,332,100044,300,99854,332,100386,100,99815,100,100954,100,99804,100,,,99780,100,,,99751,100,,,99697,100,,,99684,100,,,99640,100
2019-06-28 10:08:40.000000000,100035,193,99960,193,100043,193,99872,193,100044,393,99854,193,100386,193,99815,193,100954,193,99804,193,,,99780,100,,,99751,100,,,99697,100,,,99684,100,,,99640,100
2019-06-28 10:08:42.600212008,100035,193,99960,193,100043,193,99872,193,100044,393,99854,193,100250,100,99815,193,100386,193,99804,193,100954,193,99780,100,,,99751,100,,,99697,100,,,99684,100,,,99640,100
2019-06-28 10:08:47.066233475,100035,193,99986,100,100043,193,99960,193,100044,393,99872,193,100250,100,99854,193,100386,193,99815,193,100954,193,99804,193,,,99780,100,,,99697,100,,,99684,100,,,99640,100
2019-06-28 10:08:50.000000000,100035,564,99986,564,100043,100,99960,100,100044,300,99872,100,100250,100,99854,100,100386,100,99815,100,100954,100,99804,100,,,99780,100,,,99697,100,,,99684,100,,,99640,100
2019-06-28 10:08:52.929233743,100035,564,100034,100,100043,100,99986,564,100044,300,99960,100,100250,100,99872,100,100386,100,99854,100,100954,100,99815,100,,,99804,100,,,99780,100,,,99697,100,,,99684,100
2019-06-28 10:09:00.000000000,100035,258,100034,258,100043,253,99986,253,100044,453,99960,253,100250,100,99872,100,100386,100,99854,100,100954,100,99815,100,,,99804,100,,,99780,100,,,99697,100,,,99684,100
2019-06-28 10:09:10.000000000,100035,216,100034,216,100043,216,99986,216,100044,416,99960,216,100250,216,99872,216,100386,100,99854,100,100954,100,99815,100,,,99804,100,,,99780,100,,,99697,100,,,99684,100
2019-06-28 10:09:12.743544098,100035,216,100034,216,100043,216,99986,216,100044,416,99960,216,100250,216,99872,216,100386,100,99854,100,100954,100,99815,100,,,99804,100,,,99780,100,,,99770,100,,,99697,100
2019-06-28 10:09:13.165388474,100035,216,100034,216,100043,216,99986,216,100044,416,99960,216,100250,216,99878,100,100386,100,99872,216,100954,100,99854,100,,,99815,100,,,99804,100,,,99780,100,,,99770,100
2019-06-28 10:09:20.000000000,100035,258,100034,258,100043,253,99986,253,100044,453,99960,253,100250,100,99878,100,100386,100,99872,100,100954,100,99854,100,,,99815,100,,,99804,100,,,99780,100,,,99770,100
2019-06-28 10:09:27.321650686,100035,258,100034,258,100043,253,99986,253,100044,453,99960,253,100050,100,99878,100,100250,100,99872,100,100386,100,99854,100,100954,100,99815,100,,,99804,100,,,99780,100,,,99770,100
2019-06-28 10:09:30.000000000,100035,193,100034,193,100043,193,99986,193,100044,393,99960,193,100050,193,99878,193,100250,193,99872,193,100386,100,99854,100,100954,100,99815,100,,,99804,100,,,99780,100,,,99770,100
2019-06-28 10:09:40.000000000,100035,193,100034,193,100043,193,99986,193,100044,393,99960,193,100050,193,99878,193,100250,193,99872,193,100386,100,99854,100,100954,100,99815,100,,,99804,100,,,99780,100,,,99770,100
2019-06-28 10:09:50.000000000,100035,216,100034,216,100043,216,99986,216,100044,416,99960,216,100050,216,99878,216,100250,100,99872,100,100386,100,99854,100,100954,100,99815,100,,,99804,100,,,99780,100,,,99770,100
2019-06-28 10:10:00.000000000,100035,193,100034,193,100043,193,99986,193,100044,393,99960,193,100050,193,99878,193,100250,193,99872,193,100386,100,99854,100,100954,100,99815,100,,,99804,100,,,99780,100,,,99770,100
2019-06-28 10:10:09.812288690,100035,193,100034,193,100043,193,99986,193,100044,393,99960,193,100050,193,99878,193,100250,93,99872,193,100386,100,99854,100,100761,100,99815,100,100954,100,99804,100,,,99780,100,,,99770,100
2019-06-28 10:10:10.000000000,100035,193,100034,193,100043,193,99986,193,100044,393,99960,193,100050,193,99878,193,100386,193,99872,193,100761,100,99854,100,100954,100,99815,100,,,99804,100,,,99780,100,,,99770,100
2019-06-28 10:10:20.000000000,100035,216,100034,216,100043,216,99986,216,100044,416,99960,216,100050,216,99878,216,100386,100,99872,100,100761,100,99854,100,100954,100,99815,100,,,99804,100,,,99780,100,,,99770,100
2019-06-28 10:10:23.577969191,100035,216,100034,216,100043,216,99986,216,100044,416,99960,216,100050,216,99878,216,100386,100,99872,100,100563,100,99854,100,100761,100,99815,100,100954,100,99804,100,,,99780,100,,,99770,100
2019-06-28 10:10:30.000000000,100035,193,100034,193,100043,193,99986,193,100044,393,99960,193,100050,193,99878,193,100386,193,99872,193,100563,100,99854,100,100761,100,99815,100,100954,100,99804,100,,,99780,100,,,99770,100
2019-06-28 10:10:32.949727762,100035,193,100034,193,100043,193,99986,193,100044,393,99960,193,100050,193,99878,193,100316,100,99872,193,100386,193,99854,100,100563,100,99815,100,100761,100,99804,100,100954,100,99780,100,,,99770,100
2019-06-28 10:10:36.054892324,100035,93,100034,193,100043,193,99986,193,100044,393,99960,193,100050,193,99878,193,100316,100,99872,193,100386,193,99854,100,100563,100,99815,100,100761,100,99804,100,100954,100,99780,100,,,99770,100
2019-06-28 10:10:40.000000000,100043,564,100034,564,100044,300,99986,100,100050,100,99960,100,100316,100,99878,100,100386,100,99872,100,100563,100,99854,100,100761,100,99815,100,100954,100,99804,100,,,99780,100,,,99770,100
2019-06-28 10:10:50.000000000,100043,216,100034,216,100044,416,99986,216,100050,216,99960,216,100316,216,99878,216,100386,100,99872,100,100563,100,99854,100,100761,100,99815,100,100954,100,99804,100,,,99780,100,,,99770,100
2019-06-28 10:11:00.000000000,100043,332,100034,332,100044,532,99986,332,100050,100,99960,100,100316,100,99878,100,100386,100,99872,100,100563,100,99854,100,100761,100,99815,100,100954,100,99804,100,,,99780,100,,,99770,100
2019-06-28 10:11:10.000000000,100043,564,100034,564,100044,300,99986,100,100050,100,99960,100,100316,100,99878,100,100386,100,99872,100,100563,100,99854,100,100761,100,99815,100,100954,100,99804,100,,,99780,100,,,99770,100
2019-06-28 10:11:17.164344144,100043,464,100034,564,100044,300,99986,100,100050,100,99960,100,100316,100,99878,100,100386,100,99872,100,100563,100,99854,100,100761,100,99815,100,100954,100,99804,100,,,99780,100,,,99770,100
2019-06-28 10:11:20.000000000,100044,458,100034,258,100050,253,99986,253,100316,253,99960,253,100386,100,99878,100,100563,100,99872,100,100761,100,99854,100,100954,100,99815,100,,,99804,100,,,99780,100,,,99770,100
2019-06-28 10:11:30.000000000,100044,764,100034,564,100050,100,99986,100,100316,100,99960,100,100386,100,99878,100,100563,100,99872,100,100761,100,99854,100,100954,100,99815,100,,,99804,100,,,99780,100,,,99770,100
2019-06-28 10:11:40.000000000,100044,532,100034,332,100050,332,99986,332,100316,100,99960,100,100386,100,99878,100,100563,100,99872,100,100761,100,99854,100,100954,100,99815,100,,,99804,100,,,99780,100,,,99770,100
2019-06-28 10:11:42.107004129,100044,532,100034,332,100050,332,99986,332,100316,100,99960,100,100386,100,99878,100,100563,100,99872,100,100761,100,99854,100,100775,100,99815,100,100954,100,99804,100,,,99780,100,,,99770,100
2019-06-28 10:11:49.555803732,100044,432,100034,332,100050,332,99986,332,100316,100,99960,100,100386,100,99878,100,100563,100,99872,100,100761,100,99854,100,100775,100,99815,100,100954,100,99804,100,,,99780,100,,,99770,100
2019-06-28 10:11:50.000000000,100044,432,100034,332,100050,332,99986,332,100316,100,99960,100,100386,100,99878,100,100563,100,99872,100,100761,100,99854,100,100775,100,99815,100,100954,100,99804,100,,,99780,100,,,99770,100
2019-06-28 10:12:00.000000000,100044,293,100034,193,100050,193,99986,193,100316,193,99960,193,100386,193,99878,193,100563,193,99872,193,100761,100,99854,100,100775,100,99815,100,100954,100,99804,100,,,99780,100,,,99770,100
2019-06-28 10:12:09.401278687,100044,193,100034,193,100050,193,99986,193,100316,93,99960,193,100386,193,99878,193,100563,193,99872,193,100761,100,99854,100,100775,100,99815,100,100954,100,99804,100,,,99780,100,,,99770,100
2019-06-28 10:12:10.000000000,100044,193,100034,193,100050,193,99986,193,100386,193,99960,193,100563,193,99878,193,100761,193,99872,193,100775,100,99854,100,100954,100,99815,100,,,99804,100,,,99780,100,,,99770,100
2019-06-28 10:12:20.000000000,100044,332,100034,332,100050,332,99986,332,100386,100,99960,100,100563,100,99878,100,100761,100,99872,100,100775,100,99854,100,100954,100,99815,100,,,99804,100,,,99780,100,,,99770,100
2019-06-28 10:12:30.000000000,100044,193,100034,193,100050,193,99986,193,100386,193,99960,193,100563,193,99878,193,100761,193,99872,193,100775,100,99854,100,100954,100,99815,100,,,99804,100,,,99780,100,,,99770,100
