,ask_price_1,ask_size_1,bid_price_1,bid_size_1,ask_price_2,ask_size_2,bid_price_2,bid_size_2,ask_price_3,ask_size_3,bid_price_3,bid_size_3,ask_price_4,ask_size_4,bid_price_4,bid_size_4,ask_price_5,ask_size_5,bid_price_5,bid_size_5,ask_price_6,ask_size_6,bid_price_6,bid_size_6,ask_price_7,ask_size_7,bid_price_7,bid_size_7,ask_price_8,ask_size_8,bid_price_8,bid_size_8,ask_price_9,ask_size_9,bid_price_9,bid_size_9,ask_price_10,ask_size_10,bid_price_10,bid_size_10
2019-06-28 09:30:00.000000000,100065,100,,,,,,,,,,,,,,,,,,,,,,,,,,,,,,,,,,,,,,
2019-06-28 09:30:00.000000001,100065,100,99937,100,100140,100,,,,,,,,,,,,,,,,,,,,,,,,,,,,,,,,,,
2019-06-28 09:30:00.000000003,100033,100,99937,100,100065,100,99899,100,100104,100,,,100140,100,,,,,,,,,,,,,,,,,,,,,,,,,,
2019-06-28 09:30:00.000000004,99987,100,99937,100,100033,100,99899,100,100047,100,,,100065,100,,,100104,100,,,100140,100,,,,,,,,,,,,,,,,,,
2019-06-28 09:30:00.000000006,100033,100,99937,100,100047,100,99910,100,100065,100,99899,100,100104,100,,,100140,100,,,,,,,,,,,,,,,,,,,,,,
2019-06-28 09:30:00.000000007,100033,100,99910,100,100047,100,99899,100,100065,100,,,100104,100,,,100140,100,,,,,,,,,,,,,,,,,,,,,,
2019-06-28 09:30:00.000000010,100033,100,99961,100,100047,100,99910,100,100065,100,99899,100,100104,100,,,100140,100,,,,,,,,,,,,,,,,,,,,,,
2019-06-28 09:30:00.000000012,100033,100,99961,100,100047,100,99910,100,100065,100,99899,100,100104,100,99796,100,100140,100,,,,,,,,,,,,,,,,,,,,,,
2019-06-28 09:30:00.000000014,99987,100,99961,100,100033,100,99910,100,100047,100,99899,100,100065,100,99796,100,100104,100,,,100140,100,,,,,,,,,,,,,,,,,,
2019-06-28 09:30:00.000000015,99987,100,99961,100,100033,100,99937,100,100047,100,99910,100,100065,100,99899,100,100104,100,99796,100,100140,100,,,,,,,,,,,,,,,,,,
2019-06-28 09:30:00.000000017,99962,100,99961,100,100033,100,99937,100,100047,100,99910,100,100065,100,99899,100,100104,100,99796,100,100140,100,,,100179,100,,,,,,,,,,,,,,
2019-06-28 09:30:00.000000020,99962,100,99961,100,99987,100,99937,100,100033,100,99910,100,100047,100,99899,100,100065,100,99796,100,100104,100,,,100117,100,,,100140,100,,,100179,100,,,,,,
2019-06-28 09:30:00.000000023,99962,100,99961,100,99987,100,99937,100,99996,100,99910,100,100033,100,99899,100,100047,100,99796,100,100065,100,,,100104,100,,,100117,100,,,100140,100,,,100179,100,,
2019-06-28 09:30:00.000000033,99962,100,99961,100,99987,100,99937,100,99996,100,99910,100,100033,100,99899,100,100047,100,99876,100,100065,100,99796,100,100104,100,,,100117,100,,,100140,100,,,100179,100,,
2019-06-28 09:30:00.000000035,99962,100,99961,100,99987,100,99944,100,99996,100,99937,100,100033,100,99910,100,100047,100,99899,100,100065,100,99876,100,100104,100,99796,100,100117,100,,,100140,100,,,100179,100,,
2019-06-28 09:30:00.000000036,99987,100,99961,100,99996,100,99944,100,100033,100,99937,100,100047,100,99910,100,100065,100,99899,100,100104,100,99876,100,100117,100,99796,100,100140,100,,,100179,100,,,,,,
2019-06-28 09:30:00.000000037,99987,100,99961,100,99996,100,99944,100,100033,100,99937,100,100047,100,99910,100,100065,100,99899,100,100070,100,99876,100,100104,100,99796,100,100117,100,,,100140,100,,,100179,100,,
2019-06-28 09:30:00.000000038,99987,100,99961,100,99996,100,99944,100,100021,100,99937,100,100033,100,99910,100,100047,100,99899,100,100065,100,99876,100,100070,100,99796,100,100104,100,,,100117,100,,,100140,100,,
2019-06-28 09:30:00.000000039,99987,100,99961,100,99996,100,99944,100,100021,100,99937,100,100033,100,99910,100,100047,100,99899,100,100064,100,99876,100,100065,100,99796,100,100070,100,,,100104,100,,,100117,100,,
2019-06-28 09:30:00.000000041,99996,100,99961,100,100021,100,99944,100,100033,100,99937,100,100047,100,99910,100,100064,100,99899,100,100065,100,99876,100,100070,100,99796,100,100104,100,,,100117,100,,,100140,100,,
2019-06-28 09:30:00.000000044,99996,100,99961,100,100021,100,99944,100,100033,100,99937,100,100047,100,99910,100,100064,100,99899,100,100065,100,99876,100,100070,100,99871,100,100104,100,99796,100,100117,100,,,100140,100,,
2019-06-28 09:30:00.000000045,99996,100,99961,100,100021,100,99944,100,100033,100,99943,100,100047,100,99937,100,100064,100,99910,100,100065,100,99899,100,100070,100,99876,100,100104,100,99871,100,100117,100,99796,100,100140,100,,
2019-06-28 09:30:00.000000050,99996,100,99961,100,100021,100,99944,100,100033,100,99943,100,100047,100,99937,100,100064,100,99910,100,100065,100,99899,100,100070,100,99876,100,100100,100,99871,100,100104,100,99796,100,100117,100,,
2019-06-28 09:30:00.000000052,99996,100,99961,100,100021,100,99944,100,100033,100,99943,100,100047,100,99937,100,100064,100,99913,100,100065,100,99910,100,100070,100,99899,100,100100,100,99876,100,100104,100,99871,100,100117,100,99796,100
2019-06-28 09:30:00.000000054,99996,100,99961,100,100021,100,99944,100,100033,100,99943,100,100047,100,99937,100,100064,100,99913,100,100065,100,99910,100,100070,100,99899,100,100100,100,99876,100,100104,100,99871,100,100117,100,99796,100
2019-06-28 09:30:00.000000056,99987,100,99961,100,99996,100,99944,100,100021,100,99943,100,100033,100,99937,100,100047,100,99913,100,100064,100,99910,100,100065,100,99899,100,100070,100,99876,100,100100,100,99871,100,100104,100,99796,100
2019-06-28 09:30:00.000000059,99987,100,99961,100,99996,100,99944,100,100021,100,99943,100,100033,100,99937,100,100047,100,99913,100,100064,100,99910,100,100065,100,99899,100,100070,100,99876,100,100100,100,99871,100,100104,100,99861,100
2019-06-28 09:30:00.000000060,99987,100,99962,100,99996,100,99961,100,100021,100,99944,100,100033,100,99943,100,100047,100,99937,100,100064,100,99913,100,100065,100,99910,100,100070,100,99899,100,100100,100,99876,100,100104,100,99871,100
2019-06-28 09:30:00.000000061,99987,100,99962,100,99996,100,99961,100,100021,100,99944,100,100033,100,99943,100,100047,100,99937,100,100064,100,99913,100,100065,100,99910,100,100070,100,99899,100,100100,100,99876,100,100104,100,99871,100
2019-06-28 09:30:00.000000063,99987,100,99962,100,99996,100,99961,100,100018,100,99944,100,100021,100,99943,100,100033,100,99937,100,100047,100,99913,100,100064,100,99910,100,100065,100,99899,100,100070,100,99876,100,100100,100,99871,100
2019-06-28 09:30:00.000000067,99987,100,99962,100,99996,100,99961,100,100018,100,99944,100,100021,100,99943,100,100033,100,99937,100,100047,100,99913,100,100064,100,99910,100,100065,100,99899,100,100070,100,99876,100,100100,100,99871,100
2019-06-28 09:30:00.000000070,99987,100,99962,100,99996,100,99961,100,100018,100,99944,100,100021,100,99943,100,100033,100,99937,100,100047,100,99913,100,100053,100,99910,100,100064,100,99899,100,100065,100,99876,100,100070,100,99871,100
2019-06-28 09:30:00.000000071,99987,100,99962,100,99996,100,99961,100,100018,100,99944,100,100021,100,99943,100,100033,100,99937,100,100047,100,99913,100,100053,100,99910,100,100064,100,99899,100,100065,100,99876,100,100070,100,99871,100
2019-06-28 09:30:00.000000072,99987,200,99962,100,99996,100,99961,100,100018,100,99944,100,100021,100,99943,100,100033,100,99937,100,100047,100,99913,100,100053,100,99910,100,100064,100,99899,100,100065,100,99876,100,100070,100,99871,100
2019-06-28 09:30:00.000000073,99967,100,99962,100,99987,200,99961,100,99996,100,99944,100,100018,100,99943,100,100021,100,99937,100,100031,100,99913,100,100033,100,99910,100,100047,100,99899,100,100053,100,99876,100,100064,100,99871,100
2019-06-28 09:30:00.000000074,99967,100,99962,100,99987,200,99961,100,99996,100,99944,100,100018,100,99943,100,100021,100,99937,100,100031,100,99913,100,100033,100,99910,100,100047,100,99899,100,100053,100,99876,100,100064,100,99871,100
2019-06-28 09:30:00.000000076,99967,100,99962,100,99987,200,99961,100,99996,100,99944,100,100001,100,99943,100,100018,100,99937,100,100021,100,99913,100,100031,100,99910,100,100033,100,99899,100,100047,100,99876,100,100053,100,99871,100
2019-06-28 09:30:00.000000079,99967,100,99962,100,99987,200,99961,100,99996,100,99944,100,100001,100,99943,100,100018,100,99937,100,100021,100,99913,100,100031,100,99910,100,100033,100,99899,100,100047,100,99876,100,100053,100,99871,100
2019-06-28 09:30:00.000000080,99967,100,99962,100,99987,200,99961,100,99996,100,99944,100,100001,100,99943,100,100018,100,99937,100,100021,100,99913,100,100031,100,99910,100,100033,100,99899,100,100047,100,99897,100,100053,100,99876,100
2019-06-28 09:30:00.000000081,99987,200,99962,100,99996,100,99961,100,100001,100,99944,100,100018,100,99943,100,100021,100,99937,100,100031,100,99913,100,100033,100,99910,100,100047,100,99899,200,100053,100,99897,100,100064,100,99876,100
2019-06-28 09:30:00.000000087,99987,200,99962,100,99991,100,99961,100,99996,100,99944,100,100001,100,99943,100,100018,100,99937,100,100021,100,99913,100,100031,100,99910,100,100033,100,99899,200,100047,100,99897,100,100053,100,99876,100
2019-06-28 09:30:00.000000091,99987,100,99962,100,99991,100,99961,100,99996,100,99944,100,100001,100,99943,100,100018,100,99937,100,100021,100,99913,100,100031,100,99910,100,100033,100,99899,200,100047,100,99897,100,100053,100,99876,100
2019-06-28 09:30:00.000000094,99987,100,99962,100,99991,100,99961,100,99996,100,99944,100,100001,100,99943,100,100018,100,99937,100,100021,100,99913,100,100031,100,99910,100,100033,100,99899,200,100047,100,99897,100,100053,100,99876,100
2019-06-28 09:30:00.000000095,99987,100,99962,100,99991,100,99961,100,99996,100,99944,100,100001,100,99943,100,100018,100,99937,100,100021,100,99913,100,100031,100,99910,100,100033,100,99899,200,100047,100,99897,100,100053,100,99876,100
2019-06-28 09:30:00.000000096,99987,100,99967,100,99991,100,99962,100,99996,100,99961,100,100001,100,99944,100,100018,100,99943,100,100021,100,99937,100,100031,100,99913,100,100033,100,99910,100,100047,100,99899,200,100053,100,99897,100
2019-06-28 09:30:00.000000097,99987,100,99967,100,99991,100,99962,100,99996,100,99961,100,100001,100,99944,100,100018,100,99943,100,100021,100,99937,100,100031,100,99913,100,100033,100,99910,100,100046,100,99899,200,100047,100,99897,100
2019-06-28 09:30:00.000000098,99987,100,99967,100,99991,100,99962,100,99996,100,99961,100,100001,100,99944,100,100018,100,99943,100,100021,100,99937,100,100031,100,99913,100,100033,100,99910,100,100046,100,99899,200,100047,100,99897,100
2019-06-28 09:30:00.000000099,99987,100,99967,100,99991,100,99962,100,99996,100,99961,100,100000,100,99944,100,100001,100,99943,100,100018,100,99937,100,100021,100,99913,100,100026,100,99910,100,100031,100,99899,200,100033,100,99897,100
2019-06-28 09:30:10.000000000,99987,155,99967,155,99991,155,99962,155,99996,155,99961,155,100000,155,99944,155,100001,155,99943,155,100018,100,99937,100,100021,100,99913,100,100026,100,99910,100,100031,100,99899,200,100033,100,99897,100
2019-06-28 09:30:12.678071358,99987,155,99967,255,99991,155,99962,155,99996,155,99961,155,100000,155,99944,155,100001,155,99943,155,100018,100,99937,100,100021,100,99913,100,100026,100,99910,100,100031,100,99899,200,100033,100,99897,100
2019-06-28 09:30:14.500130755,99987,155,99967,355,99991,155,99962,155,99996,155,99961,155,100000,155,99944,155,100001,155,99943,155,100018,100,99937,100,100021,100,99913,100,100026,100,99910,100,100031,100,99899,200,100033,100,99897,100
2019-06-28 09:30:20.000000000,99987,237,99967,437,99991,237,99962,237,99996,100,99961,100,100000,100,99944,100,100001,100,99943,100,100018,100,99937,100,100021,100,99913,100,100026,100,99910,100,100031,100,99899,200,100033,100,99897,100
2019-06-28 09:30:23.809238011,99987,237,99967,437,99991,237,99962,237,99996,100,99961,100,100000,100,99944,100,100001,100,99943,100,100018,100,99937,100,100021,100,99913,100,100026,100,99910,100,100031,100,99899,200,100033,100,99897,100
2019-06-28 09:30:30.000000000,99987,193,99967,393,99991,190,99962,190,99996,190,99961,190,100000,100,99944,100,100001,100,99943,100,100018,100,99937,100,100021,100,99913,100,100026,100,99910,100,100031,100,99899,200,100033,100,99897,100
2019-06-28 09:30:40.000000000,99987,193,99967,393,99991,190,99962,190,99996,190,99961,190,100000,100,99944,100,100001,100,99943,100,100018,100,99937,100,100021,100,99913,100,100026,100,99910,100,100031,100,99899,200,100033,100,99897,100
2019-06-28 09:30:50.000000000,99987,155,99967,355,99991,155,99962,155,99996,155,99961,155,100000,155,99944,155,100001,155,99943,155,100018,100,99937,100,100021,100,99913,100,100026,100,99910,100,100031,100,99899,200,100033,100,99897,100
2019-06-28 09:31:00.000000000,99987,155,99967,355,99991,155,99962,155,99996,155,99961,155,100000,155,99944,155,100001,155,99943,155,100018,100,99937,100,100021,100,99913,100,100026,100,99910,100,100031,100,99899,200,100033,100,99897,100
2019-06-28 09:31:03.742776081,99987,155,99967,255,99991,155,99962,155,99996,155,99961,155,100000,155,99944,155,100001,155,99943,155,100018,100,99937,100,100021,100,99913,100,100026,100,99910,100,100031,100,99899,200,100033,100,99897,100
2019-06-28 09:31:06.516561784,99987,155,99967,255,99991,155,99962,155,99996,155,99961,155,100000,155,99944,155,100001,155,99943,55,100018,100,99937,100,100021,100,99913,100,100026,100,99910,100,100031,100,99899,200,100033,100,99897,100
2019-06-28 09:31:10.000000000,99987,155,99967,255,99991,155,99962,155,99996,155,99961,155,100000,155,99944,155,100001,155,99937,155,100018,100,99913,100,100021,100,99910,100,100026,100,99899,200,100031,100,99897,100,100033,100,99876,100
2019-06-28 09:31:12.664218694,99987,155,99967,355,99991,155,99962,155,99996,155,99961,155,100000,155,99944,155,100001,155,99937,155,100018,100,99913,100,100021,100,99910,100,100026,100,99899,200,100031,100,99897,100,100033,100,99876,100
2019-06-28 09:31:20.000000000,99987,168,99967,368,99991,168,99962,168,99996,168,99961,168,100000,168,99944,168,100001,100,99937,100,100018,100,99913,100,100021,100,99910,100,100026,100,99899,200,100031,100,99897,100,100033,100,99876,100
2019-06-28 09:31:30.000000000,99987,374,99967,574,99991,100,99962,100,99996,100,99961,100,100000,100,99944,100,100001,100,99937,100,100018,100,99913,100,100021,100,99910,100,100026,100,99899,200,100031,100,99897,100,100033,100,99876,100
2019-06-28 09:31:33.984658448,99987,274,99967,574,99991,100,99962,100,99996,100,99961,100,100001,100,99944,100,100018,100,99937,100,100021,100,99913,100,100026,100,99910,100,100031,100,99899,200,100033,100,99897,100,100046,100,99876,100
2019-06-28 09:31:40.000000000,99991,155,99967,355,99996,155,99962,155,100001,155,99961,155,100018,155,99944,155,100021,155,99937,155,100026,100,99913,100,100031,100,99910,100,100033,100,99899,200,100046,100,99897,100,100053,100,99876,100
2019-06-28 09:31:43.785054403,99991,155,99967,355,99996,155,99962,155,100001,155,99961,155,100018,155,99944,155,100021,155,99937,155,100026,100,99913,100,100031,100,99910,100,100033,100,99899,200,100046,100,99897,100,100053,100,99876,100
2019-06-28 09:31:45.249624449,99991,55,99967,355,99996,155,99962,155,100001,155,99961,155,100018,155,99944,155,100021,155,99937,155,100026,100,99913,100,100031,100,99910,100,100033,100,99899,200,100046,100,99897,100,100053,100,99876,100
2019-06-28 09:31:50.000000000,99996,193,99967,393,100001,190,99962,190,100018,190,99961,190,100021,100,99944,100,100026,100,99937,100,100031,100,99913,100,100033,100,99910,100,100046,100,99899,200,100053,100,99897,100,100064,100,99876,100
2019-06-28 09:31:56.959121397,99996,193,99987,100,100001,190,99967,393,100018,190,99962,190,100021,100,99961,190,100026,100,99944,100,100031,100,99937,100,100033,100,99913,100,100046,100,99910,100,100053,100,99899,200,100064,100,99897,100
2019-06-28 09:32:00.000000000,99996,237,99987,237,100001,237,99967,437,100018,100,99962,100,100021,100,99961,100,100026,100,99944,100,100031,100,99937,100,100033,100,99913,100,100046,100,99910,100,100053,100,99899,200,100064,100,99897,100
2019-06-28 09:32:01.695686023,99996,137,99987,237,100001,237,99967,437,100018,100,99962,100,100021,100,99961,100,100026,100,99944,100,100031,100,99937,100,100033,100,99913,100,100046,100,99910,100,100053,100,99899,200,100064,100,99897,100
2019-06-28 09:32:10.000000000,100001,168,99987,168,100018,168,99967,368,100021,168,99962,168,100026,168,99961,168,100031,100,99944,100,100033,100,99937,100,100046,100,99913,100,100053,100,99910,100,100064,100,99899,200,100070,100,99897,100
2019-06-28 09:32:10.579047146,100001,168,99991,100,100018,168,99987,168,100021,168,99967,368,100026,168,99962,168,100031,100,99961,168,100033,100,99944,100,100046,100,99937,100,100053,100,99913,100,100064,100,99899,200,100070,100,99897,100
2019-06-28 09:32:12.058363350,100001,168,99991,100,100018,168,99987,168,100021,168,99967,368,100026,168,99962,168,100033,100,99961,168,100046,100,99944,100,100053,100,99937,100,100064,100,99913,100,100070,100,99899,200,100086,100,99897,100
2019-06-28 09:32:20.000000000,100001,237,99991,237,100018,237,99987,237,100021,100,99967,300,100026,100,99962,100,100033,100,99961,100,100046,100,99944,100,100053,100,99937,100,100064,100,99913,100,100070,100,99899,200,100086,100,99897,100
2019-06-28 09:32:25.556105511,100001,237,99991,237,100018,237,99987,237,100021,100,99967,300,100026,100,99962,100,100033,100,99961,100,100046,100,99944,100,100053,100,99937,100,100064,100,99913,100,100070,100,99899,200,100086,100,99897,100
2019-06-28 09:32:30.000000000,100001,155,99991,155,100018,155,99987,155,100021,155,99967,355,100026,155,99962,155,100033,155,99961,155,100046,100,99944,100,100053,100,99937,100,100064,100,99913,100,100070,100,99899,200,100086,100,99897,100
2019-06-28 09:32:40.000000000,100001,193,99991,193,100018,190,99987,190,100021,190,99967,390,100026,100,99962,100,100033,100,99961,100,100046,100,99944,100,100053,100,99937,100,100064,100,99913,100,100070,100,99899,200,100086,100,99897,100
2019-06-28 09:32:42.250747973,100001,193,99991,193,100018,190,99987,190,100021,190,99967,390,100026,100,99962,100,100033,100,99961,100,100046,100,99944,100,100053,100,99937,100,100064,100,99913,100,100070,100,99899,200,100086,100,99897,100
2019-06-28 09:32:50.000000000,100001,168,99991,168,100018,168,99987,168,100021,168,99967,368,100026,168,99962,168,100033,100,99961,100,100046,100,99944,100,100053,100,99937,100,100064,100,99913,100,100070,100,99899,200,100086,100,99897,100
2019-06-28 09:32:51.777793943,100001,168,99991,168,100018,168,99987,168,100021,168,99967,268,100026,168,99962,168,100033,100,99961,100,100046,100,99944,100,100053,100,99937,100,100064,100,99913,100,100070,100,99899,200,100086,100,99897,100
2019-06-28 09:32:57.175056168,100001,168,99991,168,100018,168,99987,168,100021,168,99967,268,100026,168,99962,168,100033,100,99961,100,100046,100,99944,100,100053,100,99937,100,100064,100,99913,100,100070,100,99899,200,100086,100,99897,100
2019-06-28 09:33:00.000000000,100001,155,99991,155,100018,155,99987,155,100021,155,99967,255,100026,155,99962,155,100033,155,99961,155,100046,100,99944,100,100053,100,99937,100,100064,100,99913,100,100070,100,99899,200,100086,100,99897,100
2019-06-28 09:33:10.000000000,100001,168,99991,168,100018,168,99987,168,100021,168,99967,268,100026,168,99962,168,100033,100,99961,100,100046,100,99944,100,100053,100,99937,100,100064,100,99913,100,100070,100,99899,200,100086,100,99897,100
2019-06-28 09:33:12.706456980,100001,168,99991,168,100018,168,99987,168,100021,168,99967,268,100026,168,99962,168,100033,100,99961,100,100046,100,99944,100,100053,100,99913,100,100064,100,99899,200,100070,100,99897,100,100086,100,99876,100
2019-06-28 09:33:20.000000000,100001,374,99991,374,100018,100,99987,100,100021,100,99967,200,100026,100,99962,100,100033,100,99961,100,100046,100,99944,100,100053,100,99913,100,100064,100,99899,200,100070,100,99897,100,100086,100,99876,100
2019-06-28 09:33:22.625897540,100001,374,99991,374,100018,100,99987,100,100021,100,99967,200,100033,100,99962,100,100046,100,99961,100,100053,100,99944,100,100064,100,99913,100,100070,100,99899,200,100086,100,99897,100,100104,200,99876,100
2019-06-28 09:33:30.000000000,100001,155,99991,155,100018,155,99987,155,100021,155,99967,255,100033,155,99962,155,100046,155,99961,155,100053,100,99944,100,100064,100,99913,100,100070,100,99899,200,100086,100,99897,100,100104,200,99876,100
2019-06-28 09:33:35.176956195,100001,155,99991,255,100018,155,99987,155,100021,155,99967,155,100033,155,99962,155,100046,155,99961,155,100053,100,99944,100,100064,100,99913,100,100070,100,99899,200,100086,100,99897,100,100104,200,99876,100
2019-06-28 09:33:40.000000000,100001,155,99991,255,100018,155,99987,155,100021,155,99967,155,100033,155,99962,155,100046,155,99961,155,100053,100,99944,100,100064,100,99913,100,100070,100,99899,200,100086,100,99897,100,100104,200,99876,100
2019-06-28 09:33:41.826497236,100001,155,99991,255,100018,155,99987,155,100021,155,99967,155,100033,155,99962,155,100046,155,99961,155,100053,100,99944,100,100064,100,99913,100,100070,100,99899,200,100086,100,99897,100,100104,200,99876,100
2019-06-28 09:33:50.000000000,100001,374,99991,474,100018,100,99987,100,100021,100,99967,100,100033,100,99962,100,100046,100,99961,100,100053,100,99944,100,100064,100,99913,100,100070,100,99899,200,100086,100,99897,100,100104,200,99876,100
2019-06-28 09:33:52.637395439,100001,274,99991,474,100018,100,99987,100,100021,100,99967,100,100033,100,99962,100,100046,100,99961,100,100053,100,99944,100,100064,100,99913,100,100070,100,99899,200,100086,100,99897,100,100104,200,99876,100
2019-06-28 09:34:00.000000000,100018,193,99991,293,100021,190,99987,190,100033,190,99967,190,100046,100,99962,100,100053,100,99961,100,100064,100,99944,100,100070,100,99913,100,100086,100,99899,200,100104,200,99897,100,100115,100,99876,100
2019-06-28 09:34:10.000000000,100018,374,99991,474,100021,100,99987,100,100033,100,99967,100,100046,100,99962,100,100053,100,99961,100,100064,100,99944,100,100070,100,99913,100,100086,100,99899,200,100104,200,99897,100,100115,100,99876,100
2019-06-28 09:34:12.447403467,100018,374,99996,100,100021,100,99991,474,100033,100,99987,100,100046,100,99967,100,100053,100,99962,100,100064,100,99961,100,100070,100,99944,100,100086,100,99913,100,100104,200,99899,200,100115,100,99897,100
2019-06-28 09:34:14.414264746,100018,374,99996,100,100021,100,99991,474,100033,100,99987,100,100046,100,99967,100,100053,100,99962,100,100064,100,99961,100,100070,100,99944,100,100086,100,99913,100,100104,200,99899,200,100115,100,99897,100
2019-06-28 09:34:15.776231572,100018,274,99996,100,100021,100,99991,474,100033,100,99987,100,100046,100,99967,100,100053,100,99962,100,100064,100,99961,100,100070,100,99944,100,100086,100,99913,100,100104,200,99899,100,100115,100,99897,100
2019-06-28 09:34:20.000000000,100021,237,99996,237,100033,237,99991,337,100046,100,99987,100,100053,100,99967,100,100064,100,99962,100,100070,100,99961,100,100086,100,99944,100,100104,200,99913,100,100115,100,99899,100,100117,100,99897,100
2019-06-28 09:34:30.000000000,100021,193,99996,193,100033,190,99991,290,100046,190,99987,190,100053,100,99967,100,100064,100,99962,100,100070,100,99961,100,100086,100,99944,100,100104,200,99913,100,100115,100,99899,100,100117,100,99897,100
2019-06-28 09:34:40.000000000,100021,168,99996,168,100033,168,99991,268,100046,168,99987,168,100053,168,99967,168,100064,100,99962,100,100070,100,99961,100,100086,100,99944,100,100104,200,99913,100,100115,100,99899,100,100117,100,99897,100
2019-06-28 09:34:50.000000000,100021,168,99996,168,100033,168,99991,268,100046,168,99987,168,100053,168,99967,168,100064,100,99962,100,100070,100,99961,100,100086,100,99944,100,100104,200,99913,100,100115,100,99899,100,100117,100,99897,100
2019-06-28 09:34:55.288274204,100021,168,100001,100,100033,168,99996,168,100046,168,99991,268,100053,168,99987,168,100064,100,99967,168,100070,100,99962,100,100086,100,99961,100,100104,200,99944,100,100115,100,99913,100,100117,100,99899,100
2019-06-28 09:35:00.000000000,100021,168,100001,168,100033,168,99996,168,100046,168,99991,268,100053,168,99987,168,100064,100,99967,100,100070,100,99962,100,100086,100,99961,100,100104,200,99944,100,100115,100,99913,100,100117,100,99899,100
2019-06-28 09:35:05.037498867,100021,68,100001,168,100033,168,99996,168,100046,168,99991,268,100053,168,99987,168,100064,100,99967,100,100070,100,99962,100,100086,100,99961,100,100104,200,99944,100,100115,100,99913,100,100117,100,99899,100
2019-06-28 09:35:10.000000000,100033,237,100001,237,100046,237,99996,237,100053,100,99991,200,100064,100,99987,100,100070,100,99967,100,100086,100,99962,100,100104,200,99961,100,100115,100,99944,100,100117,100,99913,100,100127,100,99899,100
2019-06-28 09:35:20.000000000,100033,237,100001,237,100046,237,99996,237,100053,100,99991,200,100064,100,99987,100,100070,100,99967,100,100086,100,99962,100,100104,200,99961,100,100115,100,99944,100,100117,100,99913,100,100127,100,99899,100
2019-06-28 09:35:26.458556752,100033,237,100001,237,100046,237,99996,237,100064,100,99991,200,100070,100,99987,100,100086,100,99967,100,100104,200,99962,100,100115,100,99961,100,100117,100,99944,100,100127,100,99913,100,100140,100,99899,100
2019-06-28 09:35:30.000000000,100033,168,100001,168,100046,168,99996,168,100064,168,99991,268,100070,168,99987,168,100086,100,99967,100,100104,200,99962,100,100115,100,99961,100,100117,100,99944,100,100127,100,99913,100,100140,100,99899,100
2019-06-28 09:35:40.000000000,100033,155,100001,155,100046,155,99996,155,100064,155,99991,255,100070,155,99987,155,100086,155,99967,155,100104,200,99962,100,100115,100,99961,100,100117,100,99944,100,100127,100,99913,100,100140,100,99899,100
2019-06-28 09:35:44.385947472,100033,55,100001,155,100046,155,99996,155,100064,155,99991,255,100070,55,99987,155,100086,155,99967,155,100104,200,99962,100,100115,100,99961,100,100117,100,99944,100,100127,100,99913,100,100140,100,99899,100
2019-06-28 09:35:50.000000000,100046,237,100001,237,100064,237,99996,237,100086,100,99991,200,100104,200,99987,100,100115,100,99967,100,100117,100,99962,100,100127,100,99961,100,100140,100,99944,100,100150,100,99913,100,100179,100,99899,100
2019-06-28 09:36:00.000000000,100046,237,100001,237,100064,237,99996,237,100086,100,99991,200,100104,200,99987,100,100115,100,99967,100,100117,100,99962,100,100127,100,99961,100,100140,100,99944,100,100150,100,99913,100,100179,100,99899,100
2019-06-28 09:36:10.000000000,100046,374,100001,374,100064,100,99996,100,100086,100,99991,200,100104,200,99987,100,100115,100,99967,100,100117,100,99962,100,100127,100,99961,100,100140,100,99944,100,100150,100,99913,100,100179,100,99899,100
2019-06-28 09:36:20.000000000,100046,374,100001,374,100064,100,99996,100,100086,100,99991,200,100104,200,99987,100,100115,100,99967,100,100117,100,99962,100,100127,100,99961,100,100140,100,99944,100,100150,100,99913,100,100179,100,99899,100
2019-06-28 09:36:30.000000000,100046,237,100001,237,100064,237,99996,237,100086,100,99991,200,100104,200,99987,100,100115,100,99967,100,100117,100,99962,100,100127,100,99961,100,100140,100,99944,100,100150,100,99913,100,100179,100,99899,100
2019-06-28 09:36:40.000000000,100046,237,100001,237,100064,237,99996,237,100086,100,99991,200,100104,200,99987,100,100115,100,99967,100,100117,100,99962,100,100127,100,99961,100,100140,100,99944,100,100150,100,99913,100,100179,100,99899,100
2019-06-28 09:36:50.000000000,100046,193,100001,193,100064,190,99996,190,100086,190,99991,290,100104,200,99987,100,100115,100,99967,100,100117,100,99962,100,100127,100,99961,100,100140,100,99944,100,100150,100,99913,100,100179,100,99899,100
2019-06-28 09:37:00.000000000,100046,168,100001,168,100064,168,99996,168,100086,168,99991,268,100104,268,99987,168,100115,100,99967,100,100117,100,99962,100,100127,100,99961,100,100140,100,99944,100,100150,100,99913,100,100179,100,99899,100
2019-06-28 09:37:08.804838298,100046,68,100001,168,100064,168,99996,168,100086,168,99991,268,100104,268,99987,168,100115,100,99967,100,100117,100,99962,100,100127,100,99961,100,100140,100,99944,100,100150,100,99899,100,100179,100,99897,100
2019-06-28 09:37:10.000000000,100064,374,100001,374,100086,100,99996,100,100104,200,99991,200,100115,100,99987,100,100117,100,99967,100,100127,100,99962,100,100140,100,99961,100,100150,100,99944,100,100179,100,99899,100,100195,100,99897,100
2019-06-28 09:37:17.158350744,100064,274,100001,374,100086,100,99996,100,100104,200,99991,200,100115,100,99987,100,100117,100,99967,100,100127,100,99962,100,100140,100,99961,100,100150,100,99944,100,100195,100,99899,100,100242,100,99897,100
2019-06-28 09:37:20.000000000,100086,193,100001,193,100104,290,99996,190,100115,190,99991,290,100117,100,99987,100,100127,100,99967,100,100140,100,99962,100,100150,100,99961,100,100195,100,99944,100,100242,100,99899,100,100332,100,99897,100
2019-06-28 09:37:30.000000000,100086,237,100001,237,100104,337,99996,237,100115,100,99991,200,100117,100,99987,100,100127,100,99967,100,100140,100,99962,100,100150,100,99961,100,100195,100,99944,100,100242,100,99899,100,100332,100,99897,100
2019-06-28 09:37:40.000000000,100086,193,100001,193,100104,290,99996,190,100115,190,99991,290,100117,100,99987,100,100127,100,99967,100,100140,100,99962,100,100150,100,99961,100,100195,100,99944,100,100242,100,99899,100,100332,100,99897,100
2019-06-28 09:37:42.981050444,100086,93,100001,193,100104,290,99996,190,100115,190,99991,290,100117,100,99987,100,100127,100,99967,100,100140,100,99962,100,100150,100,99961,100,100195,100,99944,100,100242,100,99899,100,100332,100,99897,100
2019-06-28 09:37:50.000000000,100104,268,100001,168,100115,168,99996,168,100117,168,99991,268,100127,168,99987,168,100140,100,99967,100,100150,100,99962,100,100195,100,99961,100,100242,100,99944,100,100332,100,99899,100,100498,100,99897,100
2019-06-28 09:37:53.938303481,100104,168,100001,168,100115,68,99996,168,100117,168,99991,268,100127,168,99987,168,100140,100,99967,100,100150,100,99962,100,100195,100,99961,100,100242,100,99944,100,100332,100,99899,100,100498,100,99897,100
2019-06-28 09:38:00.000000000,100104,193,100001,193,100117,190,99996,190,100127,190,99991,290,100140,100,99987,100,100150,100,99967,100,100195,100,99962,100,100242,100,99961,100,100332,100,99944,100,100498,100,99899,100,100545,100,99897,100
2019-06-28 09:38:01.840208975,100104,93,100001,193,100117,190,99996,190,100127,190,99991,290,100140,100,99987,100,100150,100,99967,100,100195,100,99962,100,100242,100,99961,100,100332,100,99944,100,100498,100,99899,100,100545,100,99897,100
2019-06-28 09:38:07.800372977,100117,190,100104,7,100127,190,100001,193,100140,100,99996,190,100150,100,99991,290,100195,100,99987,100,100242,100,99967,100,100332,100,99962,100,100498,100,99961,100,100545,100,99944,100,100661,100,99899,100
2019-06-28 09:38:10.000000000,100117,237,100104,144,100127,237,100001,237,100140,100,99996,100,100150,100,99991,200,100195,100,99987,100,100242,100,99967,100,100332,100,99962,100,100498,100,99961,100,100545,100,99944,100,100661,100,99899,100
2019-06-28 09:38:12.689342047,100117,237,100104,144,100127,237,100001,237,100140,100,99996,100,100150,100,99991,200,100195,100,99987,100,100242,100,99967,100,100299,100,99962,100,100332,100,99961,100,100498,100,99944,100,100545,100,99899,100
2019-06-28 09:38:20.000000000,100117,374,100104,281,100127,100,100001,100,100140,100,99996,100,100150,100,99991,200,100195,100,99987,100,100242,100,99967,100,100299,100,99962,100,100332,100,99961,100,100498,100,99944,100,100545,100,99899,100
2019-06-28 09:38:27.523395525,100117,274,100104,281,100127,100,100001,100,100150,100,99996,100,100195,100,99991,200,100242,100,99987,100,100299,100,99967,100,100332,100,99962,100,100498,100,99961,100,100545,100,99944,100,100661,100,99899,100
2019-06-28 09:38:30.000000000,100127,374,100104,281,100150,100,100001,100,100195,100,99996,100,100242,100,99991,200,100299,100,99987,100,100332,100,99967,100,100498,100,99962,100,100545,100,99961,100,100661,100,99944,100,100742,100,99899,100
2019-06-28 09:38:40.000000000,100127,374,100104,281,100150,100,100001,100,100195,100,99996,100,100242,100,99991,200,100299,100,99987,100,100332,100,99967,100,100498,100,99962,100,100545,100,99961,100,100661,100,99944,100,100742,100,99899,100
2019-06-28 09:38:50.000000000,100127,374,100104,281,100150,100,100001,100,100195,100,99996,100,100242,100,99991,200,100299,100,99987,100,100332,100,99967,100,100498,100,99962,100,100545,100,99961,100,100661,100,99944,100,100742,100,99899,100
2019-06-28 09:39:00.000000000,100127,374,100104,281,100150,100,100001,100,100195,100,99996,100,100242,100,99991,200,100299,100,99987,100,100332,100,99967,100,100498,100,99962,100,100545,100,99961,100,100661,100,99944,100,100742,100,99899,100
2019-06-28 09:39:10.000000000,100127,374,100104,281,100150,100,100001,100,100195,100,99996,100,100242,100,99991,200,100299,100,99987,100,100332,100,99967,100,100498,100,99962,100,100545,100,99961,100,100661,100,99944,100,100742,100,99899,100
2019-06-28 09:39:20.000000000,100127,168,100104,75,100150,168,100001,168,100195,168,99996,168,100242,168,99991,268,100299,100,99987,100,100332,100,99967,100,100498,100,99962,100,100545,100,99961,100,100661,100,99944,100,100742,100,99899,100
2019-06-28 09:39:30.000000000,100127,237,100104,144,100150,237,100001,237,100195,100,99996,100,100242,100,99991,200,100299,100,99987,100,100332,100,99967,100,100498,100,99962,100,100545,100,99961,100,100661,100,99944,100,100742,100,99899,100
2019-06-28 09:39:30.836088051,100127,237,100104,144,100150,237,100001,237,100195,100,99996,100,100242,100,99991,200,100299,100,99987,100,100332,100,99967,100,100498,100,99962,100,100545,100,99961,100,100599,100,99944,100,100661,100,99899,100
2019-06-28 09:39:33.173607829,100127,237,100104,144,100150,237,100001,237,100195,100,99996,100,100242,100,99991,200,100299,100,99987,100,100332,100,99967,100,100498,100,99962,100,100545,100,99961,100,100560,100,99944,100,100599,100,99899,100
2019-06-28 09:39:33.986852829,100127,237,100104,144,100150,237,100001,237,100195,100,99996,100,100242,100,99991,200,100299,100,99987,100,100332,100,99967,100,100498,100,99961,100,100545,100,99944,100,100560,100,99899,100,100599,100,99897,100
2019-06-28 09:39:40.000000000,100127,237,100104,144,100150,237,100001,237,100195,100,99996,100,100242,100,99991,200,100299,100,99987,100,100332,100,99967,100,100498,100,99961,100,100545,100,99944,100,100560,100,99899,100,100599,100,99897,100
2019-06-28 09:39:40.521744801,100127,237,100105,100,100150,237,100104,144,100195,100,100001,237,100242,100,99996,100,100299,100,99991,100,100332,100,99987,100,100498,100,99967,100,100545,100,99961,100,100560,100,99944,100,100599,100,99899,100
2019-06-28 09:39:46.069720093,100127,237,100105,100,100150,237,100104,144,100195,100,100001,237,100242,100,99996,100,100299,100,99991,100,100332,100,99987,100,100498,100,99967,100,100545,100,99961,100,100560,100,99944,100,100599,100,99899,100
2019-06-28 09:39:50.000000000,100127,155,100105,155,100150,155,100104,62,100195,155,100001,155,100242,155,99996,155,100299,155,99991,155,100332,100,99987,100,100498,100,99967,100,100545,100,99961,100,100560,100,99944,100,100599,100,99899,100
2019-06-28 09:39:50.250829255,100127,155,100105,255,100150,155,100104,62,100195,155,100001,155,100242,155,99996,155,100299,155,99991,155,100332,100,99987,100,100498,100,99967,100,100545,100,99961,100,100560,100,99944,100,100599,100,99899,100
2019-06-28 09:39:53.272319752,100127,155,100105,255,100150,155,100104,62,100195,155,100001,155,100242,155,99996,155,100299,55,99991,155,100332,100,99987,100,100498,100,99967,100,100545,100,99961,100,100560,100,99944,100,100564,100,99899,100
2019-06-28 09:39:54.520097429,100127,155,100105,255,100150,155,100104,62,100195,155,100001,155,100242,155,99996,155,100284,100,99991,155,100299,55,99987,100,100332,100,99967,100,100498,100,99961,100,100545,100,99944,100,100560,100,99899,100
2019-06-28 09:40:00.000000000,100127,155,100105,255,100150,155,100104,62,100195,155,100001,155,100242,155,99996,155,100284,155,99991,155,100332,100,99987,100,100498,100,99967,100,100545,100,99961,100,100560,100,99944,100,100564,100,99899,100
2019-06-28 09:40:10.000000000,100127,155,100105,255,100150,155,100104,62,100195,155,100001,155,100242,155,99996,155,100284,155,99991,155,100332,100,99987,100,100498,100,99967,100,100545,100,99961,100,100560,100,99944,100,100564,100,99899,100
2019-06-28 09:40:15.264258637,100113,100,100105,255,100127,155,100104,62,100150,155,100001,155,100195,155,99996,155,100242,155,99991,155,100284,155,99987,100,100332,100,99967,100,100498,100,99961,100,100545,100,99944,100,100560,100,99899,100
2019-06-28 09:40:17.174069523,100113,100,100105,355,100127,155,100104,62,100150,155,100001,155,100195,155,99996,155,100242,155,99991,155,100284,155,99987,100,100332,100,99967,100,100498,100,99961,100,100545,100,99944,100,100560,100,99899,100
2019-06-28 09:40:20.000000000,100113,237,100105,437,100127,237,100104,144,100150,100,100001,100,100195,100,99996,100,100242,100,99991,100,100284,100,99987,100,100332,100,99967,100,100498,100,99961,100,100545,100,99944,100,100560,100,99899,100
2019-06-28 09:40:22.649098155,100113,237,100105,437,100116,100,100104,144,100127,237,100001,100,100150,100,99996,100,100195,100,99991,100,100242,100,99987,100,100284,100,99967,100,100332,100,99961,100,100498,100,99944,100,100545,100,99899,100
2019-06-28 09:40:30.000000000,100113,155,100105,355,100116,155,100104,62,100127,155,100001,155,100150,155,99996,155,100195,155,99991,155,100242,100,99987,100,100284,100,99967,100,100332,100,99961,100,100498,100,99944,100,100545,100,99899,100
2019-06-28 09:40:40.000000000,100113,237,100105,437,100116,237,100104,144,100127,100,100001,100,100150,100,99996,100,100195,100,99991,100,100242,100,99987,100,100284,100,99967,100,100332,100,99961,100,100498,100,99944,100,100545,100,99899,100
2019-06-28 09:40:50.000000000,100113,374,100105,574,100116,100,100104,7,100127,100,100001,100,100150,100,99996,100,100195,100,99991,100,100242,100,99987,100,100284,100,99967,100,100332,100,99961,100,100498,100,99944,100,100545,100,99899,100
2019-06-28 09:40:50.917307889,100113,374,100105,574,100116,100,100104,7,100127,100,100001,100,100150,100,99996,100,100195,100,99991,100,100242,100,99987,100,100284,100,99967,100,100332,100,99961,100,100498,100,99944,100,100545,100,99899,100
2019-06-28 09:41:00.000000000,100113,374,100105,574,100116,100,100104,7,100127,100,100001,100,100150,100,99996,100,100195,100,99991,100,100242,100,99987,100,100284,100,99967,100,100332,100,99961,100,100498,100,99944,100,100545,100,99899,100
2019-06-28 09:41:01.793040950,100113,374,100105,574,100116,100,100104,7,100127,100,100001,100,100150,100,99996,100,100195,100,99991,100,100242,100,99987,100,100284,100,99967,100,100332,100,99961,100,100498,100,99944,100,100545,100,99899,100
2019-06-28 09:41:10.000000000,100113,374,100105,574,100116,100,100104,7,100127,100,100001,100,100150,100,99996,100,100195,100,99991,100,100242,100,99987,100,100284,100,99967,100,100332,100,99961,100,100498,100,99944,100,100545,100,99899,100
2019-06-28 09:41:17.404409965,100113,374,100105,474,100116,100,100104,7,100127,100,100001,100,100150,100,99996,100,100195,100,99991,100,100242,100,99987,100,100284,100,99967,100,100332,100,99961,100,100498,100,99944,100,100545,100,99899,100
2019-06-28 09:41:19.506532853,100113,374,100105,374,100116,100,100104,7,100127,100,100001,100,100150,100,99996,100,100195,100,99991,100,100242,100,99987,100,100284,100,99967,100,100332,100,99961,100,100545,100,99944,100,100560,100,99899,100
2019-06-28 09:41:20.000000000,100113,374,100105,374,100116,100,100104,7,100127,100,100001,100,100150,100,99996,100,100195,100,99991,100,100242,100,99987,100,100284,100,99967,100,100332,100,99961,100,100545,100,99944,100,100560,100,99899,100
2019-06-28 09:41:30.000000000,100113,168,100105,168,100116,168,100104,75,100127,168,100001,168,100150,168,99996,168,100195,100,99991,100,100242,100,99987,100,100284,100,99967,100,100332,100,99961,100,100545,100,99944,100,100560,100,99899,100
2019-06-28 09:41:32.315362533,100113,168,100105,68,100116,168,100104,75,100127,168,100001,168,100150,168,99996,168,100195,100,99991,100,100242,100,99987,100,100284,100,99967,100,100545,100,99961,100,100560,100,99944,100,100564,100,99899,100
2019-06-28 09:41:40.000000000,100113,374,100104,281,100116,100,100001,100,100127,100,99996,100,100150,100,99991,100,100195,100,99987,100,100242,100,99967,100,100284,100,99961,100,100545,100,99944,100,100560,100,99899,100,100564,100,99897,100
2019-06-28 09:41:46.384249322,100113,374,100104,181,100116,100,100001,100,100127,100,99996,100,100150,100,99991,100,100195,100,99987,100,100242,100,99967,100,100284,100,99961,100,100545,100,99944,100,100560,100,99899,100,100564,100,99897,100
2019-06-28 09:41:50.000000000,100113,168,100001,168,100116,168,99996,168,100127,168,99991,168,100150,168,99987,168,100195,100,99967,100,100242,100,99961,100,100284,100,99944,100,100545,100,99899,100,100560,100,99897,100,100564,100,99876,100
2019-06-28 09:42:00.000000000,100113,155,100001,155,100116,155,99996,155,100127,155,99991,155,100150,155,99987,155,100195,155,99967,155,100242,100,99961,100,100284,100,99944,100,100545,100,99899,100,100560,100,99897,100,100564,100,99876,100
2019-06-28 09:42:06.651999333,100053,100,100001,155,100113,55,99996,155,100116,155,99991,155,100127,155,99987,155,100150,155,99967,155,100195,155,99961,100,100242,100,99944,100,100284,100,99899,100,100545,100,99897,100,100560,100,99876,100
2019-06-28 09:42:10.000000000,100053,374,100001,374,100116,100,99996,100,100127,100,99991,100,100150,100,99987,100,100195,100,99967,100,100242,100,99961,100,100284,100,99944,100,100545,100,99899,100,100560,100,99897,100,100564,100,99876,100
2019-06-28 09:42:20.000000000,100053,374,100001,374,100116,100,99996,100,100127,100,99991,100,100150,100,99987,100,100195,100,99967,100,100242,100,99961,100,100284,100,99944,100,100545,100,99899,100,100560,100,99897,100,100564,100,99876,100
2019-06-28 09:42:23.535796919,100053,374,100001,374,100116,100,99996,100,100127,100,99991,100,100150,100,99987,100,100168,100,99967,100,100195,100,99961,100,100242,100,99944,100,100284,100,99899,100,100545,100,99897,100,100560,100,99876,100
2019-06-28 09:42:24.964599232,100053,374,100042,100,100116,100,100001,374,100127,100,99996,100,100150,100,99991,100,100168,100,99987,100,100195,100,99967,100,100242,100,99961,100,100284,100,99944,100,100545,100,99899,100,100564,100,99897,100
2019-06-28 09:42:30.000000000,100053,155,100042,155,100116,155,100001,155,100127,155,99996,155,100150,155,99991,155,100168,155,99987,155,100195,100,99967,100,100242,100,99961,100,100284,100,99944,100,100545,100,99899,100,100564,100,99897,100
2019-06-28 09:42:40.000000000,100053,237,100042,237,100116,237,100001,237,100127,100,99996,100,100150,100,99991,100,100168,100,99987,100,100195,100,99967,100,100242,100,99961,100,100284,100,99944,100,100545,100,99899,100,100564,100,99897,100
2019-06-28 09:42:50.000000000,100053,155,100042,155,100116,155,100001,155,100127,155,99996,155,100150,155,99991,155,100168,155,99987,155,100195,100,99967,100,100242,100,99961,100,100284,100,99944,100,100545,100,99899,100,100564,100,99897,100
2019-06-28 09:43:00.000000000,100053,168,100042,168,100116,168,100001,168,100127,168,99996,168,100150,168,99991,168,100168,100,99987,100,100195,100,99967,100,100242,100,99961,100,100284,100,99944,100,100545,100,99899,100,100564,100,99897,100
2019-06-28 09:43:10.000000000,100053,374,100042,374,100116,100,100001,100,100127,100,99996,100,100150,100,99991,100,100168,100,99987,100,100195,100,99967,100,100242,100,99961,100,100284,100,99944,100,100545,100,99899,100,100564,100,99897,100
2019-06-28 09:43:12.206086589,100053,374,100042,374,100116,100,100001,100,100127,100,99996,100,100150,100,99991,100,100168,100,99987,100,100195,100,99967,100,100242,100,99944,100,100284,100,99899,100,100545,100,99897,100,100564,100,99876,100
2019-06-28 09:43:15.968309205,100053,374,100042,374,100105,100,100001,100,100116,100,99996,100,100127,100,99991,100,100150,100,99987,100,100168,100,99967,100,100195,100,99944,100,100242,100,99899,100,100284,100,99897,100,100545,100,99876,100
2019-06-28 09:43:20.000000000,100053,237,100042,237,100105,237,100001,237,100116,100,99996,100,100127,100,99991,100,100150,100,99987,100,100168,100,99967,100,100195,100,99944,100,100242,100,99899,100,100284,100,99897,100,100545,100,99876,100
2019-06-28 09:43:30.000000000,100053,168,100042,168,100105,168,100001,168,100116,168,99996,168,100127,168,99991,168,100150,100,99987,100,100168,100,99967,100,100195,100,99944,100,100242,100,99899,100,100284,100,99897,100,100545,100,99876,100
2019-06-28 09:43:40.000000000,100053,155,100042,155,100105,155,100001,155,100116,155,99996,155,100127,155,99991,155,100150,155,99987,155,100168,100,99967,100,100195,100,99944,100,100242,100,99899,100,100284,100,99897,100,100545,100,99876,100
2019-06-28 09:43:49.025484251,100053,155,100042,155,100105,255,100001,155,100116,155,99996,155,100127,155,99991,155,100150,155,99987,155,100168,100,99967,100,100195,100,99944,100,100242,100,99899,100,100284,100,99897,100,100545,100,99876,100
2019-06-28 09:43:50.000000000,100053,237,100042,237,100105,337,100001,237,100116,100,99996,100,100127,100,99991,100,100150,100,99987,100,100168,100,99967,100,100195,100,99944,100,100242,100,99899,100,100284,100,99897,100,100545,100,99876,100
2019-06-28 09:44:00.000000000,100053,155,100042,155,100105,255,100001,155,100116,155,99996,155,100127,155,99991,155,100150,155,99987,155,100168,100,99967,100,100195,100,99944,100,100242,100,99899,100,100284,100,99897,100,100545,100,99876,100
2019-06-28 09:44:06.058242677,100053,55,100042,155,100105,255,100001,155,100116,155,99996,155,100127,155,99991,155,100150,155,99987,155,100168,100,99967,100,100195,100,99944,100,100242,100,99899,100,100545,100,99897,100,100564,100,99876,100
2019-06-28 09:44:10.000000000,100105,474,100042,374,100116,100,100001,100,100127,100,99996,100,100150,100,99991,100,100168,100,99987,100,100195,100,99967,100,100242,100,99944,100,100545,100,99899,100,100564,100,99897,100,100599,100,99876,100
2019-06-28 09:44:10.138895859,100105,474,100042,374,100116,100,100001,100,100127,100,99996,100,100150,100,99991,100,100168,100,99987,100,100195,100,99967,100,100242,100,99944,100,100545,100,99899,100,100564,100,99897,100,100599,100,99876,100
2019-06-28 09:44:11.195043327,100105,474,100042,374,100116,100,100001,100,100127,100,99996,100,100150,100,99991,100,100168,100,99987,100,100195,100,99967,100,100242,100,99944,100,100318,100,99899,100,100545,100,99897,100,100564,100,99876,100
2019-06-28 09:44:20.000000000,100105,474,100042,374,100116,100,100001,100,100127,100,99996,100,100150,100,99991,100,100168,100,99987,100,100195,100,99967,100,100242,100,99944,100,100318,100,99899,100,100545,100,99897,100,100564,100,99876,100
2019-06-28 09:44:30.000000000,100105,293,100042,193,100116,190,100001,190,100127,190,99996,190,100150,100,99991,100,100168,100,99987,100,100195,100,99967,100,100242,100,99944,100,100318,100,99899,100,100545,100,99897,100,100564,100,99876,100
2019-06-28 09:44:39.606614763,100105,293,100042,193,100116,190,100001,190,100127,190,99996,190,100150,100,99991,100,100168,100,99987,100,100195,100,99967,100,100242,100,99944,100,100318,100,99899,100,100545,100,99897,100,100564,100,99876,100
2019-06-28 09:44:40.000000000,100105,337,100042,237,100116,237,100001,237,100127,100,99996,100,100150,100,99991,100,100168,100,99987,100,100195,100,99967,100,100242,100,99944,100,100318,100,99899,100,100545,100,99897,100,100564,100,99876,100
2019-06-28 09:44:50.000000000,100105,337,100042,237,100116,237,100001,237,100127,100,99996,100,100150,100,99991,100,100168,100,99987,100,100195,100,99967,100,100242,100,99944,100,100318,100,99899,100,100545,100,99897,100,100564,100,99876,100
2019-06-28 09:44:52.302523685,100105,337,100042,237,100116,237,100001,237,100127,100,99996,100,100150,100,99991,100,100168,100,99987,100,100195,100,99967,100,100242,100,99944,100,100318,100,99899,100,100545,100,99897,100,100564,100,99876,100
2019-06-28 09:44:52.628160114,100105,337,100042,137,100116,237,100001,237,100127,100,99996,100,100150,100,99991,100,100168,100,99987,100,100195,100,99967,100,100242,100,99944,100,100318,100,99899,100,100545,100,99897,100,100564,100,99876,100
2019-06-28 09:45:00.000000000,100105,255,100001,155,100116,155,99996,155,100127,155,99991,155,100150,155,99987,155,100168,155,99967,155,100195,100,99944,100,100242,100,99899,100,100318,100,99897,100,100545,100,99876,100,100564,100,99871,100
2019-06-28 09:45:10.000000000,100105,474,100001,374,100116,100,99996,100,100127,100,99991,100,100150,100,99987,100,100168,100,99967,100,100195,100,99944,100,100242,100,99899,100,100318,100,99897,100,100545,100,99876,100,100564,100,99871,100
2019-06-28 09:45:11.904430303,100105,474,100001,374,100116,100,99996,100,100127,100,99991,100,100150,100,99987,100,100168,100,99967,100,100195,100,99944,100,100242,100,99899,100,100318,100,99897,100,100545,100,99876,100,100564,100,99871,100
2019-06-28 09:45:20.000000000,100105,474,100001,374,100116,100,99996,100,100127,100,99991,100,100150,100,99987,100,100168,100,99967,100,100195,100,99944,100,100242,100,99899,100,100318,100,99897,100,100545,100,99876,100,100564,100,99871,100
2019-06-28 09:45:30.000000000,100105,293,100001,193,100116,190,99996,190,100127,190,99991,190,100150,100,99987,100,100168,100,99967,100,100195,100,99944,100,100242,100,99899,100,100318,100,99897,100,100545,100,99876,100,100564,100,99871,100
2019-06-28 09:45:40.000000000,100105,337,100001,237,100116,237,99996,237,100127,100,99991,100,100150,100,99987,100,100168,100,99967,100,100195,100,99944,100,100242,100,99899,100,100318,100,99897,100,100545,100,99876,100,100564,100,99871,100
2019-06-28 09:45:50.000000000,100105,337,100001,237,100116,237,99996,237,100127,100,99991,100,100150,100,99987,100,100168,100,99967,100,100195,100,99944,100,100242,100,99899,100,100318,100,99897,100,100545,100,99876,100,100564,100,99871,100
2019-06-28 09:46:00.000000000,100105,337,100001,237,100116,237,99996,237,100127,100,99991,100,100150,100,99987,100,100168,100,99967,100,100195,100,99944,100,100242,100,99899,100,100318,100,99897,100,100545,100,99876,100,100564,100,99871,100
2019-06-28 09:46:10.000000000,100105,293,100001,193,100116,190,99996,190,100127,190,99991,190,100150,100,99987,100,100168,100,99967,100,100195,100,99944,100,100242,100,99899,100,100318,100,99897,100,100545,100,99876,100,100564,100,99871,100
2019-06-28 09:46:17.917450104,100105,293,100001,93,100116,190,99996,190,100127,190,99991,190,100150,100,99987,100,100168,100,99967,100,100195,100,99944,100,100242,100,99899,100,100318,100,99897,100,100545,100,99876,100,100564,100,99871,100
2019-06-28 09:46:20.000000000,100105,255,99996,155,100116,155,99991,155,100127,155,99987,155,100150,155,99967,155,100168,155,99944,155,100195,100,99899,100,100242,100,99897,100,100318,100,99876,100,100545,100,99871,100,100564,100,99861,100
2019-06-28 09:46:30.000000000,100105,337,99996,237,100116,237,99991,237,100127,100,99987,100,100150,100,99967,100,100168,100,99944,100,100195,100,99899,100,100242,100,99897,100,100318,100,99876,100,100545,100,99871,100,100564,100,99861,100
2019-06-28 09:46:40.000000000,100105,337,99996,237,100116,237,99991,237,100127,100,99987,100,100150,100,99967,100,100168,100,99944,100,100195,100,99899,100,100242,100,99897,100,100318,100,99876,100,100545,100,99871,100,100564,100,99861,100
2019-06-28 09:46:40.117965392,100042,100,99996,237,100105,337,99991,237,100116,237,99987,100,100127,100,99967,100,100150,100,99944,100,100168,100,99899,100,100195,100,99897,100,100242,100,99876,100,100318,100,99871,100,100545,100,99861,100
2019-06-28 09:46:44.208342773,100042,200,99996,237,100105,337,99991,237,100116,237,99987,100,100127,100,99967,100,100150,100,99944,100,100168,100,99899,100,100195,100,99897,100,100242,100,99876,100,100318,100,99871,100,100545,100,99861,100
2019-06-28 09:46:47.859665043,100042,200,99996,137,100105,337,99991,237,100116,237,99987,100,100127,100,99967,100,100150,100,99944,100,100168,100,99899,100,100195,100,99897,100,100242,100,99876,100,100318,100,99871,100,100545,100,99861,100
2019-06-28 09:46:50.000000000,100042,268,99991,168,100105,268,99987,168,100116,168,99967,168,100127,168,99944,168,100150,100,99899,100,100168,100,99897,100,100195,100,99876,100,100242,100,99871,100,100318,100,99861,100,100545,100,99725,100
2019-06-28 09:47:00.000000000,100042,474,99991,374,100105,200,99987,100,100116,100,99967,100,100127,100,99944,100,100150,100,99899,100,100168,100,99897,100,100195,100,99876,100,100242,100,99871,100,100318,100,99861,100,100545,100,99725,100
2019-06-28 09:47:10.000000000,100042,293,99991,193,100105,290,99987,190,100116,190,99967,190,100127,100,99944,100,100150,100,99899,100,100168,100,99897,100,100195,100,99876,100,100242,100,99871,100,100318,100,99861,100,100545,100,99725,100
2019-06-28 09:47:10.743594114,100042,293,99991,193,100105,290,99987,190,100116,190,99967,190,100127,100,99944,100,100150,100,99899,100,100168,100,99897,100,100195,100,99876,100,100242,100,99871,100,100318,100,99861,100,100545,100,99725,100
2019-06-28 09:47:20.000000000,100042,337,99991,237,100105,337,99987,237,100116,100,99967,100,100127,100,99944,100,100150,100,99899,100,100168,100,99897,100,100195,100,99876,100,100242,100,99871,100,100318,100,99861,100,100545,100,99725,100
2019-06-28 09:47:25.565101462,100042,337,99991,237,100105,337,99987,237,100116,100,99967,100,100127,100,99944,100,100150,100,99897,100,100168,100,99876,100,100195,100,99871,100,100242,100,99861,100,100318,100,99725,100,100545,100,99654,100
2019-06-28 09:47:30.000000000,100042,293,99991,193,100105,290,99987,190,100116,190,99967,190,100127,100,99944,100,100150,100,99897,100,100168,100,99876,100,100195,100,99871,100,100242,100,99861,100,100318,100,99725,100,100545,100,99654,100
2019-06-28 09:47:36.311519548,100001,100,99991,193,100042,293,99987,190,100105,290,99967,190,100116,190,99944,100,100127,100,99897,100,100150,100,99876,100,100168,100,99871,100,100195,100,99861,100,100242,100,99725,100,100318,100,99654,100
2019-06-28 09:47:37.069704365,100001,100,99991,193,100042,293,99987,190,100105,290,99967,190,100116,190,99944,100,100127,100,99897,100,100150,100,99876,100,100168,100,99871,100,100195,100,99861,100,100242,100,99725,100,100318,100,99654,100
2019-06-28 09:47:40.000000000,100001,168,99991,168,100042,268,99987,168,100105,268,99967,168,100116,168,99944,168,100127,100,99897,100,100150,100,99876,100,100168,100,99871,100,100195,100,99861,100,100242,100,99725,100,100318,100,99654,100
2019-06-28 09:47:48.053119961,100001,268,99991,168,100042,268,99987,168,100105,268,99967,168,100116,168,99944,168,100127,100,99897,100,100150,100,99876,100,100168,100,99871,100,100195,100,99861,100,100242,100,99725,100,100318,100,99654,100
2019-06-28 09:47:50.000000000,100001,337,99991,237,100042,337,99987,237,100105,200,99967,100,100116,100,99944,100,100127,100,99897,100,100150,100,99876,100,100168,100,99871,100,100195,100,99861,100,100242,100,99725,100,100318,100,99654,100
2019-06-28 09:47:52.744777957,100001,337,99991,237,100042,337,99987,237,100105,200,99967,100,100116,100,99944,100,100127,100,99876,100,100150,100,99871,100,100168,100,99861,100,100195,100,99725,100,100242,100,99654,100,100318,100,99600,100
2019-06-28 09:47:53.851818999,100001,337,99991,137,100042,337,99987,237,100105,200,99967,100,100116,100,99944,100,100127,100,99876,100,100150,100,99871,100,100168,100,99861,100,100195,100,99725,100,100242,100,99654,100,100318,100,99600,100
2019-06-28 09:48:00.000000000,100001,255,99987,155,100042,255,99967,155,100105,255,99944,155,100116,155,99876,155,100127,155,99871,155,100150,100,99861,100,100168,100,99725,100,100195,100,99654,100,100242,100,99600,100,100318,100,99417,100
2019-06-28 09:48:03.373165257,100001,255,99987,155,100042,255,99967,155,100105,255,99944,155,100116,155,99876,155,100127,155,99871,155,100150,100,99861,100,100168,100,99725,100,100195,100,99654,100,100242,100,99600,100,100318,100,99417,100
2019-06-28 09:48:10.000000000,100001,268,99987,168,100042,268,99967,168,100105,268,99944,168,100116,168,99876,168,100127,100,99871,100,100150,100,99861,100,100168,100,99725,100,100195,100,99654,100,100242,100,99600,100,100318,100,99417,100
2019-06-28 09:48:20.000000000,100001,268,99987,168,100042,268,99967,168,100105,268,99944,168,100116,168,99876,168,100127,100,99871,100,100150,100,99861,100,100168,100,99725,100,100195,100,99654,100,100242,100,99600,100,100318,100,99417,100
2019-06-28 09:48:24.838290714,100001,268,99987,168,100042,268,99967,168,100105,268,99944,168,100116,168,99876,168,100127,100,99871,100,100150,100,99861,100,100168,100,99725,100,100195,100,99654,100,100242,100,99600,100,100318,100,99417,100
2019-06-28 09:48:30.000000000,100001,474,99987,374,100042,200,99967,100,100105,200,99944,100,100116,100,99876,100,100127,100,99871,100,100150,100,99861,100,100168,100,99725,100,100195,100,99654,100,100242,100,99600,100,100318,100,99417,100
2019-06-28 09:48:31.085842638,100001,474,99987,274,100042,200,99967,100,100105,200,99944,100,100116,100,99876,100,100127,100,99871,100,100150,100,99861,100,100168,100,99654,100,100195,100,99600,100,100242,100,99417,100,100318,100,99371,100
2019-06-28 09:48:40.000000000,100001,293,99967,193,100042,290,99944,190,100105,290,99876,190,100116,100,99871,100,100127,100,99861,100,100150,100,99654,100,100168,100,99600,100,100195,100,99417,100,100242,100,99371,100,100318,100,99190,100
2019-06-28 09:48:45.324283032,100001,293,99967,193,100042,290,99944,190,100105,290,99876,190,100116,100,99871,100,100127,100,99861,100,100150,100,99654,100,100168,100,99600,100,100195,100,99417,100,100242,100,99371,100,100318,100,99190,100
2019-06-28 09:48:50.000000000,100001,255,99967,155,100042,255,99944,155,100105,255,99876,155,100116,155,99871,155,100127,155,99861,155,100150,100,99654,100,100168,100,99600,100,100195,100,99417,100,100242,100,99371,100,100318,100,99190,100
2019-06-28 09:49:00.000000000,100001,337,99967,237,100042,337,99944,237,100105,200,99876,100,100116,100,99871,100,100127,100,99861,100,100150,100,99654,100,100168,100,99600,100,100195,100,99417,100,100242,100,99371,100,100318,100,99190,100
2019-06-28 09:49:06.732358763,100001,337,99967,237,100042,337,99944,237,100105,200,99876,100,100116,100,99871,100,100127,100,99861,100,100150,100,99654,100,100168,100,99600,100,100195,100,99417,100,100242,100,99371,100,100545,100,99249,100
2019-06-28 09:49:10.000000000,100001,268,99967,168,100042,268,99944,168,100105,268,99876,168,100116,168,99871,168,100127,100,99861,100,100150,100,99654,100,100168,100,99600,100,100195,100,99417,100,100242,100,99371,100,100545,100,99249,100
2019-06-28 09:49:19.468068766,100001,268,99967,68,100042,268,99944,168,100105,268,99876,68,100116,168,99871,168,100127,100,99861,100,100150,100,99654,100,100168,100,99600,100,100195,100,99417,100,100242,100,99371,100,100545,100,99249,100
2019-06-28 09:49:20.000000000,100001,293,99944,193,100042,290,99871,190,100105,290,99861,190,100116,100,99654,100,100127,100,99600,100,100150,100,99417,100,100168,100,99371,100,100195,100,99249,100,100242,100,99190,100,100545,100,99171,100
2019-06-28 09:49:24.314106514,100001,193,99944,193,100042,290,99871,190,100105,290,99861,190,100116,100,99654,100,100127,100,99600,100,100150,100,99417,100,100168,100,99371,100,100195,100,99249,100,100242,100,99190,100,100545,100,99171,100
2019-06-28 09:49:30.000000000,100001,168,99944,168,100042,268,99871,168,100105,268,99861,168,100116,168,99654,168,100127,100,99600,100,100150,100,99417,100,100168,100,99371,100,100195,100,99249,100,100242,100,99190,100,100545,100,99171,100
2019-06-28 09:49:31.766925433,100001,168,99944,68,100042,268,99871,168,100105,268,99861,168,100116,168,99654,168,100127,100,99417,100,100150,100,99371,100,100168,100,99249,100,100195,100,99190,100,100242,100,99171,100,100545,100,99152,100
2019-06-28 09:49:33.474391439,100001,168,99944,68,100042,268,99871,168,100105,168,99861,168,100116,168,99654,168,100127,100,99417,100,100150,100,99371,100,100168,100,99249,100,100195,100,99190,100,100242,100,99171,100,100545,100,99152,100
2019-06-28 09:49:40.000000000,100001,155,99871,155,100042,255,99861,155,100105,155,99654,155,100116,155,99417,155,100127,155,99371,155,100150,100,99249,100,100168,100,99190,100,100195,100,99171,100,100242,100,99152,100,100545,100,99151,100
2019-06-28 09:49:48.765709325,100001,155,99871,155,100042,255,99861,155,100105,155,99654,155,100116,155,99636,100,100127,155,99417,155,100150,100,99371,155,100168,100,99249,100,100195,100,99190,100,100242,100,99171,100,100545,100,99152,100
2019-06-28 09:49:50.000000000,100001,374,99871,374,100042,200,99861,100,100105,100,99654,100,100116,100,99636,100,100127,100,99417,100,100150,100,99371,100,100168,100,99249,100,100195,100,99190,100,100242,100,99171,100,100545,100,99152,100
2019-06-28 09:50:00.000000000,100001,168,99871,168,100042,268,99861,168,100105,168,99654,168,100116,168,99636,168,100127,100,99417,100,100150,100,99371,100,100168,100,99249,100,100195,100,99190,100,100242,100,99171,100,100545,100,99152,100
2019-06-28 09:50:07.093731330,99894,100,99871,168,100001,168,99861,168,100042,268,99654,168,100105,168,99636,168,100116,168,99417,100,100127,100,99371,100,100150,100,99249,100,100168,100,99190,100,100195,100,99171,100,100242,100,99152,100
2019-06-28 09:50:10.000000000,99894,155,99871,155,100001,155,99861,155,100042,255,99654,155,100105,155,99636,155,100116,155,99417,155,100127,100,99371,100,100150,100,99249,100,100168,100,99190,100,100195,100,99171,100,100242,100,99152,100
2019-06-28 09:50:20.000000000,99894,374,99871,374,100001,100,99861,100,100042,200,99654,100,100105,100,99636,100,100116,100,99417,100,100127,100,99371,100,100150,100,99249,100,100168,100,99190,100,100195,100,99171,100,100242,100,99152,100
2019-06-28 09:50:26.324199141,99894,374,99871,374,100001,100,99861,100,100042,200,99654,100,100105,100,99636,100,100116,100,99417,100,100127,100,99371,100,100150,100,99249,100,100168,100,99190,100,100195,100,99152,100,100242,100,99151,100
2019-06-28 09:50:30.000000000,99894,193,99871,193,100001,190,99861,190,100042,290,99654,190,100105,100,99636,100,100116,100,99417,100,100127,100,99371,100,100150,100,99249,100,100168,100,99190,100,100195,100,99152,100,100242,100,99151,100
2019-06-28 09:50:40.000000000,99894,155,99871,155,100001,155,99861,155,100042,255,99654,155,100105,155,99636,155,100116,155,99417,155,100127,100,99371,100,100150,100,99249,100,100168,100,99190,100,100195,100,99152,100,100242,100,99151,100
2019-06-28 09:50:50.000000000,99894,374,99871,374,100001,100,99861,100,100042,200,99654,100,100105,100,99636,100,100116,100,99417,100,100127,100,99371,100,100150,100,99249,100,100168,100,99190,100,100195,100,99152,100,100242,100,99151,100
2019-06-28 09:51:00.000000000,99894,168,99871,168,100001,168,99861,168,100042,268,99654,168,100105,168,99636,168,100116,100,99417,100,100127,100,99371,100,100150,100,99249,100,100168,100,99190,100,100195,100,99152,100,100242,100,99151,100
2019-06-28 09:51:10.000000000,99894,374,99871,374,100001,100,99861,100,100042,200,99654,100,100105,100,99636,100,100116,100,99417,100,100127,100,99371,100,100150,100,99249,100,100168,100,99190,100,100195,100,99152,100,100242,100,99151,100
2019-06-28 09:51:20.000000000,99894,374,99871,374,100001,100,99861,100,100042,200,99654,100,100105,100,99636,100,100116,100,99417,100,100127,100,99371,100,100150,100,99249,100,100168,100,99190,100,100195,100,99152,100,100242,100,99151,100
2019-06-28 09:51:28.197313229,99894,274,99871,374,100001,100,99861,100,100042,200,99654,100,100105,100,99636,100,100116,100,99417,100,100127,100,99371,100,100150,100,99249,100,100168,100,99190,100,100195,100,99152,100,100242,100,99151,100
2019-06-28 09:51:30.000000000,100001,155,99871,155,100042,255,99861,155,100105,155,99654,155,100116,155,99636,155,100127,155,99417,155,100150,100,99371,100,100168,100,99249,100,100195,100,99190,100,100242,100,99152,100,100276,100,99151,100
2019-06-28 09:51:33.331632877,100001,155,99945,100,100042,255,99871,155,100105,155,99861,155,100116,155,99654,155,100127,155,99636,155,100150,100,99417,155,100168,100,99371,100,100195,100,99249,100,100242,100,99190,100,100276,100,99152,100
2019-06-28 09:51:40.000000000,100001,168,99945,168,100042,268,99871,168,100105,168,99861,168,100116,168,99654,168,100127,100,99636,100,100150,100,99417,100,100168,100,99371,100,100195,100,99249,100,100242,100,99190,100,100276,100,99152,100
2019-06-28 09:51:50.000000000,100001,193,99945,193,100042,290,99871,190,100105,190,99861,190,100116,100,99654,100,100127,100,99636,100,100150,100,99417,100,100168,100,99371,100,100195,100,99249,100,100242,100,99190,100,100276,100,99152,100
2019-06-28 09:51:50.756652736,100001,193,99945,193,100042,290,99871,190,100105,190,99861,190,100116,100,99654,100,100127,100,99636,100,100150,100,99417,100,100168,100,99371,100,100195,100,99249,100,100242,100,99190,100,100276,100,99152,100
2019-06-28 09:51:58.951009652,100001,193,99945,193,100042,290,99871,190,100105,190,99861,190,100116,100,99654,100,100127,100,99636,100,100150,100,99417,100,100168,100,99371,100,100195,100,99249,100,100242,100,99190,100,100276,100,99152,100
2019-06-28 09:52:00.000000000,100001,237,99945,237,100042,337,99871,237,100105,100,99861,100,100116,100,99654,100,100127,100,99636,100,100150,100,99417,100,100168,100,99371,100,100195,100,99249,100,100242,100,99190,100,100276,100,99152,100
2019-06-28 09:52:07.020460106,100001,237,99945,337,100042,337,99871,237,100105,100,99861,100,100116,100,99654,100,100127,100,99636,100,100150,100,99417,100,100168,100,99371,100,100195,100,99249,100,100242,100,99190,100,100276,100,99152,100
2019-06-28 09:52:10.000000000,100001,374,99945,474,100042,200,99871,100,100105,100,99861,100,100116,100,99654,100,100127,100,99636,100,100150,100,99417,100,100168,100,99371,100,100195,100,99249,100,100242,100,99190,100,100276,100,99152,100
2019-06-28 09:52:20.000000000,100001,193,99945,293,100042,290,99871,190,100105,190,99861,190,100116,100,99654,100,100127,100,99636,100,100150,100,99417,100,100168,100,99371,100,100195,100,99249,100,100242,100,99190,100,100276,100,99152,100
2019-06-28 09:52:28.721468778,100001,193,99945,393,100042,290,99871,190,100105,190,99861,190,100116,100,99654,100,100127,100,99636,100,100150,100,99417,100,100168,100,99371,100,100195,100,99249,100,100242,100,99190,100,100276,100,99152,100
2019-06-28 09:52:30.000000000,100001,237,99945,437,100042,337,99871,237,100105,100,99861,100,100116,100,99654,100,100127,100,99636,100,100150,100,99417,100,100168,100,99371,100,100195,100,99249,100,100242,100,99190,100,100276,100,99152,100
2019-06-28 09:52:40.000000000,100001,193,99945,393,100042,290,99871,190,100105,190,99861,190,100116,100,99654,100,100127,100,99636,100,100150,100,99417,100,100168,100,99371,100,100195,100,99249,100,100242,100,99190,100,100276,100,99152,100
2019-06-28 09:52:50.000000000,100001,168,99945,368,100042,268,99871,168,100105,168,99861,168,100116,168,99654,168,100127,100,99636,100,100150,100,99417,100,100168,100,99371,100,100195,100,99249,100,100242,100,99190,100,100276,100,99152,100
2019-06-28 09:53:00.000000000,100001,193,99945,393,100042,290,99871,190,100105,190,99861,190,100116,100,99654,100,100127,100,99636,100,100150,100,99417,100,100168,100,99371,100,100195,100,99249,100,100242,100,99190,100,100276,100,99152,100
2019-06-28 09:53:10.000000000,100001,237,99945,437,100042,337,99871,237,100105,100,99861,100,100116,100,99654,100,100127,100,99636,100,100150,100,99417,100,100168,100,99371,100,100195,100,99249,100,100242,100,99190,100,100276,100,99152,100
2019-06-28 09:53:13.775471576,100001,237,99945,537,100042,337,99871,237,100105,100,99861,100,100127,100,99654,100,100150,100,99636,100,100168,100,99417,100,100195,100,99371,100,100242,100,99249,100,100276,100,99190,100,100545,100,99152,100
2019-06-28 09:53:20.000000000,100001,193,99945,493,100042,290,99871,190,100105,190,99861,190,100127,100,99654,100,100150,100,99636,100,100168,100,99417,100,100195,100,99371,100,100242,100,99249,100,100276,100,99190,100,100545,100,99152,100
2019-06-28 09:53:30.000000000,100001,237,99945,537,100042,337,99871,237,100105,100,99861,100,100127,100,99654,100,100150,100,99636,100,100168,100,99417,100,100195,100,99371,100,100242,100,99249,100,100276,100,99190,100,100545,100,99152,100
2019-06-28 09:53:33.151664318,100001,237,99945,537,100042,337,99871,237,100105,100,99861,100,100127,100,99654,100,100150,100,99636,100,100168,100,99417,100,100195,100,99371,100,100242,100,99249,100,100276,100,99190,100,100545,100,99152,100
2019-06-28 09:53:40.000000000,100001,155,99945,455,100042,255,99871,155,100105,155,99861,155,100127,155,99654,155,100150,155,99636,155,100168,100,99417,100,100195,100,99371,100,100242,100,99249,100,100276,100,99190,100,100545,100,99152,100
2019-06-28 09:53:49.520094773,100001,55,99945,455,100042,255,99871,155,100105,155,99861,155,100127,155,99654,155,100150,155,99636,155,100168,100,99417,100,100195,100,99371,100,100242,100,99249,100,100276,100,99190,100,100545,100,99152,100
2019-06-28 09:53:50.000000000,100042,268,99945,468,100105,168,99871,168,100127,168,99861,168,100150,168,99654,168,100168,100,99636,100,100195,100,99417,100,100242,100,99371,100,100276,100,99249,100,100545,100,99190,100,100609,100,99152,100
2019-06-28 09:53:53.435819251,100042,168,99945,468,100105,168,99871,168,100127,168,99861,168,100150,168,99654,168,100168,100,99636,100,100195,100,99417,100,100242,100,99249,100,100276,100,99190,100,100545,100,99152,100,100609,100,99151,100
2019-06-28 09:54:00.000000000,100042,168,99945,468,100105,168,99871,168,100127,168,99861,168,100150,168,99654,168,100168,100,99636,100,100195,100,99417,100,100242,100,99249,100,100276,100,99190,100,100545,100,99152,100,100609,100,99151,100
2019-06-28 09:54:10.000000000,100042,155,99945,455,100105,155,99871,155,100127,155,99861,155,100150,155,99654,155,100168,155,99636,155,100195,100,99417,100,100242,100,99249,100,100276,100,99190,100,100545,100,99152,100,100609,100,99151,100
2019-06-28 09:54:11.824890498,100042,55,99945,455,100105,155,99871,155,100127,155,99861,155,100150,55,99654,155,100168,155,99636,155,100195,100,99417,100,100242,100,99249,100,100276,100,99190,100,100545,100,99152,100,100609,100,99151,100
2019-06-28 09:54:15.547189486,100042,55,99945,455,100105,155,99871,155,100127,155,99861,155,100150,55,99654,155,100168,155,99636,155,100195,100,99417,100,100242,100,99249,100,100276,100,99190,100,100545,100,99152,100,100609,100,99151,100
2019-06-28 09:54:20.000000000,100105,155,99945,455,100127,155,99871,155,100168,155,99861,155,100195,155,99654,155,100242,155,99636,155,100276,100,99417,100,100545,100,99249,100,100609,100,99190,100,100661,100,99152,100,100983,100,99151,100
2019-06-28 09:54:21.362091279,100105,155,99945,355,100127,155,99871,155,100168,155,99861,155,100195,155,99654,155,100242,155,99636,155,100276,100,99417,100,100545,100,99249,100,100609,100,99190,100,100661,100,99152,100,100983,100,99151,100
2019-06-28 09:54:26.252490497,100105,155,100042,100,100127,155,99945,355,100168,155,99871,155,100195,155,99861,155,100242,155,99654,155,100276,100,99636,155,100545,100,99417,100,100609,100,99249,100,100661,100,99190,100,100983,100,99152,100
2019-06-28 09:54:30.000000000,100105,155,100042,155,100127,155,99945,355,100168,155,99871,155,100195,155,99861,155,100242,155,99654,155,100276,100,99636,100,100545,100,99417,100,100609,100,99249,100,100661,100,99190,100,100983,100,99152,100
2019-06-28 09:54:31.215454429,100105,155,100042,155,100127,155,99945,355,100168,155,99871,155,100195,155,99861,155,100242,155,99654,155,100276,100,99636,100,100545,100,99417,100,100609,100,99249,100,100661,100,99190,100,100983,100,99152,100
2019-06-28 09:54:40.000000000,100105,155,100042,155,100127,155,99945,355,100168,155,99871,155,100195,155,99861,155,100242,155,99654,155,100276,100,99636,100,100545,100,99417,100,100609,100,99249,100,100661,100,99190,100,100983,100,99152,100
2019-06-28 09:54:40.732177079,100105,155,100042,155,100127,155,99945,355,100168,155,99871,155,100195,155,99861,155,100242,155,99654,155,100276,100,99636,100,100545,100,99417,100,100609,100,99249,100,100661,100,99190,100,100983,100,99152,100
2019-06-28 09:54:50.000000000,100105,168,100042,168,100127,168,99945,368,100168,168,99871,168,100195,168,99861,168,100242,100,99654,100,100276,100,99636,100,100545,100,99417,100,100609,100,99249,100,100661,100,99190,100,100983,100,99152,100
2019-06-28 09:54:55.100493419,100105,68,100042,168,100127,168,99945,368,100168,168,99871,168,100195,168,99861,168,100242,100,99654,100,100276,100,99636,100,100545,100,99417,100,100609,100,99249,100,100661,100,99190,100,100983,100,99152,100
2019-06-28 09:55:00.000000000,100127,168,100042,168,100168,168,99945,368,100195,168,99871,168,100242,168,99861,168,100276,100,99654,100,100545,100,99636,100,100609,100,99417,100,100661,100,99249,100,100983,100,99190,100,101052,100,99152,100
2019-06-28 09:55:10.000000000,100127,374,100042,374,100168,100,99945,300,100195,100,99871,100,100242,100,99861,100,100276,100,99654,100,100545,100,99636,100,100609,100,99417,100,100661,100,99249,100,100983,100,99190,100,101052,100,99152,100
2019-06-28 09:55:20.000000000,100127,237,100042,237,100168,237,99945,437,100195,100,99871,100,100242,100,99861,100,100276,100,99654,100,100545,100,99636,100,100609,100,99417,100,100661,100,99249,100,100983,100,99190,100,101052,100,99152,100
2019-06-28 09:55:22.239745334,100127,237,100043,100,100168,237,100042,237,100195,100,99945,437,100242,100,99871,100,100276,100,99861,100,100545,100,99654,100,100609,100,99636,100,100661,100,99417,100,100983,100,99249,100,101052,100,99190,100
2019-06-28 09:55:30.000000000,100127,237,100043,237,100168,237,100042,237,100195,100,99945,300,100242,100,99871,100,100276,100,99861,100,100545,100,99654,100,100609,100,99636,100,100661,100,99417,100,100983,100,99249,100,101052,100,99190,100
2019-06-28 09:55:40.000000000,100127,237,100043,237,100168,237,100042,237,100195,100,99945,300,100242,100,99871,100,100276,100,99861,100,100545,100,99654,100,100609,100,99636,100,100661,100,99417,100,100983,100,99249,100,101052,100,99190,100
2019-06-28 09:55:50.000000000,100127,168,100043,168,100168,168,100042,168,100195,168,99945,368,100242,168,99871,168,100276,100,99861,100,100545,100,99654,100,100609,100,99636,100,100661,100,99417,100,100983,100,99249,100,101052,100,99190,100
2019-06-28 09:56:00.000000000,100127,168,100043,168,100168,168,100042,168,100195,168,99945,368,100242,168,99871,168,100276,100,99861,100,100545,100,99654,100,100609,100,99636,100,100661,100,99417,100,100983,100,99249,100,101052,100,99190,100
2019-06-28 09:56:05.228256714,100127,168,100043,168,100168,168,100042,168,100195,168,99945,368,100242,168,99871,168,100276,100,99861,100,100545,100,99654,100,100609,100,99636,100,100661,100,99417,100,100983,100,99249,100,101052,100,99190,100
2019-06-28 09:56:08.160281953,100127,168,100043,168,100168,168,100042,168,100195,168,99945,368,100242,168,99871,168,100276,100,99861,100,100545,100,99654,100,100609,100,99636,100,100661,100,99417,100,100983,100,99249,100,101052,100,99190,100
2019-06-28 09:56:10.000000000,100127,168,100043,168,100168,168,100042,168,100195,168,99945,368,100242,168,99871,168,100276,100,99861,100,100545,100,99654,100,100609,100,99636,100,100661,100,99417,100,100983,100,99249,100,101052,100,99190,100
2019-06-28 09:56:20.000000000,100127,168,100043,168,100168,168,100042,168,100195,168,99945,368,100242,168,99871,168,100276,100,99861,100,100545,100,99654,100,100609,100,99636,100,100661,100,99417,100,100983,100,99249,100,101052,100,99190,100
2019-06-28 09:56:30.000000000,100127,168,100043,168,100168,168,100042,168,100195,168,99945,368,100242,168,99871,168,100276,100,99861,100,100545,100,99654,100,100609,100,99636,100,100661,100,99417,100,100983,100,99249,100,101052,100,99190,100
2019-06-28 09:56:40.000000000,100127,374,100043,374,100168,100,100042,100,100195,100,99945,300,100242,100,99871,100,100276,100,99861,100,100545,100,99654,100,100609,100,99636,100,100661,100,99417,100,100983,100,99249,100,101052,100,99190,100
2019-06-28 09:56:45.395325425,100127,274,100043,374,100168,100,100042,100,100195,100,99945,300,100242,100,99871,100,100276,100,99861,100,100545,100,99654,100,100609,100,99636,100,100661,100,99417,100,100983,100,99249,100,101052,100,99190,100
2019-06-28 09:56:50.000000000,100168,193,100043,193,100195,190,100042,190,100242,190,99945,390,100276,100,99871,100,100545,100,99861,100,100609,100,99654,100,100661,100,99636,100,100983,100,99417,100,101052,100,99249,100,101375,100,99190,100
2019-06-28 09:56:52.098558149,100168,193,100043,193,100195,190,100042,190,100242,190,99945,390,100276,100,99871,100,100545,100,99861,100,100609,100,99654,100,100661,100,99636,100,100983,100,99417,100,101052,100,99249,100,101375,100,99190,100
2019-06-28 09:56:57.165338855,100168,93,100043,193,100195,190,100042,190,100242,190,99945,390,100276,100,99871,100,100545,100,99654,100,100609,100,99636,100,100661,100,99417,100,100983,100,99249,100,101052,100,99190,100,101375,100,99152,100
2019-06-28 09:57:00.000000000,100195,155,100043,155,100242,155,100042,155,100276,155,99945,355,100545,155,99871,155,100609,155,99654,155,100661,100,99636,100,100983,100,99417,100,101052,100,99249,100,101375,100,99190,100,101581,100,99152,100
2019-06-28 09:57:10.000000000,100195,193,100043,193,100242,190,100042,190,100276,190,99945,390,100545,100,99871,100,100609,100,99654,100,100661,100,99636,100,100983,100,99417,100,101052,100,99249,100,101375,100,99190,100,101581,100,99152,100
2019-06-28 09:57:14.405575018,100195,93,100043,193,100242,190,100042,190,100276,190,99945,390,100545,100,99871,100,100609,100,99654,100,100661,100,99636,100,100983,100,99417,100,101052,100,99249,100,101375,100,99190,100,101581,100,99152,100
2019-06-28 09:57:17.349736099,100195,93,100043,193,100242,190,100042,190,100276,190,99945,390,100545,100,99871,100,100609,100,99654,100,100661,100,99636,100,100983,100,99417,100,101052,100,99249,100,101375,100,99190,100,101581,100,99152,100
2019-06-28 09:57:20.000000000,100242,193,100043,193,100276,190,100042,190,100545,190,99945,390,100609,100,99871,100,100661,100,99654,100,100983,100,99636,100,101052,100,99417,100,101375,100,99249,100,101581,100,99190,100,101908,100,99152,100
2019-06-28 09:57:22.358476254,100242,93,100043,193,100276,190,100042,190,100545,190,99945,390,100609,100,99871,100,100661,100,99654,100,100983,100,99636,100,101052,100,99417,100,101375,100,99249,100,101581,100,99190,100,101908,100,99152,100
2019-06-28 09:57:23.009586261,100276,190,100242,7,100545,90,100043,193,100609,100,100042,190,100661,100,99945,390,100983,100,99871,100,101052,100,99654,100,101375,100,99636,100,101581,100,99417,100,101908,100,99249,100,101933,100,99190,100
2019-06-28 09:57:30.000000000,100276,168,100242,75,100609,168,100043,168,100661,168,100042,168,100983,168,99945,368,101052,100,99871,100,101375,100,99654,100,101581,100,99636,100,101908,100,99417,100,101933,100,99249,100,102148,100,99190,100
2019-06-28 09:57:40.000000000,100276,155,100242,62,100609,155,100043,155,100661,155,100042,155,100983,155,99945,355,101052,155,99871,155,101375,100,99654,100,101581,100,99636,100,101908,100,99417,100,101933,100,99249,100,102148,100,99190,100
2019-06-28 09:57:50.000000000,100276,155,100242,62,100609,155,100043,155,100661,155,100042,155,100983,155,99945,355,101052,155,99871,155,101375,100,99654,100,101581,100,99636,100,101908,100,99417,100,101933,100,99249,100,102148,100,99190,100
2019-06-28 09:57:57.609644118,100276,155,100242,162,100609,155,100043,55,100661,155,100042,155,100983,155,99945,355,101052,155,99871,155,101375,100,99654,100,101581,100,99636,100,101908,100,99417,100,101933,100,99249,100,102148,100,99190,100
2019-06-28 09:58:00.000000000,100276,374,100242,381,100609,100,100042,100,100661,100,99945,300,100983,100,99871,100,101052,100,99654,100,101375,100,99636,100,101581,100,99417,100,101908,100,99249,100,101933,100,99190,100,102148,100,99152,100
2019-06-28 09:58:10.000000000,100276,374,100242,381,100609,100,100042,100,100661,100,99945,300,100983,100,99871,100,101052,100,99654,100,101375,100,99636,100,101581,100,99417,100,101908,100,99249,100,101933,100,99190,100,102148,100,99152,100
2019-06-28 09:58:12.799853451,100276,374,100242,381,100609,100,100042,100,100661,100,99945,300,100983,100,99871,100,101052,100,99654,100,101073,100,99636,100,101375,100,99417,100,101581,100,99249,100,101908,100,99190,100,101933,100,99152,100
2019-06-28 09:58:20.000000000,100276,168,100242,175,100609,168,100042,168,100661,168,99945,368,100983,168,99871,168,101052,100,99654,100,101073,100,99636,100,101375,100,99417,100,101581,100,99249,100,101908,100,99190,100,101933,100,99152,100
2019-06-28 09:58:30.000000000,100276,374,100242,381,100609,100,100042,100,100661,100,99945,300,100983,100,99871,100,101052,100,99654,100,101073,100,99636,100,101375,100,99417,100,101581,100,99249,100,101908,100,99190,100,101933,100,99152,100
2019-06-28 09:58:40.000000000,100276,237,100242,244,100609,237,100042,237,100661,100,99945,300,100983,100,99871,100,101052,100,99654,100,101073,100,99636,100,101375,100,99417,100,101581,100,99249,100,101908,100,99190,100,101933,100,99152,100
2019-06-28 09:58:49.874105143,100276,237,100242,244,100609,237,100042,237,100661,100,99945,300,100720,100,99871,100,100983,100,99654,100,101052,100,99636,100,101073,100,99417,100,101375,100,99249,100,101581,100,99190,100,101908,100,99152,100
2019-06-28 09:58:50.000000000,100276,237,100242,244,100609,237,100042,237,100661,100,99945,300,100720,100,99871,100,100983,100,99654,100,101052,100,99636,100,101073,100,99417,100,101375,100,99249,100,101581,100,99190,100,101908,100,99152,100
2019-06-28 09:59:00.000000000,100276,193,100242,200,100609,190,100042,190,100661,190,99945,390,100720,100,99871,100,100983,100,99654,100,101052,100,99636,100,101073,100,99417,100,101375,100,99249,100,101581,100,99190,100,101908,100,99152,100
2019-06-28 09:59:03.969282865,100276,193,100242,200,100609,190,100042,190,100661,190,99945,390,100692,100,99871,100,100720,100,99654,100,100983,100,99636,100,101052,100,99417,100,101073,100,99249,100,101375,100,99190,100,101581,100,99152,100
2019-06-28 09:59:08.756427167,100276,193,100242,200,100466,100,100042,190,100609,190,99945,390,100661,190,99871,100,100692,100,99654,100,100720,100,99636,100,100983,100,99417,100,101073,100,99249,100,101375,100,99190,100,101581,100,99152,100
2019-06-28 09:59:10.000000000,100276,168,100242,175,100466,168,100042,168,100609,168,99945,368,100661,168,99871,168,100692,100,99654,100,100720,100,99636,100,100983,100,99417,100,101073,100,99249,100,101375,100,99190,100,101581,100,99152,100
2019-06-28 09:59:16.135188368,100276,168,100242,275,100466,168,100042,168,100609,168,99945,368,100661,168,99871,168,100692,100,99654,100,100720,100,99636,100,100983,100,99417,100,101073,100,99249,100,101375,100,99190,100,101581,100,99152,100
2019-06-28 09:59:19.857973983,100276,168,100242,375,100466,168,100042,168,100609,168,99945,368,100661,168,99871,168,100692,100,99654,100,100720,100,99636,100,100983,100,99417,100,101073,100,99249,100,101375,100,99190,100,101581,100,99152,100
2019-06-28 09:59:20.000000000,100276,155,100242,362,100466,155,100042,155,100609,155,99945,355,100661,155,99871,155,100692,155,99654,155,100720,100,99636,100,100983,100,99417,100,101073,100,99249,100,101375,100,99190,100,101581,100,99152,100
2019-06-28 09:59:30.000000000,100276,168,100242,375,100466,168,100042,168,100609,168,99945,368,100661,168,99871,168,100692,100,99654,100,100720,100,99636,100,100983,100,99417,100,101073,100,99249,100,101375,100,99190,100,101581,100,99152,100
2019-06-28 09:59:34.434722729,100276,168,100242,375,100466,168,100042,168,100609,168,99945,368,100661,168,99871,168,100692,100,99654,100,100720,100,99636,100,100983,100,99417,100,101073,100,99249,100,101375,100,99190,100,101581,100,99152,100
2019-06-28 09:59:40.000000000,100276,193,100242,400,100466,190,100042,190,100609,190,99945,390,100661,100,99871,100,100692,100,99654,100,100720,100,99636,100,100983,100,99417,100,101073,100,99249,100,101375,100,99190,100,101581,100,99152,100
2019-06-28 09:59:48.894858593,100276,193,100242,500,100466,190,100042,190,100609,190,99945,390,100661,100,99871,100,100692,100,99654,100,100720,100,99636,100,100983,100,99417,100,101073,100,99249,100,101375,100,99190,100,101581,100,99152,100
2019-06-28 09:59:50.000000000,100276,155,100242,462,100466,155,100042,155,100609,155,99945,355,100661,155,99871,155,100692,155,99654,155,100720,100,99636,100,100983,100,99417,100,101073,100,99249,100,101375,100,99190,100,101581,100,99152,100
2019-06-28 10:00:00.000000000,100276,374,100242,681,100466,100,100042,100,100609,100,99945,300,100661,100,99871,100,100692,100,99654,100,100720,100,99636,100,100983,100,99417,100,101073,100,99249,100,101375,100,99190,100,101581,100,99152,100
2019-06-28 10:00:04.280620584,100276,374,100242,681,100443,100,100042,100,100466,100,99945,300,100609,100,99871,100,100661,100,99654,100,100692,100,99636,100,100720,100,99417,100,100983,100,99249,100,101073,100,99190,100,101375,100,99152,100
2019-06-28 10:00:10.000000000,100276,237,100242,544,100443,237,100042,237,100466,100,99945,300,100609,100,99871,100,100661,100,99654,100,100692,100,99636,100,100720,100,99417,100,100983,100,99249,100,101073,100,99190,100,101375,100,99152,100
2019-06-28 10:00:13.107035462,100276,237,100242,644,100443,237,100042,237,100466,100,99945,300,100609,100,99871,100,100661,100,99654,100,100692,100,99636,100,100720,100,99417,100,100983,100,99249,100,101073,100,99190,100,101375,100,99152,100
2019-06-28 10:00:20.000000000,100276,237,100242,644,100443,237,100042,237,100466,100,99945,300,100609,100,99871,100,100661,100,99654,100,100692,100,99636,100,100720,100,99417,100,100983,100,99249,100,101073,100,99190,100,101375,100,99152,100
2019-06-28 10:00:30.000000000,100276,237,100242,644,100443,237,100042,237,100466,100,99945,300,100609,100,99871,100,100661,100,99654,100,100692,100,99636,100,100720,100,99417,100,100983,100,99249,100,101073,100,99190,100,101375,100,99152,100
2019-06-28 10:00:40.000000000,100276,374,100242,781,100443,100,100042,100,100466,100,99945,300,100609,100,99871,100,100661,100,99654,100,100692,100,99636,100,100720,100,99417,100,100983,100,99249,100,101073,100,99190,100,101375,100,99152,100
2019-06-28 10:00:46.352077314,100276,374,100242,781,100443,100,100042,100,100466,100,99945,300,100609,100,99871,100,100661,100,99654,100,100692,100,99636,100,100720,100,99417,100,100809,100,99249,100,100983,100,99190,100,101073,100,99152,100
2019-06-28 10:00:50.000000000,100276,237,100242,644,100443,237,100042,237,100466,100,99945,300,100609,100,99871,100,100661,100,99654,100,100692,100,99636,100,100720,100,99417,100,100809,100,99249,100,100983,100,99190,100,101073,100,99152,100
2019-06-28 10:00:53.867722748,100276,237,100242,644,100443,237,100042,237,100466,100,99945,200,100609,100,99871,100,100661,100,99654,100,100692,100,99636,100,100720,100,99417,100,100809,100,99249,100,100983,100,99190,100,101073,100,99152,100
2019-06-28 10:01:00.000000000,100276,193,100242,600,100443,190,100042,190,100466,190,99945,290,100609,100,99871,100,100661,100,99654,100,100692,100,99636,100,100720,100,99417,100,100809,100,99249,100,100983,100,99190,100,101073,100,99152,100
2019-06-28 10:01:10.000000000,100276,168,100242,575,100443,168,100042,168,100466,168,99945,268,100609,168,99871,168,100661,100,99654,100,100692,100,99636,100,100720,100,99417,100,100809,100,99249,100,100983,100,99190,100,101073,100,99152,100
2019-06-28 10:01:14.598372171,100276,168,100242,675,100443,168,100042,168,100466,168,99945,268,100609,168,99871,168,100661,100,99654,100,100692,100,99636,100,100720,100,99417,100,100809,100,99249,100,100983,100,99190,100,101073,100,99152,100
2019-06-28 10:01:20.000000000,100276,374,100242,881,100443,100,100042,100,100466,100,99945,200,100609,100,99871,100,100661,100,99654,100,100692,100,99636,100,100720,100,99417,100,100809,100,99249,100,100983,100,99190,100,101073,100,99152,100
2019-06-28 10:01:30.000000000,100276,237,100242,744,100443,237,100042,237,100466,100,99945,200,100609,100,99871,100,100661,100,99654,100,100692,100,99636,100,100720,100,99417,100,100809,100,99249,100,100983,100,99190,100,101073,100,99152,100
2019-06-28 10:01:40.000000000,100276,237,100242,744,100443,237,100042,237,100466,100,99945,200,100609,100,99871,100,100661,100,99654,100,100692,100,99636,100,100720,100,99417,100,100809,100,99249,100,100983,100,99190,100,101073,100,99152,100
2019-06-28 10:01:50.000000000,100276,155,100242,662,100443,155,100042,155,100466,155,99945,255,100609,155,99871,155,100661,155,99654,155,100692,100,99636,100,100720,100,99417,100,100809,100,99249,100,100983,100,99190,100,101073,100,99152,100
2019-06-28 10:02:00.000000000,100276,168,100242,675,100443,168,100042,168,100466,168,99945,268,100609,168,99871,168,100661,100,99654,100,100692,100,99636,100,100720,100,99417,100,100809,100,99249,100,100983,100,99190,100,101073,100,99152,100
2019-06-28 10:02:00.472465740,100276,168,100242,775,100443,168,100042,168,100466,168,99945,268,100609,168,99871,168,100661,100,99654,100,100692,100,99636,100,100720,100,99417,100,100809,100,99249,100,100983,100,99190,100,101073,100,99152,100
2019-06-28 10:02:06.893900116,100276,168,100242,775,100443,168,100042,168,100466,168,99945,268,100609,168,99871,168,100637,100,99654,100,100661,100,99636,100,100692,100,99417,100,100720,100,99249,100,100809,100,99190,100,100983,100,99152,100
2019-06-28 10:02:08.043820682,100276,168,100242,775,100443,168,100042,168,100451,100,99945,268,100466,168,99871,168,100609,168,99654,100,100637,100,99636,100,100661,100,99417,100,100692,100,99249,100,100720,100,99190,100,100809,100,99152,100
2019-06-28 10:02:10.000000000,100276,237,100242,844,100443,237,100042,237,100451,100,99945,200,100466,100,99871,100,100609,100,99654,100,100637,100,99636,100,100661,100,99417,100,100692,100,99249,100,100720,100,99190,100,100809,100,99152,100
2019-06-28 10:02:13.148224535,100276,237,100242,844,100443,237,100042,237,100451,100,99945,200,100466,100,99871,100,100609,100,99654,100,100637,100,99636,100,100661,100,99417,100,100692,100,99249,100,100720,100,99190,100,100809,100,99152,100
2019-06-28 10:02:15.138853188,100276,137,100242,844,100443,237,100042,237,100451,100,99945,200,100466,100,99871,100,100609,100,99654,100,100637,100,99417,100,100661,100,99249,100,100692,100,99190,100,100720,100,99152,100,100809,100,99151,100
2019-06-28 10:02:20.000000000,100443,193,100242,800,100451,190,100042,190,100466,190,99945,290,100609,100,99871,100,100637,100,99654,100,100661,100,99417,100,100692,100,99249,100,100720,100,99190,100,100809,100,99152,100,100983,100,99151,100
2019-06-28 10:02:30.000000000,100443,237,100242,844,100451,237,100042,237,100466,100,99945,200,100609,100,99871,100,100637,100,99654,100,100661,100,99417,100,100692,100,99249,100,100720,100,99190,100,100809,100,99152,100,100983,100,99151,100
2019-06-28 10:02:40.000000000,100443,237,100242,844,100451,237,100042,237,100466,100,99945,200,100609,100,99871,100,100637,100,99654,100,100661,100,99417,100,100692,100,99249,100,100720,100,99190,100,100809,100,99152,100,100983,100,99151,100
2019-06-28 10:02:42.531169817,100443,237,100242,844,100451,237,100042,237,100466,100,99945,200,100609,100,99871,100,100637,100,99654,100,100692,100,99417,100,100720,100,99249,100,100809,100,99190,100,100983,100,99152,100,101073,100,99151,100
2019-06-28 10:02:47.708383669,100443,137,100242,844,100451,237,100042,237,100466,100,99945,200,100609,100,99871,100,100637,100,99654,100,100692,100,99417,100,100720,100,99249,100,100809,100,99152,100,100983,100,99151,100,101073,100,98939,100
2019-06-28 10:02:50.000000000,100451,168,100242,775,100466,168,100042,168,100609,168,99945,268,100637,168,99871,168,100692,100,99654,100,100720,100,99417,100,100809,100,99249,100,100983,100,99152,100,101073,100,99151,100,101375,100,98939,100
2019-06-28 10:03:00.000000000,100451,374,100242,981,100466,100,100042,100,100609,100,99945,200,100637,100,99871,100,100692,100,99654,100,100720,100,99417,100,100809,100,99249,100,100983,100,99152,100,101073,100,99151,100,101375,100,98939,100
2019-06-28 10:03:10.000000000,100451,168,100242,775,100466,168,100042,168,100609,168,99945,268,100637,168,99871,168,100692,100,99654,100,100720,100,99417,100,100809,100,99249,100,100983,100,99152,100,101073,100,99151,100,101375,100,98939,100
2019-06-28 10:03:13.301031608,100451,68,100242,775,100466,168,100042,168,100609,168,99945,268,100637,168,99871,168,100692,100,99654,100,100720,100,99417,100,100809,100,99249,100,100983,100,99152,100,101073,100,99151,100,101375,100,98939,100
2019-06-28 10:03:20.000000000,100466,374,100242,981,100609,100,100042,100,100637,100,99945,200,100692,100,99871,100,100720,100,99654,100,100809,100,99417,100,100983,100,99249,100,101073,100,99152,100,101375,100,99151,100,101571,100,98939,100
2019-06-28 10:03:22.768056427,100466,374,100242,981,100637,100,100042,100,100692,100,99945,200,100720,100,99871,100,100809,100,99654,100,100983,100,99417,100,101073,100,99249,100,101313,100,99152,100,101375,100,99151,100,101571,100,98939,100
2019-06-28 10:03:26.100987225,100466,374,100242,981,100637,100,100042,100,100692,100,99945,200,100720,100,99871,100,100809,100,99654,100,100983,100,99417,100,101073,100,99152,100,101313,100,99151,100,101316,100,98939,100,101375,100,,
2019-06-28 10:03:30.000000000,100466,374,100242,981,100637,100,100042,100,100692,100,99945,200,100720,100,99871,100,100809,100,99654,100,100983,100,99417,100,101073,100,99152,100,101313,100,99151,100,101316,100,98939,100,101375,100,,
2019-06-28 10:03:35.487398930,100466,374,100242,981,100637,100,100042,100,100692,100,99945,200,100720,100,99871,100,100809,100,99654,100,100983,100,99417,100,101073,100,99152,100,101297,100,99151,100,101313,100,98939,100,101316,100,,
2019-06-28 10:03:40.000000000,100466,237,100242,844,100637,237,100042,237,100692,100,99945,200,100720,100,99871,100,100809,100,99654,100,100983,100,99417,100,101073,100,99152,100,101297,100,99151,100,101313,100,98939,100,101316,100,,
2019-06-28 10:03:50.000000000,100466,168,100242,775,100637,168,100042,168,100692,168,99945,268,100720,168,99871,168,100809,100,99654,100,100983,100,99417,100,101073,100,99152,100,101297,100,99151,100,101313,100,98939,100,101316,100,,
2019-06-28 10:03:58.317327637,100466,168,100242,775,100637,168,100042,168,100692,168,99945,268,100720,168,99871,168,100809,100,99654,100,100983,100,99417,100,101073,100,99152,100,101184,100,99151,100,101297,100,98939,100,101313,100,,
2019-06-28 10:04:00.000000000,100466,237,100242,844,100637,237,100042,237,100692,100,99945,200,100720,100,99871,100,100809,100,99654,100,100983,100,99417,100,101073,100,99152,100,101184,100,99151,100,101297,100,98939,100,101313,100,,
2019-06-28 10:04:10.000000000,100466,237,100242,844,100637,237,100042,237,100692,100,99945,200,100720,100,99871,100,100809,100,99654,100,100983,100,99417,100,101073,100,99152,100,101184,100,99151,100,101297,100,98939,100,101313,100,,
2019-06-28 10:04:20.000000000,100466,155,100242,762,100637,155,100042,155,100692,155,99945,255,100720,155,99871,155,100809,155,99654,155,100983,100,99417,100,101073,100,99152,100,101184,100,99151,100,101297,100,98939,100,101313,100,,
2019-06-28 10:04:30.000000000,100466,193,100242,800,100637,190,100042,190,100692,190,99945,290,100720,100,99871,100,100809,100,99654,100,100983,100,99417,100,101073,100,99152,100,101184,100,99151,100,101297,100,98939,100,101313,100,,
2019-06-28 10:04:40.000000000,100466,374,100242,981,100637,100,100042,100,100692,100,99945,200,100720,100,99871,100,100809,100,99654,100,100983,100,99417,100,101073,100,99152,100,101184,100,99151,100,101297,100,98939,100,101313,100,,
2019-06-28 10:04:50.000000000,100466,193,100242,800,100637,190,100042,190,100692,190,99945,290,100720,100,99871,100,100809,100,99654,100,100983,100,99417,100,101073,100,99152,100,101184,100,99151,100,101297,100,98939,100,101313,100,,
2019-06-28 10:05:00.000000000,100466,237,100242,844,100637,237,100042,237,100692,100,99945,200,100720,100,99871,100,100809,100,99654,100,100983,100,99417,100,101073,100,99152,100,101184,100,99151,100,101297,100,98939,100,101313,100,,
2019-06-28 10:05:10.000000000,100466,374,100242,981,100637,100,100042,100,100692,100,99945,200,100720,100,99871,100,100809,100,99654,100,100983,100,99417,100,101073,100,99152,100,101184,100,99151,100,101297,100,98939,100,101313,100,,
2019-06-28 10:05:20.000000000,100466,155,100242,762,100637,155,100042,155,100692,155,99945,255,100720,155,99871,155,100809,155,99654,155,100983,100,99417,100,101073,100,99152,100,101184,100,99151,100,101297,100,98939,100,101313,100,,
2019-06-28 10:05:21.155141402,100466,155,100242,762,100637,155,100042,155,100692,155,99945,255,100720,155,99871,155,100809,155,99654,155,100983,100,99417,100,101073,100,99152,100,101184,100,99151,100,101297,100,98939,100,101313,100,,
2019-06-28 10:05:21.685953660,100466,55,100242,762,100637,155,100042,155,100692,55,99945,255,100720,155,99871,155,100809,155,99654,155,100983,100,99417,100,101073,100,99152,100,101184,100,99151,100,101297,100,98939,100,101313,100,,
2019-06-28 10:05:30.000000000,100637,168,100242,775,100720,168,100042,168,100809,168,99945,268,100983,168,99871,168,101073,100,99654,100,101184,100,99417,100,101297,100,99152,100,101313,100,99151,100,101316,100,98939,100,101375,100,,
2019-06-28 10:05:34.687327960,100637,68,100242,775,100720,168,100042,168,100809,168,99945,268,100983,168,99871,168,101073,100,99654,100,101184,100,99417,100,101297,100,99152,100,101313,100,99151,100,101316,100,98939,100,101375,100,,
2019-06-28 10:05:40.000000000,100720,193,100242,800,100809,190,100042,190,100983,190,99945,290,101073,100,99871,100,101184,100,99654,100,101297,100,99417,100,101313,100,99152,100,101316,100,99151,100,101375,100,98939,100,101571,100,,
2019-06-28 10:05:49.243635151,100720,93,100242,800,100809,190,100042,190,100983,190,99945,290,101073,100,99871,100,101184,100,99654,100,101297,100,99417,100,101313,100,99152,100,101316,100,99151,100,101375,100,98939,100,101571,100,,
2019-06-28 10:05:50.000000000,100809,374,100242,981,100983,100,100042,100,101073,100,99945,200,101184,100,99871,100,101297,100,99654,100,101313,100,99417,100,101316,100,99152,100,101375,100,99151,100,101571,100,98939,100,101581,100,,
2019-06-28 10:05:58.189718660,100809,374,100242,981,100983,100,100042,100,101073,100,99945,200,101184,100,99871,100,101297,100,99417,100,101313,100,99152,100,101316,100,99151,100,101375,100,98939,100,101498,100,,,101571,100,,
2019-06-28 10:06:00.000000000,100809,168,100242,775,100983,168,100042,168,101073,168,99945,268,101184,168,99871,168,101297,100,99417,100,101313,100,99152,100,101316,100,99151,100,101375,100,98939,100,101498,100,,,101571,100,,
2019-06-28 10:06:09.050182969,100809,68,100242,775,100983,168,100042,168,101073,168,99945,268,101184,168,99871,168,101297,100,99417,100,101313,100,99152,100,101316,100,99151,100,101375,100,98939,100,101498,100,,,101571,100,,
2019-06-28 10:06:10.000000000,100983,374,100242,981,101073,100,100042,100,101184,100,99945,200,101297,100,99871,100,101313,100,99417,100,101316,100,99152,100,101375,100,99151,100,101498,100,98939,100,101571,100,,,101581,100,,
2019-06-28 10:06:14.920871041,100983,374,100242,981,101073,100,100042,100,101184,100,99945,200,101297,100,99871,100,101313,100,99417,100,101316,100,99152,100,101375,100,99151,100,101498,100,98939,100,101571,100,,,101581,100,,
2019-06-28 10:06:19.673386285,100983,374,100242,981,101073,100,100042,100,101184,100,99945,200,101297,100,99871,100,101313,100,99417,100,101316,100,99152,100,101361,100,99151,100,101375,100,98939,100,101498,100,,,101571,100,,
2019-06-28 10:06:20.000000000,100983,193,100242,800,101073,190,100042,190,101184,190,99945,290,101297,100,99871,100,101313,100,99417,100,101316,100,99152,100,101361,100,99151,100,101375,100,98939,100,101498,100,,,101571,100,,
2019-06-28 10:06:21.832776226,100983,193,100242,700,101073,190,100042,190,101184,190,99945,290,101297,100,99871,100,101313,100,99417,100,101316,100,99152,100,101361,100,99151,100,101375,100,98939,100,101498,100,,,101571,100,,
2019-06-28 10:06:30.000000000,100983,168,100242,675,101073,168,100042,168,101184,168,99945,268,101297,168,99871,168,101313,100,99417,100,101316,100,99152,100,101361,100,99151,100,101375,100,98939,100,101498,100,,,101571,100,,
2019-06-28 10:06:32.412506602,100983,168,100242,675,101073,168,100042,168,101184,168,99945,268,101218,100,99871,168,101297,168,99417,100,101313,100,99152,100,101316,100,99151,100,101361,100,98939,100,101375,100,,,101498,100,,
2019-06-28 10:06:38.645880962,100983,168,100242,675,101073,168,100042,168,101184,168,99945,268,101218,100,99871,168,101297,168,99417,100,101313,100,99152,100,101316,100,99151,100,101361,100,98939,100,101375,100,,,101391,100,,
