,ask_price_1,ask_size_1,bid_price_1,bid_size_1,ask_price_2,ask_size_2,bid_price_2,bid_size_2,ask_price_3,ask_size_3,bid_price_3,bid_size_3,ask_price_4,ask_size_4,bid_price_4,bid_size_4,ask_price_5,ask_size_5,bid_price_5,bid_size_5,ask_price_6,ask_size_6,bid_price_6,bid_size_6,ask_price_7,ask_size_7,bid_price_7,bid_size_7,ask_price_8,ask_size_8,bid_price_8,bid_size_8,ask_price_9,ask_size_9,bid_price_9,bid_size_9,ask_price_10,ask_size_10,bid_price_10,bid_size_10
2019-06-28 09:30:00.000000001,100032,100,,,,,,,,,,,,,,,,,,,,,,,,,,,,,,,,,,,,,,
2019-06-28 09:30:00.000000004,100032,100,,,100161,100,,,,,,,,,,,,,,,,,,,,,,,,,,,,,,,,,,
2019-06-28 09:30:00.000000005,100032,100,,,100113,100,,,100161,100,,,,,,,,,,,,,,,,,,,,,,,,,,,,,,
2019-06-28 09:30:00.000000008,100032,100,99851,100,100113,100,,,100161,100,,,,,,,,,,,,,,,,,,,,,,,,,,,,,,
2019-06-28 09:30:00.000000009,100032,100,99865,100,100113,100,99851,100,100161,100,,,,,,,,,,,,,,,,,,,,,,,,,,,,,,
2019-06-28 09:30:00.000000011,99999,100,99865,100,100032,100,99851,100,100113,100,,,100161,100,,,,,,,,,,,,,,,,,,,,,,,,,,
2019-06-28 09:30:00.000000012,99999,100,99865,100,100013,100,99851,100,100032,100,,,100104,100,,,100113,100,,,100161,100,,,,,,,,,,,,,,,,,,
2019-06-28 09:30:00.000000015,99999,100,99935,100,100013,100,99865,100,100032,100,99851,100,100104,100,,,100113,100,,,100161,100,,,,,,,,,,,,,,,,,,
2019-06-28 09:30:00.000000018,99999,100,99962,100,100013,100,99935,100,100032,100,99865,100,100104,100,99851,100,100113,100,,,100161,100,,,,,,,,,,,,,,,,,,
2019-06-28 09:30:00.000000020,99999,100,99962,100,100013,100,99935,100,100032,100,99865,100,100046,100,99851,100,100104,100,,,100113,100,,,100161,100,,,,,,,,,,,,,,
2019-06-28 09:30:00.000000021,99967,100,99962,100,99999,100,99935,100,100013,100,99865,100,100032,100,99851,100,100046,100,,,100104,100,,,100113,100,,,100161,100,,,,,,,,,,
2019-06-28 09:30:00.000000023,99999,100,99962,100,100013,100,99935,100,100032,100,99891,100,100046,100,99865,100,100104,100,99851,100,100113,100,,,100155,100,,,100161,100,,,,,,,,,,
2019-06-28 09:30:00.000000024,99999,100,99962,100,100013,100,99935,100,100032,100,99891,100,100046,100,99889,100,100104,100,99865,100,100113,100,99851,100,100155,100,,,100161,100,,,,,,,,,,
2019-06-28 09:30:00.000000026,99999,100,99964,100,100013,100,99962,100,100032,100,99935,100,100046,100,99928,100,100104,100,99891,100,100113,100,99889,100,100155,100,99865,100,100161,100,99851,100,,,,,,,,
2019-06-28 09:30:00.000000027,99999,100,99964,100,100013,100,99962,100,100032,100,99935,100,100046,100,99928,100,100104,100,99911,100,100113,100,99891,100,100155,100,99889,100,100161,100,99865,100,,,99851,100,,,,
2019-06-28 09:30:00.000000030,99999,100,99964,100,100013,100,99962,100,100032,100,99935,100,100046,100,99928,100,100079,100,99911,100,100104,100,99891,100,100113,100,99889,100,100119,100,99865,100,100155,100,99851,100,100161,100,,
2019-06-28 09:30:00.000000032,99999,100,99964,100,100013,100,99962,100,100032,100,99935,100,100046,100,99928,100,100079,100,99911,100,100104,100,99891,100,100113,100,99889,100,100119,100,99865,100,100155,100,99851,100,100161,100,99822,100
2019-06-28 09:30:00.000000033,99999,100,99964,100,100013,100,99962,100,100032,100,99935,100,100046,100,99928,100,100079,100,99911,100,100104,100,99891,100,100113,100,99889,100,100119,100,99865,100,100155,100,99851,100,100161,100,99822,100
2019-06-28 09:30:00.000000034,99999,100,99964,100,100013,100,99962,100,100032,100,99938,100,100046,100,99935,100,100079,100,99928,100,100104,100,99911,100,100113,100,99891,100,100119,100,99889,100,100155,100,99865,100,100161,100,99851,100
2019-06-28 09:30:00.000000035,99999,100,99964,100,100013,100,99962,100,100032,100,99938,100,100046,100,99935,100,100079,100,99928,100,100104,100,99911,100,100113,100,99891,100,100119,100,99889,100,100155,100,99865,100,100161,100,99851,100
2019-06-28 09:30:00.000000045,99986,100,99964,100,99999,100,99962,100,100013,100,99938,100,100032,100,99935,100,100046,100,99928,100,100079,100,99911,100,100104,100,99891,100,100113,100,99889,100,100119,100,99865,100,100155,100,99851,100
2019-06-28 09:30:00.000000046,99986,100,99967,100,99999,100,99964,100,100013,100,99962,100,100032,100,99938,100,100046,100,99935,100,100079,100,99928,100,100104,100,99911,100,100113,100,99891,100,100119,100,99889,100,100155,100,99865,100
2019-06-28 09:30:00.000000049,99986,100,99967,100,99999,100,99964,100,100013,100,99962,100,100032,100,99938,100,100046,100,99935,200,100079,100,99928,100,100104,100,99911,100,100113,100,99891,100,100119,100,99889,100,100155,100,99888,100
2019-06-28 09:30:00.000000053,99986,100,99967,100,99999,200,99964,100,100013,100,99962,100,100032,100,99938,100,100046,100,99935,200,100079,100,99928,100,100104,100,99911,100,100106,100,99891,100,100113,100,99889,100,100119,100,99888,100
2019-06-28 09:30:00.000000054,99986,100,99967,100,99999,400,99964,100,100013,100,99962,100,100027,100,99938,100,100032,100,99935,200,100046,100,99928,100,100079,100,99911,100,100104,100,99891,100,100106,100,99889,100,100113,100,99888,100
2019-06-28 09:30:00.000000057,99986,100,99967,100,99999,400,99964,100,100013,100,99962,100,100027,100,99938,100,100032,100,99935,200,100046,100,99930,100,100079,100,99928,100,100104,100,99911,100,100106,100,99891,100,100113,100,99889,100
2019-06-28 09:30:00.000000060,99986,100,99967,100,99999,500,99964,100,100013,100,99962,100,100027,100,99938,100,100032,100,99935,200,100046,100,99930,100,100079,100,99928,100,100104,100,99911,100,100106,100,99891,100,100113,100,99889,100
2019-06-28 09:30:00.000000062,99986,100,99967,100,99999,500,99964,100,100013,100,99962,100,100027,100,99938,100,100032,100,99935,200,100046,100,99930,100,100079,100,99928,100,100104,100,99911,100,100106,100,99891,100,100113,100,99889,100
2019-06-28 09:30:00.000000066,99986,100,99967,100,99999,500,99964,100,100013,100,99962,100,100027,100,99938,100,100032,100,99935,200,100046,100,99930,100,100061,100,99928,100,100079,100,99911,100,100104,100,99891,100,100106,100,99889,100
2019-06-28 09:30:00.000000070,99986,100,99967,100,99999,500,99964,100,100013,100,99962,100,100027,100,99938,100,100032,200,99935,200,100046,100,99930,100,100061,100,99928,100,100079,100,99911,100,100104,100,99891,100,100106,100,99889,100
2019-06-28 09:30:00.000000072,99986,100,99975,100,99999,500,99967,100,100013,100,99964,100,100027,100,99962,100,100032,200,99938,100,100046,100,99935,200,100061,100,99930,100,100079,100,99928,100,100104,100,99911,100,100106,100,99891,100
2019-06-28 09:30:00.000000077,99986,100,99985,100,99999,500,99975,100,100013,100,99967,100,100027,100,99964,100,100032,200,99962,100,100046,100,99938,100,100061,100,99935,200,100079,100,99930,100,100104,100,99928,100,100106,100,99911,100
2019-06-28 09:30:00.000000080,99986,100,99985,100,99999,500,99975,100,100013,100,99967,100,100027,100,99964,100,100032,200,99962,100,100046,100,99938,100,100061,100,99935,200,100079,100,99930,100,100104,100,99928,100,100106,100,99911,100
2019-06-28 09:30:00.000000081,99986,100,99985,100,99999,500,99975,100,100013,100,99967,100,100027,100,99964,100,100032,200,99962,100,100046,100,99938,100,100051,100,99935,200,100061,100,99930,100,100079,100,99928,100,100104,100,99911,100
2019-06-28 09:30:00.000000085,99986,100,99985,100,99999,500,99975,100,100013,100,99967,100,100027,100,99964,100,100032,200,99962,100,100041,100,99938,100,100046,100,99935,200,100051,100,99930,100,100061,100,99928,100,100079,100,99911,100
2019-06-28 09:30:00.000000086,99986,100,99985,100,99999,500,99975,100,100013,100,99967,100,100027,100,99964,100,100032,200,99962,100,100041,100,99938,100,100046,100,99935,200,100051,100,99930,100,100061,100,99928,100,100079,100,99911,100
2019-06-28 09:30:00.000000087,99999,500,99985,100,100013,100,99975,100,100027,100,99967,100,100032,200,99964,100,100041,100,99962,100,100046,100,99938,100,100051,100,99935,200,100061,100,99930,100,100079,100,99928,100,100104,100,99911,100
2019-06-28 09:30:00.000000088,99999,400,99985,100,100013,100,99975,100,100027,100,99967,100,100032,200,99964,100,100041,100,99962,100,100046,100,99938,100,100051,100,99935,200,100061,100,99930,100,100079,100,99928,100,100104,100,99911,100
2019-06-28 09:30:00.000000089,99999,400,99985,100,100013,100,99975,100,100027,100,99967,100,100032,200,99964,100,100041,100,99962,100,100046,100,99938,100,100051,100,99935,200,100061,100,99930,100,100079,100,99928,100,100104,100,99911,100
2019-06-28 09:30:00.000000091,99999,400,99985,100,100013,100,99975,100,100027,100,99967,100,100032,200,99964,100,100041,100,99962,100,100046,100,99938,100,100051,100,99935,200,100061,100,99930,100,100079,100,99928,100,100104,100,99911,100
2019-06-28 09:30:00.000000092,99999,300,99985,100,100013,100,99975,100,100027,100,99967,100,100032,200,99964,100,100041,100,99962,100,100046,100,99938,100,100051,100,99935,200,100061,100,99930,100,100079,100,99928,100,100104,100,99911,100
2019-06-28 09:30:00.000000093,99999,300,99975,100,100012,100,99967,100,100013,100,99964,100,100027,100,99962,100,100032,200,99938,100,100041,100,99935,200,100046,100,99930,100,100051,100,99928,100,100061,100,99911,100,100079,100,99901,100
2019-06-28 09:30:00.000000094,99999,300,99985,100,100012,100,99975,100,100013,100,99967,100,100027,100,99964,100,100032,200,99962,100,100041,100,99938,100,100046,100,99935,200,100051,100,99930,100,100061,100,99928,100,100076,100,99911,100
2019-06-28 09:30:00.000000095,99999,400,99985,100,100012,100,99975,100,100013,100,99967,100,100027,100,99964,100,100032,200,99962,100,100041,100,99938,100,100046,100,99935,200,100051,100,99930,100,100061,100,99928,100,100076,100,99911,100
2019-06-28 09:30:00.000000096,99999,400,99994,100,100012,100,99975,100,100013,100,99967,100,100027,100,99964,100,100032,200,99962,100,100041,100,99938,100,100046,100,99935,200,100051,100,99930,100,100061,100,99928,100,100076,100,99911,100
2019-06-28 09:30:00.000000099,99999,400,99994,100,100012,100,99987,100,100013,100,99975,100,100027,100,99967,100,100032,200,99964,100,100041,100,99962,100,100046,100,99938,100,100051,100,99935,200,100061,100,99930,100,100076,100,99928,100
2019-06-28 09:30:08.328803189,99999,400,99987,100,100012,100,99975,100,100013,100,99967,100,100027,100,99964,100,100032,200,99962,100,100041,100,99938,100,100046,100,99935,200,100051,100,99930,100,100061,100,99928,100,100076,100,99911,100
2019-06-28 09:30:10.000000000,99999,676,99987,376,100012,100,99975,100,100013,100,99967,100,100027,100,99964,100,100032,200,99962,100,100041,100,99938,100,100046,100,99935,200,100051,100,99930,100,100061,100,99928,100,100076,100,99911,100
2019-06-28 09:30:10.367754264,99999,676,99988,100,100012,100,99987,376,100013,100,99975,100,100027,100,99964,100,100032,200,99962,100,100041,100,99938,100,100046,100,99935,200,100051,100,99930,100,100061,100,99928,100,100076,100,99911,100
2019-06-28 09:30:20.000000000,99999,455,99988,155,100012,155,99987,155,100013,155,99975,155,100027,155,99964,155,100032,255,99962,155,100041,100,99938,100,100046,100,99935,200,100051,100,99930,100,100061,100,99928,100,100076,100,99911,100
2019-06-28 09:30:30.000000000,99999,469,99988,169,100012,169,99987,169,100013,169,99975,169,100027,169,99964,169,100032,200,99962,100,100041,100,99938,100,100046,100,99935,200,100051,100,99930,100,100061,100,99928,100,100076,100,99911,100
2019-06-28 09:30:40.000000000,99999,538,99988,238,100012,238,99987,238,100013,100,99975,100,100027,100,99964,100,100032,200,99962,100,100041,100,99938,100,100046,100,99935,200,100051,100,99930,100,100061,100,99928,100,100076,100,99911,100
2019-06-28 09:30:50.000000000,99999,538,99988,238,100012,238,99987,238,100013,100,99975,100,100027,100,99964,100,100032,200,99962,100,100041,100,99938,100,100046,100,99935,200,100051,100,99930,100,100061,100,99928,100,100076,100,99911,100
2019-06-28 09:31:00.000000000,99999,455,99988,155,100012,155,99987,155,100013,155,99975,155,100027,155,99964,155,100032,255,99962,155,100041,100,99938,100,100046,100,99935,200,100051,100,99930,100,100061,100,99928,100,100076,100,99911,100
2019-06-28 09:31:10.000000000,99999,455,99988,155,100012,155,99987,155,100013,155,99975,155,100027,155,99964,155,100032,255,99962,155,100041,100,99938,100,100046,100,99935,200,100051,100,99930,100,100061,100,99928,100,100076,100,99911,100
2019-06-28 09:31:17.272318158,99999,455,99988,155,100012,155,99987,155,100013,155,99975,155,100027,155,99964,155,100032,255,99962,155,100041,100,99938,100,100046,100,99935,200,100051,100,99930,100,100061,100,99928,100,100076,100,99911,100
2019-06-28 09:31:20.000000000,99999,455,99988,155,100012,155,99987,155,100013,155,99975,155,100027,155,99964,155,100032,255,99962,155,100041,100,99938,100,100046,100,99935,200,100051,100,99930,100,100061,100,99928,100,100076,100,99911,100
2019-06-28 09:31:22.221652280,99999,455,99988,155,100012,155,99987,155,100013,155,99975,155,100027,155,99964,155,100032,255,99962,155,100041,100,99938,100,100046,100,99935,200,100051,100,99930,100,100061,100,99928,100,100076,100,99911,100
2019-06-28 09:31:30.000000000,99999,676,99988,376,100012,100,99987,100,100013,100,99975,100,100027,100,99964,100,100032,200,99962,100,100041,100,99938,100,100046,100,99935,200,100051,100,99930,100,100061,100,99928,100,100076,100,99911,100
2019-06-28 09:31:40.000000000,99999,676,99988,376,100012,100,99987,100,100013,100,99975,100,100027,100,99964,100,100032,200,99962,100,100041,100,99938,100,100046,100,99935,200,100051,100,99930,100,100061,100,99928,100,100076,100,99911,100
2019-06-28 09:31:41.006209459,99999,676,99988,376,100012,100,99987,100,100013,100,99975,100,100027,100,99964,100,100032,200,99962,100,100041,100,99938,100,100046,100,99935,200,100051,100,99930,100,100076,100,99928,100,100079,100,99911,100
2019-06-28 09:31:46.846481630,99999,676,99988,276,100012,100,99987,100,100013,100,99975,100,100027,100,99964,100,100032,200,99962,100,100041,100,99938,100,100046,100,99935,200,100051,100,99930,100,100076,100,99928,100,100079,100,99911,100
2019-06-28 09:31:47.925643745,99999,676,99988,276,100012,100,99987,100,100013,100,99975,100,100027,100,99964,100,100032,200,99962,100,100041,100,99938,100,100046,100,99935,200,100051,100,99930,100,100076,100,99928,100,100079,100,99911,100
2019-06-28 09:31:50.000000000,99999,676,99987,376,100012,100,99975,100,100013,100,99964,100,100027,100,99962,100,100032,200,99938,100,100041,100,99935,200,100046,100,99930,100,100051,100,99928,100,100076,100,99911,100,100079,100,99901,100
2019-06-28 09:32:00.000000000,99999,676,99987,376,100012,100,99975,100,100013,100,99964,100,100027,100,99962,100,100032,200,99938,100,100041,100,99935,200,100046,100,99930,100,100051,100,99928,100,100076,100,99911,100,100079,100,99901,100
2019-06-28 09:32:05.208319280,99999,676,99987,376,100012,100,99975,100,100013,100,99964,100,100027,100,99962,100,100032,200,99938,100,100041,100,99935,200,100046,100,99930,100,100051,100,99928,100,100076,100,99911,100,100079,100,99901,100
2019-06-28 09:32:10.000000000,99999,676,99987,376,100012,100,99975,100,100013,100,99964,100,100027,100,99962,100,100032,200,99938,100,100041,100,99935,200,100046,100,99930,100,100051,100,99928,100,100076,100,99911,100,100079,100,99901,100
2019-06-28 09:32:17.891019411,99999,576,99987,376,100012,100,99975,100,100013,100,99964,100,100027,100,99962,100,100032,200,99938,100,100041,100,99935,200,100046,100,99930,100,100051,100,99928,100,100076,100,99911,100,100079,100,99901,100
2019-06-28 09:32:20.000000000,99999,355,99987,155,100012,155,99975,155,100013,155,99964,155,100027,155,99962,155,100032,255,99938,155,100041,100,99935,200,100046,100,99930,100,100051,100,99928,100,100076,100,99911,100,100079,100,99901,100
2019-06-28 09:32:24.606447897,99994,100,99987,155,99999,255,99975,155,100012,155,99964,155,100013,155,99962,155,100027,155,99938,155,100032,255,99935,200,100041,100,99930,100,100046,100,99928,100,100051,100,99911,100,100076,100,99901,100
2019-06-28 09:32:30.000000000,99994,169,99987,169,99999,269,99975,169,100012,169,99964,169,100013,169,99962,169,100027,100,99938,100,100032,200,99935,200,100041,100,99930,100,100046,100,99928,100,100051,100,99911,100,100076,100,99901,100
2019-06-28 09:32:40.000000000,99994,238,99987,238,99999,338,99975,238,100012,100,99964,100,100013,100,99962,100,100027,100,99938,100,100032,200,99935,200,100041,100,99930,100,100046,100,99928,100,100051,100,99911,100,100076,100,99901,100
2019-06-28 09:32:45.765447689,99994,238,99987,138,99999,338,99975,238,100012,100,99964,100,100013,100,99962,100,100027,100,99938,100,100032,200,99935,200,100041,100,99930,100,100046,100,99928,100,100076,100,99911,100,100079,100,99901,100
2019-06-28 09:32:50.000000000,99994,194,99975,194,99999,291,99964,191,100012,191,99962,191,100013,100,99938,100,100027,100,99935,200,100032,200,99930,100,100041,100,99928,100,100046,100,99911,100,100076,100,99901,100,100079,100,99891,100
2019-06-28 09:33:00.000000000,99994,169,99975,169,99999,269,99964,169,100012,169,99962,169,100013,169,99938,169,100027,100,99935,200,100032,200,99930,100,100041,100,99928,100,100046,100,99911,100,100076,100,99901,100,100079,100,99891,100
2019-06-28 09:33:02.098398883,99994,169,99975,69,99999,269,99964,169,100012,169,99962,169,100013,169,99938,169,100027,100,99935,100,100032,200,99930,100,100041,100,99928,100,100046,100,99911,100,100076,100,99901,100,100079,100,99891,100
2019-06-28 09:33:07.096020876,99975,31,99964,169,99994,169,99962,169,99999,269,99938,169,100012,169,99935,100,100013,169,99930,100,100027,100,99928,100,100032,200,99911,100,100041,100,99901,100,100046,100,99891,100,100076,100,99888,100
2019-06-28 09:33:09.837247522,99975,31,99964,69,99994,169,99962,169,99999,269,99938,169,100012,169,99935,100,100013,169,99930,100,100027,100,99928,100,100032,100,99911,100,100041,100,99901,100,100046,100,99891,100,100076,100,99888,100
2019-06-28 09:33:10.000000000,99975,100,99962,169,99994,169,99938,169,99999,269,99935,169,100012,169,99930,169,100013,100,99928,100,100027,100,99911,100,100032,100,99901,100,100041,100,99891,100,100046,100,99888,100,100076,100,99865,100
2019-06-28 09:33:12.889766134,99975,100,99962,69,99994,169,99938,169,99999,269,99935,169,100012,169,99930,169,100013,100,99928,100,100027,100,99911,100,100032,100,99901,100,100041,100,99891,100,100046,100,99888,100,100076,100,99865,100
2019-06-28 09:33:20.000000000,99975,125,99938,194,99994,191,99935,191,99999,291,99930,191,100012,100,99928,100,100013,100,99911,100,100027,100,99901,100,100032,100,99891,100,100041,100,99888,100,100046,100,99865,100,100076,100,99843,100
2019-06-28 09:33:27.612831584,99975,125,99938,194,99994,191,99935,191,99999,291,99930,191,100012,100,99928,100,100013,100,99911,100,100027,100,99901,100,100032,100,99891,100,100041,100,99888,100,100046,100,99865,100,100076,100,99843,100
2019-06-28 09:33:30.000000000,99975,125,99938,194,99994,191,99935,191,99999,291,99930,191,100012,100,99928,100,100013,100,99911,100,100027,100,99901,100,100032,100,99891,100,100041,100,99888,100,100046,100,99865,100,100076,100,99843,100
2019-06-28 09:33:40.000000000,99975,86,99938,155,99994,155,99935,155,99999,255,99930,155,100012,155,99928,155,100013,155,99911,155,100027,100,99901,100,100032,100,99891,100,100041,100,99888,100,100046,100,99865,100,100076,100,99843,100
2019-06-28 09:33:50.000000000,99975,100,99938,169,99994,169,99935,169,99999,269,99930,169,100012,169,99928,169,100013,100,99911,100,100027,100,99901,100,100032,100,99891,100,100041,100,99888,100,100046,100,99865,100,100076,100,99843,100
2019-06-28 09:34:00.000000000,99975,100,99938,169,99994,169,99935,169,99999,269,99930,169,100012,169,99928,169,100013,100,99911,100,100027,100,99901,100,100032,100,99891,100,100041,100,99888,100,100046,100,99865,100,100076,100,99843,100
2019-06-28 09:34:10.000000000,99975,125,99938,194,99994,191,99935,191,99999,291,99930,191,100012,100,99928,100,100013,100,99911,100,100027,100,99901,100,100032,100,99891,100,100041,100,99888,100,100046,100,99865,100,100076,100,99843,100
2019-06-28 09:34:20.000000000,99975,100,99938,169,99994,169,99935,169,99999,269,99930,169,100012,169,99928,169,100013,100,99911,100,100027,100,99901,100,100032,100,99891,100,100041,100,99888,100,100046,100,99865,100,100076,100,99843,100
2019-06-28 09:34:22.501194412,99975,100,99938,169,99994,169,99935,169,99999,269,99930,169,100012,169,99928,169,100013,100,99911,100,100027,100,99901,100,100032,100,99888,100,100041,100,99865,100,100046,100,99843,100,100076,100,99828,100
2019-06-28 09:34:30.000000000,99975,307,99938,376,99994,100,99935,100,99999,200,99930,100,100012,100,99928,100,100013,100,99911,100,100027,100,99901,100,100032,100,99888,100,100041,100,99865,100,100046,100,99843,100,100076,100,99828,100
2019-06-28 09:34:39.888450525,99975,307,99938,276,99994,100,99935,100,99999,200,99930,100,100012,100,99928,100,100013,100,99911,100,100027,100,99901,100,100041,100,99888,100,100046,100,99865,100,100076,100,99843,100,100079,100,99828,100
2019-06-28 09:34:40.000000000,99975,169,99935,238,99994,238,99930,238,99999,200,99928,100,100012,100,99911,100,100013,100,99901,100,100027,100,99888,100,100041,100,99865,100,100046,100,99843,100,100076,100,99828,100,100079,100,98328,100
2019-06-28 09:34:50.000000000,99975,100,99935,169,99994,169,99930,169,99999,269,99928,169,100012,169,99911,169,100013,100,99901,100,100027,100,99888,100,100041,100,99865,100,100046,100,99843,100,100076,100,99828,100,100079,100,98328,100
2019-06-28 09:35:00.000000000,99975,86,99935,155,99994,155,99930,155,99999,255,99928,155,100012,155,99911,155,100013,155,99901,155,100027,100,99888,100,100041,100,99865,100,100046,100,99843,100,100076,100,99828,100,100079,100,98328,100
2019-06-28 09:35:10.000000000,99975,100,99935,169,99994,169,99930,169,99999,269,99928,169,100012,169,99911,169,100013,100,99901,100,100027,100,99888,100,100041,100,99865,100,100046,100,99843,100,100076,100,99828,100,100079,100,98328,100
2019-06-28 09:35:20.000000000,99975,307,99935,376,99994,100,99930,100,99999,200,99928,100,100012,100,99911,100,100013,100,99901,100,100027,100,99888,100,100041,100,99865,100,100046,100,99843,100,100076,100,99828,100,100079,100,98328,100
2019-06-28 09:35:29.445857094,99975,307,99935,376,99994,100,99930,100,99999,200,99928,100,100012,100,99911,100,100013,100,99901,100,100027,100,99888,100,100041,100,99865,100,100046,100,99843,100,100076,100,99828,100,100079,100,99582,100
2019-06-28 09:35:30.000000000,99975,307,99935,376,99994,100,99930,100,99999,200,99928,100,100012,100,99911,100,100013,100,99901,100,100027,100,99888,100,100041,100,99865,100,100046,100,99843,100,100076,100,99828,100,100079,100,99582,100
2019-06-28 09:35:34.013920506,99962,100,99935,376,99975,307,99930,100,99994,100,99928,100,99999,200,99911,100,100012,100,99901,100,100013,100,99888,100,100027,100,99865,100,100041,100,99843,100,100046,100,99828,100,100076,100,99582,100
2019-06-28 09:35:40.000000000,99962,376,99935,376,99975,31,99930,100,99994,100,99928,100,99999,200,99911,100,100012,100,99901,100,100013,100,99888,100,100027,100,99865,100,100041,100,99843,100,100046,100,99828,100,100076,100,99582,100
2019-06-28 09:35:48.363331586,99962,476,99935,376,99975,31,99930,100,99994,100,99928,100,99999,200,99911,100,100012,100,99901,100,100013,100,99888,100,100027,100,99865,100,100041,100,99843,100,100046,100,99828,100,100076,100,99582,100
2019-06-28 09:35:50.000000000,99962,476,99935,376,99975,31,99930,100,99994,100,99928,100,99999,200,99911,100,100012,100,99901,100,100013,100,99888,100,100027,100,99865,100,100041,100,99843,100,100046,100,99828,100,100076,100,99582,100
2019-06-28 09:35:55.193218548,99962,476,99935,276,99975,31,99930,100,99994,100,99911,100,99999,200,99901,100,100012,100,99888,100,100013,100,99865,100,100027,100,99843,100,100041,100,99828,100,100046,100,99582,100,100076,100,98328,100
2019-06-28 09:36:00.000000000,99962,294,99930,194,99975,122,99911,191,99994,191,99901,191,99999,200,99888,100,100012,100,99865,100,100013,100,99843,100,100027,100,99828,100,100041,100,99582,100,100046,100,98328,100,100076,100,98315,100
2019-06-28 09:36:07.628534310,99938,100,99930,194,99962,294,99911,191,99975,122,99901,191,99994,191,99888,100,99999,200,99865,100,100012,100,99843,100,100013,100,99828,100,100027,100,99582,100,100041,100,98328,100,100046,100,98315,100
2019-06-28 09:36:10.000000000,99938,155,99930,155,99962,255,99911,155,99975,86,99901,155,99994,155,99888,155,99999,255,99865,155,100012,100,99843,100,100013,100,99828,100,100027,100,99582,100,100041,100,98328,100,100046,100,98315,100
2019-06-28 09:36:20.000000000,99938,169,99930,169,99962,269,99911,169,99975,100,99901,169,99994,169,99888,169,99999,200,99865,100,100012,100,99843,100,100013,100,99828,100,100027,100,99582,100,100041,100,98328,100,100046,100,98315,100
2019-06-28 09:36:30.000000000,99938,155,99930,155,99962,255,99911,155,99975,86,99901,155,99994,155,99888,155,99999,255,99865,155,100012,100,99843,100,100013,100,99828,100,100027,100,99582,100,100041,100,98328,100,100046,100,98315,100
2019-06-28 09:36:40.000000000,99938,238,99930,238,99962,338,99911,238,99975,31,99901,100,99994,100,99888,100,99999,200,99865,100,100012,100,99843,100,100013,100,99828,100,100027,100,99582,100,100041,100,98328,100,100046,100,98315,100
2019-06-28 09:36:50.000000000,99938,169,99930,169,99962,269,99911,169,99975,100,99901,169,99994,169,99888,169,99999,200,99865,100,100012,100,99843,100,100013,100,99828,100,100027,100,99582,100,100041,100,98328,100,100046,100,98315,100
2019-06-28 09:37:00.000000000,99938,169,99930,169,99962,269,99911,169,99975,100,99901,169,99994,169,99888,169,99999,200,99865,100,100012,100,99843,100,100013,100,99828,100,100027,100,99582,100,100041,100,98328,100,100046,100,98315,100
2019-06-28 09:37:01.260847483,99938,169,99930,169,99962,269,99911,169,99975,100,99901,169,99994,169,99888,169,99999,200,99865,100,100012,100,99843,100,100027,100,99828,100,100041,100,99582,100,100046,100,99314,100,100076,100,98328,100
2019-06-28 09:37:05.588541307,99938,169,99930,69,99962,269,99911,169,99975,100,99901,169,99994,169,99888,169,99999,200,99865,100,100012,100,99843,100,100027,100,99828,100,100041,100,99582,100,100046,100,99314,100,100076,100,98328,100
2019-06-28 09:37:08.923703958,99930,31,99911,169,99938,169,99901,169,99962,269,99888,169,99975,100,99865,100,99994,169,99843,100,99999,200,99828,100,100012,100,99582,100,100027,100,99314,100,100041,100,98328,100,100046,100,98315,100
2019-06-28 09:37:10.000000000,99930,86,99911,155,99938,155,99901,155,99962,255,99888,155,99975,86,99865,155,99994,155,99843,155,99999,200,99828,100,100012,100,99582,100,100027,100,99314,100,100041,100,98328,100,100046,100,98315,100
2019-06-28 09:37:12.700542660,99930,86,99911,55,99938,155,99901,155,99962,255,99888,155,99975,86,99865,155,99994,155,99843,155,99999,200,99828,100,100012,100,99582,100,100027,100,99314,100,100041,100,98328,100,100046,100,98315,100
2019-06-28 09:37:16.036410189,99911,45,99901,155,99930,86,99888,155,99938,155,99865,155,99962,255,99843,155,99975,86,99828,100,99994,155,99582,100,99999,200,99314,100,100012,100,98328,100,100027,100,98315,100,100041,100,98267,100
2019-06-28 09:37:17.830432841,99911,45,99901,155,99930,86,99888,155,99938,155,99865,155,99962,255,99843,155,99975,86,99828,100,99994,155,99582,100,99999,200,99333,100,100012,100,99314,100,100027,100,98328,100,100041,100,98315,100
2019-06-28 09:37:20.000000000,99911,100,99901,155,99930,86,99888,155,99938,155,99865,155,99962,255,99843,155,99975,86,99828,155,99994,100,99582,100,99999,200,99333,100,100012,100,99314,100,100027,100,98328,100,100041,100,98315,100
2019-06-28 09:37:22.945857527,99911,200,99901,155,99930,86,99888,155,99938,155,99865,155,99962,255,99843,155,99975,86,99828,155,99994,100,99582,100,99999,100,99333,100,100012,100,99314,100,100027,100,98328,100,100041,100,98315,100
2019-06-28 09:37:28.410040595,99911,300,99901,155,99930,86,99888,155,99938,155,99865,155,99962,255,99843,155,99975,86,99828,155,99994,100,99582,100,99999,100,99333,100,100012,100,99314,100,100027,100,98328,100,100041,100,98315,100
2019-06-28 09:37:30.000000000,99911,339,99901,194,99930,122,99888,191,99938,191,99865,191,99962,200,99843,100,99975,31,99828,100,99994,100,99582,100,99999,100,99333,100,100012,100,99314,100,100027,100,98328,100,100041,100,98315,100
2019-06-28 09:37:36.171512537,99911,339,99901,194,99930,122,99888,191,99938,191,99865,191,99962,200,99843,100,99975,31,99828,100,99994,100,99623,100,99999,100,99582,100,100012,100,99333,100,100027,100,99314,100,100041,100,98328,100
2019-06-28 09:37:39.268730041,99911,339,99901,94,99930,122,99888,191,99938,191,99865,191,99962,200,99843,100,99975,31,99828,100,99994,100,99623,100,99999,100,99582,100,100012,100,99333,100,100027,100,99314,100,100041,100,98328,100
2019-06-28 09:37:40.000000000,99911,339,99888,194,99930,122,99865,191,99938,191,99843,191,99962,200,99828,100,99975,31,99623,100,99994,100,99582,100,99999,100,99333,100,100012,100,99314,100,100027,100,98328,100,100041,100,98315,100
2019-06-28 09:37:45.753944555,99911,339,99888,194,99930,122,99865,191,99938,191,99843,191,99962,200,99828,100,99975,31,99623,100,99994,100,99582,100,99999,100,99561,100,100012,100,99333,100,100027,100,99314,100,100041,100,98328,100
2019-06-28 09:37:46.837041540,99911,339,99888,194,99930,122,99865,191,99938,191,99843,191,99962,200,99828,100,99975,31,99623,100,99994,100,99582,100,99999,100,99572,100,100012,100,99561,100,100027,100,99333,100,100041,100,99314,100
2019-06-28 09:37:50.000000000,99911,314,99888,169,99930,100,99865,169,99938,169,99843,169,99962,269,99828,169,99975,31,99623,100,99994,100,99582,100,99999,100,99572,100,100012,100,99561,100,100027,100,99333,100,100041,100,99314,100
2019-06-28 09:37:52.086280846,99911,314,99888,169,99930,69,99865,169,99938,169,99843,169,99962,269,99828,169,99975,31,99658,100,99994,100,99623,100,99999,100,99582,100,100012,100,99572,100,100027,100,99561,100,100041,100,99333,100
2019-06-28 09:38:00.000000000,99911,339,99888,194,99938,191,99865,191,99962,291,99843,191,99975,31,99828,100,99994,100,99658,100,99999,100,99623,100,100012,100,99582,100,100027,100,99572,100,100041,100,99561,100,100076,100,99333,100
2019-06-28 09:38:06.207023926,99911,339,99888,94,99938,191,99865,191,99962,291,99843,191,99975,31,99828,100,99994,100,99658,100,99999,100,99623,100,100027,100,99582,100,100041,100,99572,100,100076,100,99561,100,100079,100,99333,100
2019-06-28 09:38:10.000000000,99911,300,99865,155,99938,155,99843,155,99962,255,99828,155,99975,86,99658,155,99994,155,99623,155,99999,100,99582,100,100027,100,99572,100,100041,100,99561,100,100076,100,99333,100,100079,100,99314,100
2019-06-28 09:38:20.000000000,99911,300,99865,155,99938,155,99843,155,99962,255,99828,155,99975,86,99658,155,99994,155,99623,155,99999,100,99582,100,100027,100,99572,100,100041,100,99561,100,100076,100,99333,100,100079,100,99314,100
2019-06-28 09:38:30.000000000,99911,521,99865,376,99938,100,99843,100,99962,200,99828,100,99975,31,99658,100,99994,100,99623,100,99999,100,99582,100,100027,100,99572,100,100041,100,99561,100,100076,100,99333,100,100079,100,99314,100
2019-06-28 09:38:33.061571435,99901,100,99865,376,99911,521,99843,100,99938,100,99828,100,99962,200,99658,100,99975,31,99623,100,99994,100,99582,100,99999,100,99572,100,100027,100,99561,100,100041,100,99333,100,100076,100,99314,100
2019-06-28 09:38:40.000000000,99901,155,99865,155,99911,300,99843,155,99938,155,99828,155,99962,255,99658,155,99975,86,99623,155,99994,100,99582,100,99999,100,99572,100,100027,100,99561,100,100041,100,99333,100,100076,100,99314,100
2019-06-28 09:38:50.000000000,99901,169,99865,169,99911,314,99843,169,99938,169,99828,169,99962,269,99658,169,99975,31,99623,100,99994,100,99582,100,99999,100,99572,100,100027,100,99561,100,100041,100,99333,100,100076,100,99314,100
2019-06-28 09:38:52.311408310,99901,169,99865,169,99911,314,99843,169,99938,169,99828,169,99962,269,99713,100,99975,31,99658,169,99994,100,99623,100,99999,100,99582,100,100027,100,99572,100,100041,100,99561,100,100079,100,99333,100
2019-06-28 09:38:55.060346334,99901,169,99865,169,99911,314,99843,169,99938,169,99828,169,99949,100,99713,100,99962,269,99658,169,99975,31,99623,100,99994,100,99582,100,99999,100,99572,100,100027,100,99561,100,100041,100,99333,100
2019-06-28 09:39:00.000000000,99901,194,99865,194,99911,336,99843,191,99938,191,99828,191,99949,100,99713,100,99962,200,99658,100,99975,31,99623,100,99994,100,99582,100,99999,100,99572,100,100027,100,99561,100,100041,100,99333,100
2019-06-28 09:39:10.000000000,99901,376,99865,376,99911,245,99843,100,99938,100,99828,100,99949,100,99713,100,99962,200,99658,100,99975,31,99623,100,99994,100,99582,100,99999,100,99572,100,100027,100,99561,100,100041,100,99333,100
2019-06-28 09:39:16.750098741,99901,376,99865,276,99911,245,99843,100,99938,100,99828,100,99949,100,99713,100,99962,200,99658,100,99975,31,99623,100,99994,100,99582,100,99999,100,99572,100,100027,100,99561,100,100041,100,99333,100
2019-06-28 09:39:20.000000000,99901,238,99843,238,99911,383,99828,238,99938,100,99713,100,99949,100,99658,100,99962,200,99623,100,99975,31,99582,100,99994,100,99572,100,99999,100,99561,100,100027,100,99333,100,100041,100,99314,100
2019-06-28 09:39:30.000000000,99901,169,99843,169,99911,314,99828,169,99938,169,99713,169,99949,169,99658,169,99962,200,99623,100,99975,31,99582,100,99994,100,99572,100,99999,100,99561,100,100027,100,99333,100,100041,100,99314,100
2019-06-28 09:39:40.000000000,99901,155,99843,155,99911,300,99828,155,99938,155,99713,155,99949,155,99658,155,99962,255,99623,155,99975,31,99582,100,99994,100,99572,100,99999,100,99561,100,100027,100,99333,100,100041,100,99314,100
2019-06-28 09:39:47.370423047,99901,55,99843,55,99911,300,99828,155,99938,155,99713,155,99949,155,99658,155,99962,255,99623,155,99975,31,99582,100,99994,100,99572,100,99999,100,99561,100,100027,100,99333,100,100041,100,99314,100
2019-06-28 09:39:50.000000000,99911,521,99828,376,99938,100,99713,100,99949,100,99658,100,99962,200,99623,100,99975,31,99582,100,99994,100,99572,100,99999,100,99561,100,100027,100,99333,100,100041,100,99314,100,100079,100,98328,100
2019-06-28 09:39:50.370389026,99911,421,99828,376,99938,100,99713,100,99949,100,99658,100,99962,200,99623,100,99975,31,99582,100,99994,100,99572,100,99999,100,99561,100,100027,100,99333,100,100041,100,99314,100,100079,100,98328,100
2019-06-28 09:39:56.842613220,99911,421,99828,376,99923,100,99713,100,99938,100,99658,100,99949,100,99623,100,99962,200,99582,100,99975,31,99572,100,99994,100,99561,100,99999,100,99333,100,100027,100,99314,100,100041,100,98328,100
2019-06-28 09:40:00.000000000,99911,421,99828,376,99923,100,99713,100,99938,100,99658,100,99949,100,99623,100,99962,200,99582,100,99975,31,99572,100,99994,100,99561,100,99999,100,99333,100,100027,100,99314,100,100041,100,98328,100
2019-06-28 09:40:10.000000000,99911,283,99828,238,99923,238,99713,238,99938,100,99658,100,99949,100,99623,100,99962,200,99582,100,99975,31,99572,100,99994,100,99561,100,99999,100,99333,100,100027,100,99314,100,100041,100,98328,100
2019-06-28 09:40:20.000000000,99911,421,99828,376,99923,100,99713,100,99938,100,99658,100,99949,100,99623,100,99962,200,99582,100,99975,31,99572,100,99994,100,99561,100,99999,100,99333,100,100027,100,99314,100,100041,100,98328,100
2019-06-28 09:40:26.971214083,99911,421,99828,376,99923,100,99713,100,99938,100,99658,100,99949,100,99623,100,99962,200,99582,100,99975,31,99572,100,99994,100,99561,100,99999,100,99333,100,100027,100,99314,100,100041,100,98328,100
2019-06-28 09:40:28.834578378,99911,421,99828,376,99923,100,99713,100,99938,100,99658,100,99949,100,99623,100,99962,200,99582,100,99975,31,99572,100,99994,100,99561,100,99999,100,99333,100,100027,100,99314,100,100041,100,98328,100
2019-06-28 09:40:30.000000000,99911,200,99828,155,99923,155,99713,155,99938,155,99658,155,99949,155,99623,155,99962,255,99582,155,99975,31,99572,100,99994,100,99561,100,99999,100,99333,100,100027,100,99314,100,100041,100,98328,100
2019-06-28 09:40:40.000000000,99911,239,99828,194,99923,191,99713,191,99938,191,99658,191,99949,100,99623,100,99962,200,99582,100,99975,31,99572,100,99994,100,99561,100,99999,100,99333,100,100027,100,99314,100,100041,100,98328,100
2019-06-28 09:40:50.000000000,99911,283,99828,238,99923,238,99713,238,99938,100,99658,100,99949,100,99623,100,99962,200,99582,100,99975,31,99572,100,99994,100,99561,100,99999,100,99333,100,100027,100,99314,100,100041,100,98328,100
2019-06-28 09:40:57.491829070,99911,283,99828,238,99923,238,99713,238,99938,100,99658,100,99949,100,99623,100,99962,200,99582,100,99975,31,99572,100,99994,100,99561,100,99999,100,99333,100,100027,100,99314,100,100041,100,98328,100
2019-06-28 09:41:00.000000000,99911,200,99828,155,99923,155,99713,155,99938,155,99658,155,99949,155,99623,155,99962,255,99582,155,99975,31,99572,100,99994,100,99561,100,99999,100,99333,100,100027,100,99314,100,100041,100,98328,100
2019-06-28 09:41:10.000000000,99911,283,99828,238,99923,238,99713,238,99938,100,99658,100,99949,100,99623,100,99962,200,99582,100,99975,31,99572,100,99994,100,99561,100,99999,100,99333,100,100027,100,99314,100,100041,100,98328,100
2019-06-28 09:41:20.000000000,99911,283,99828,238,99923,238,99713,238,99938,100,99658,100,99949,100,99623,100,99962,200,99582,100,99975,31,99572,100,99994,100,99561,100,99999,100,99333,100,100027,100,99314,100,100041,100,98328,100
2019-06-28 09:41:29.853138976,99911,183,99828,238,99923,238,99713,238,99938,100,99658,100,99949,100,99623,100,99962,200,99582,100,99975,31,99572,100,99994,100,99561,100,99999,100,99333,100,100027,100,99314,100,100041,100,98328,100
2019-06-28 09:41:30.000000000,99911,321,99828,376,99923,100,99713,100,99938,100,99658,100,99949,100,99623,100,99962,200,99582,100,99975,31,99572,100,99994,100,99561,100,99999,100,99333,100,100027,100,99314,100,100041,100,98328,100
2019-06-28 09:41:34.849279076,99911,221,99828,376,99923,100,99713,100,99938,100,99658,100,99949,100,99623,100,99962,200,99582,100,99975,31,99572,100,99994,100,99561,100,99999,100,99333,100,100027,100,99314,100,100041,100,98328,100
2019-06-28 09:41:37.921003446,99911,121,99828,376,99923,100,99713,100,99938,100,99658,100,99949,100,99623,100,99962,200,99582,100,99994,100,99572,100,99999,100,99561,100,100027,100,99333,100,100041,100,99314,100,100079,100,98328,100
2019-06-28 09:41:40.000000000,99923,238,99828,238,99938,238,99713,238,99949,100,99658,100,99962,200,99623,100,99994,100,99582,100,99999,100,99572,100,100027,100,99561,100,100041,100,99333,100,100079,100,99314,100,100103,100,98328,100
2019-06-28 09:41:40.212119868,99923,138,99828,238,99938,238,99713,238,99962,200,99658,100,99994,100,99623,100,99999,100,99582,100,100027,100,99572,100,100041,100,99561,100,100079,100,99333,100,100103,100,99314,100,100106,100,98328,100
2019-06-28 09:41:41.511229550,99923,38,99828,238,99938,238,99713,238,99962,200,99658,100,99994,100,99623,100,99999,100,99582,100,100027,100,99572,100,100041,100,99561,100,100079,100,99333,100,100103,100,99314,100,100106,100,98328,100
2019-06-28 09:41:43.116136575,99923,38,99828,238,99938,238,99713,238,99962,200,99658,100,99994,100,99623,100,99999,100,99582,100,100027,100,99572,100,100041,100,99561,100,100079,100,99333,100,100103,100,99314,100,100106,100,98328,100
2019-06-28 09:41:45.624344750,99938,238,99923,62,99962,200,99828,238,99994,100,99713,238,99999,100,99658,100,100027,100,99623,100,100041,100,99582,100,100079,100,99572,100,100103,100,99561,100,100106,100,99333,100,100113,100,98328,100
2019-06-28 09:41:50.000000000,99938,376,99923,338,99962,200,99828,100,99994,100,99713,100,99999,100,99658,100,100027,100,99623,100,100041,100,99582,100,100079,100,99572,100,100103,100,99561,100,100106,100,99333,100,100113,100,98328,100
2019-06-28 09:42:00.000000000,99938,376,99923,338,99962,200,99828,100,99994,100,99713,100,99999,100,99658,100,100027,100,99623,100,100041,100,99582,100,100079,100,99572,100,100103,100,99561,100,100106,100,99333,100,100113,100,98328,100
2019-06-28 09:42:01.250095761,99938,376,99923,438,99962,200,99828,100,99994,100,99713,100,99999,100,99658,100,100027,100,99623,100,100041,100,99582,100,100079,100,99572,100,100103,100,99561,100,100106,100,99333,100,100113,100,98328,100
2019-06-28 09:42:09.887840513,99938,276,99923,438,99962,200,99828,100,99994,100,99713,100,99999,100,99658,100,100027,100,99623,100,100041,100,99582,100,100079,100,99572,100,100103,100,99561,100,100106,100,99333,100,100113,100,98328,100
2019-06-28 09:42:10.000000000,99962,338,99923,300,99994,238,99828,238,99999,100,99713,100,100027,100,99658,100,100041,100,99623,100,100079,100,99582,100,100103,100,99572,100,100106,100,99561,100,100113,100,99333,100,100119,100,98328,100
2019-06-28 09:42:11.046469753,99962,338,99923,300,99994,238,99828,238,99999,100,99713,100,100027,100,99658,100,100041,100,99623,100,100079,100,99582,100,100103,100,99572,100,100106,100,99561,100,100113,100,99333,100,100119,100,98328,100
2019-06-28 09:42:20.000000000,99962,269,99923,231,99994,169,99828,169,99999,169,99713,169,100027,169,99658,169,100041,100,99623,100,100079,100,99582,100,100103,100,99572,100,100106,100,99561,100,100113,100,99333,100,100119,100,98328,100
2019-06-28 09:42:30.000000000,99962,294,99923,256,99994,191,99828,191,99999,191,99713,191,100027,100,99658,100,100041,100,99623,100,100079,100,99582,100,100103,100,99572,100,100106,100,99561,100,100113,100,99333,100,100119,100,98328,100
2019-06-28 09:42:40.000000000,99962,294,99923,256,99994,191,99828,191,99999,191,99713,191,100027,100,99658,100,100041,100,99623,100,100079,100,99582,100,100103,100,99572,100,100106,100,99561,100,100113,100,99333,100,100119,100,98328,100
2019-06-28 09:42:50.000000000,99962,255,99923,217,99994,155,99828,155,99999,155,99713,155,100027,155,99658,155,100041,155,99623,155,100079,100,99582,100,100103,100,99572,100,100106,100,99561,100,100113,100,99333,100,100119,100,98328,100
2019-06-28 09:42:59.586966552,99962,155,99923,217,99994,155,99828,155,99999,155,99713,155,100027,155,99658,155,100041,155,99623,155,100079,100,99582,100,100103,100,99572,100,100106,100,99561,100,100113,100,99333,100,100119,100,98328,100
2019-06-28 09:43:00.000000000,99962,376,99923,438,99994,100,99828,100,99999,100,99713,100,100027,100,99658,100,100041,100,99623,100,100079,100,99582,100,100103,100,99572,100,100106,100,99561,100,100113,100,99333,100,100119,100,98328,100
2019-06-28 09:43:06.476086937,99962,276,99923,438,99994,100,99828,100,99999,100,99713,100,100027,100,99658,100,100041,100,99623,100,100079,100,99582,100,100103,100,99572,100,100106,100,99561,100,100113,100,99333,100,100119,100,98328,100
2019-06-28 09:43:10.000000000,99994,169,99923,231,99999,169,99828,169,100027,169,99713,169,100041,169,99658,169,100079,100,99623,100,100103,100,99582,100,100106,100,99572,100,100113,100,99561,100,100119,100,99333,100,100160,100,98328,100
2019-06-28 09:43:13.729070775,99994,169,99962,100,99999,169,99923,231,100027,169,99828,169,100041,169,99713,169,100079,100,99658,169,100103,100,99623,100,100106,100,99582,100,100113,100,99572,100,100119,100,99561,100,100160,100,99333,100
2019-06-28 09:43:20.000000000,99994,155,99962,155,99999,155,99923,217,100027,155,99828,155,100041,155,99713,155,100079,155,99658,155,100103,100,99623,100,100106,100,99582,100,100113,100,99572,100,100119,100,99561,100,100160,100,99333,100
2019-06-28 09:43:30.000000000,99994,194,99962,194,99999,191,99923,253,100027,191,99828,191,100041,100,99713,100,100079,100,99658,100,100103,100,99623,100,100106,100,99582,100,100113,100,99572,100,100119,100,99561,100,100160,100,99333,100
2019-06-28 09:43:40.000000000,99994,238,99962,238,99999,238,99923,300,100027,100,99828,100,100041,100,99713,100,100079,100,99658,100,100103,100,99623,100,100106,100,99582,100,100113,100,99572,100,100119,100,99561,100,100160,100,99333,100
2019-06-28 09:43:49.571923947,99994,138,99962,238,99999,238,99923,300,100027,100,99828,100,100041,100,99713,100,100079,100,99658,100,100103,100,99623,100,100106,100,99582,100,100113,100,99572,100,100119,100,99561,100,100160,100,99333,100
2019-06-28 09:43:50.000000000,99999,155,99962,155,100027,155,99923,217,100041,155,99828,155,100079,155,99713,155,100103,155,99658,155,100106,100,99623,100,100113,100,99582,100,100119,100,99572,100,100160,100,99561,100,100161,100,99333,100
2019-06-28 09:43:56.316561677,99999,155,99962,55,100027,155,99923,217,100041,155,99828,155,100079,155,99713,155,100103,155,99658,155,100106,100,99623,100,100113,100,99582,100,100119,100,99572,100,100160,100,99561,100,100161,100,99333,100
2019-06-28 09:44:00.000000000,99999,169,99923,231,100027,169,99828,169,100041,169,99713,169,100079,169,99658,169,100103,100,99623,100,100106,100,99582,100,100113,100,99572,100,100119,100,99561,100,100160,100,99333,100,100161,100,98328,100
2019-06-28 09:44:00.851049190,99999,169,99923,231,100027,169,99828,169,100041,169,99722,100,100079,169,99713,169,100103,100,99658,169,100106,100,99623,100,100113,100,99582,100,100119,100,99572,100,100160,100,99561,100,100161,100,99333,100
2019-06-28 09:44:10.000000000,99999,238,99923,300,100027,238,99828,238,100041,100,99722,100,100079,100,99713,100,100103,100,99658,100,100106,100,99623,100,100113,100,99582,100,100119,100,99572,100,100160,100,99561,100,100161,100,99333,100
2019-06-28 09:44:20.000000000,99999,169,99923,231,100027,169,99828,169,100041,169,99722,169,100079,169,99713,169,100103,100,99658,100,100106,100,99623,100,100113,100,99582,100,100119,100,99572,100,100160,100,99561,100,100161,100,99333,100
2019-06-28 09:44:30.000000000,99999,376,99923,438,100027,100,99828,100,100041,100,99722,100,100079,100,99713,100,100103,100,99658,100,100106,100,99623,100,100113,100,99582,100,100119,100,99572,100,100160,100,99561,100,100161,100,99333,100
2019-06-28 09:44:40.000000000,99999,155,99923,217,100027,155,99828,155,100041,155,99722,155,100079,155,99713,155,100103,155,99658,155,100106,100,99623,100,100113,100,99582,100,100119,100,99572,100,100160,100,99561,100,100161,100,99333,100
2019-06-28 09:44:41.656795496,99999,155,99923,217,100027,155,99828,155,100041,155,99722,155,100079,155,99713,155,100103,155,99658,155,100106,100,99623,100,100113,100,99582,200,100119,100,99572,100,100160,100,99561,100,100161,100,99333,100
2019-06-28 09:44:50.000000000,99999,155,99923,217,100027,155,99828,155,100041,155,99722,155,100079,155,99713,155,100103,155,99658,155,100106,100,99623,100,100113,100,99582,200,100119,100,99572,100,100160,100,99561,100,100161,100,99333,100
2019-06-28 09:45:00.000000000,99999,194,99923,256,100027,191,99828,191,100041,191,99722,191,100079,100,99713,100,100103,100,99658,100,100106,100,99623,100,100113,100,99582,200,100119,100,99572,100,100160,100,99561,100,100161,100,99333,100
2019-06-28 09:45:07.022695550,99999,194,99923,256,100027,191,99828,191,100041,191,99722,191,100057,100,99713,100,100079,100,99658,100,100103,100,99623,100,100106,100,99582,200,100113,100,99572,100,100119,100,99561,100,100160,100,99333,100
2019-06-28 09:45:10.000000000,99999,194,99923,256,100027,191,99828,191,100041,191,99722,191,100057,100,99713,100,100079,100,99658,100,100103,100,99623,100,100106,100,99582,200,100113,100,99572,100,100119,100,99561,100,100160,100,99333,100
2019-06-28 09:45:20.000000000,99999,155,99923,217,100027,155,99828,155,100041,155,99722,155,100057,155,99713,155,100079,155,99658,155,100103,100,99623,100,100106,100,99582,200,100113,100,99572,100,100119,100,99561,100,100160,100,99333,100
2019-06-28 09:45:30.000000000,99999,376,99923,438,100027,100,99828,100,100041,100,99722,100,100057,100,99713,100,100079,100,99658,100,100103,100,99623,100,100106,100,99582,200,100113,100,99572,100,100119,100,99561,100,100160,100,99333,100
2019-06-28 09:45:31.616222004,99961,100,99923,438,99999,376,99828,100,100027,100,99722,100,100041,100,99713,100,100057,100,99658,100,100079,100,99623,100,100103,100,99582,200,100106,100,99572,100,100113,100,99561,100,100119,100,99333,100
2019-06-28 09:45:36.084017845,99961,100,99923,338,99999,376,99828,100,100027,100,99722,100,100041,100,99713,100,100057,100,99658,100,100079,100,99623,100,100106,100,99582,200,100113,100,99572,100,100119,100,99561,100,100160,100,99333,100
2019-06-28 09:45:36.979938464,99961,100,99923,238,99999,376,99828,100,100027,100,99722,100,100041,100,99713,100,100057,100,99658,100,100079,100,99623,100,100106,100,99582,200,100113,100,99561,100,100119,100,99333,100,100160,100,98328,100
2019-06-28 09:45:40.000000000,99961,238,99828,238,99999,238,99722,238,100027,100,99713,100,100041,100,99658,100,100057,100,99623,100,100079,100,99582,200,100106,100,99561,100,100113,100,99333,100,100119,100,98328,100,100160,100,98315,100
2019-06-28 09:45:48.879968979,99961,238,99879,100,99999,238,99828,238,100027,100,99722,238,100041,100,99713,100,100057,100,99658,100,100079,100,99623,100,100106,100,99582,200,100113,100,99561,100,100119,100,99333,100,100160,100,98328,100
2019-06-28 09:45:50.000000000,99961,169,99879,169,99999,169,99828,169,100027,169,99722,169,100041,169,99713,169,100057,100,99658,100,100079,100,99623,100,100106,100,99582,200,100113,100,99561,100,100119,100,99333,100,100160,100,98328,100
2019-06-28 09:46:00.000000000,99961,155,99879,155,99999,155,99828,155,100027,155,99722,155,100041,155,99713,155,100057,155,99658,155,100079,100,99623,100,100106,100,99582,200,100113,100,99561,100,100119,100,99333,100,100160,100,98328,100
2019-06-28 09:46:03.477219162,99961,155,99879,55,99999,155,99828,155,100027,155,99722,155,100041,155,99713,155,100057,155,99658,155,100079,100,99623,100,100106,100,99582,100,100113,100,99561,100,100119,100,99333,100,100160,100,98328,100
2019-06-28 09:46:10.000000000,99961,376,99828,376,99999,100,99722,100,100027,100,99713,100,100041,100,99658,100,100057,100,99623,100,100079,100,99582,100,100106,100,99561,100,100113,100,99333,100,100119,100,98328,100,100160,100,98315,100
2019-06-28 09:46:12.638717749,99923,100,99828,376,99961,376,99722,100,99999,100,99713,100,100027,100,99658,100,100041,100,99623,100,100057,100,99582,100,100079,100,99561,100,100106,100,99333,100,100113,100,98328,100,100119,100,98315,100
2019-06-28 09:46:20.000000000,99923,155,99828,155,99961,155,99722,155,99999,155,99713,155,100027,155,99658,155,100041,155,99623,155,100057,100,99582,100,100079,100,99561,100,100106,100,99333,100,100113,100,98328,100,100119,100,98315,100
2019-06-28 09:46:23.866329439,99923,155,99880,100,99961,155,99828,155,99999,155,99722,155,100027,155,99713,155,100041,155,99658,155,100057,100,99623,155,100079,100,99582,100,100106,100,99561,100,100113,100,99333,100,100119,100,98328,100
2019-06-28 09:46:30.000000000,99923,194,99880,194,99961,191,99828,191,99999,191,99722,191,100027,100,99713,100,100041,100,99658,100,100057,100,99623,100,100079,100,99582,100,100106,100,99561,100,100113,100,99333,100,100119,100,98328,100
2019-06-28 09:46:30.582549801,99923,194,99880,194,99961,191,99828,191,99999,191,99722,191,100027,100,99715,100,100041,100,99713,100,100057,100,99658,100,100079,100,99623,100,100106,100,99582,100,100113,100,99561,100,100119,100,99333,100
2019-06-28 09:46:36.517823365,99923,194,99880,294,99961,191,99828,191,99999,191,99722,191,100027,100,99715,100,100041,100,99713,100,100057,100,99658,100,100079,100,99623,100,100106,100,99582,100,100113,100,99561,100,100119,100,99333,100
2019-06-28 09:46:38.212002855,99923,194,99880,294,99961,191,99828,191,99999,191,99722,191,100027,100,99715,100,100041,100,99713,100,100057,100,99658,100,100079,100,99623,100,100106,100,99582,100,100113,100,99561,100,100119,100,99333,100
2019-06-28 09:46:40.000000000,99923,155,99880,255,99961,155,99828,155,99999,155,99722,155,100027,155,99715,155,100041,155,99713,155,100057,100,99658,100,100079,100,99623,100,100106,100,99582,100,100113,100,99561,100,100119,100,99333,100
2019-06-28 09:46:50.000000000,99923,169,99880,269,99961,169,99828,169,99999,169,99722,169,100027,169,99715,169,100041,100,99713,100,100057,100,99658,100,100079,100,99623,100,100106,100,99582,100,100113,100,99561,100,100119,100,99333,100
2019-06-28 09:46:59.551831632,99923,169,99880,269,99961,169,99861,100,99999,169,99828,169,100027,169,99722,169,100041,100,99715,169,100057,100,99713,100,100079,100,99658,100,100106,100,99623,100,100113,100,99582,100,100160,100,99561,100
2019-06-28 09:47:00.000000000,99923,376,99880,476,99961,100,99861,100,99999,100,99828,100,100027,100,99722,100,100041,100,99715,100,100057,100,99713,100,100079,100,99658,100,100106,100,99623,100,100113,100,99582,100,100160,100,99561,100
2019-06-28 09:47:10.000000000,99923,169,99880,269,99961,169,99861,169,99999,169,99828,169,100027,169,99722,169,100041,100,99715,100,100057,100,99713,100,100079,100,99658,100,100106,100,99623,100,100113,100,99582,100,100160,100,99561,100
2019-06-28 09:47:20.000000000,99923,238,99880,338,99961,238,99861,238,99999,100,99828,100,100027,100,99722,100,100041,100,99715,100,100057,100,99713,100,100079,100,99658,100,100106,100,99623,100,100113,100,99582,100,100160,100,99561,100
2019-06-28 09:47:20.163592556,99923,238,99880,338,99961,238,99861,238,99999,100,99828,100,100027,100,99722,100,100041,100,99715,100,100057,100,99713,100,100079,100,99665,100,100106,100,99658,100,100113,100,99623,100,100160,100,99582,100
2019-06-28 09:47:30.000000000,99923,169,99880,269,99961,169,99861,169,99999,169,99828,169,100027,169,99722,169,100041,100,99715,100,100057,100,99713,100,100079,100,99665,100,100106,100,99658,100,100113,100,99623,100,100160,100,99582,100
2019-06-28 09:47:40.000000000,99923,155,99880,255,99961,155,99861,155,99999,155,99828,155,100027,155,99722,155,100041,155,99715,155,100057,100,99713,100,100079,100,99665,100,100106,100,99658,100,100113,100,99623,100,100160,100,99582,100
2019-06-28 09:47:50.000000000,99923,238,99880,338,99961,238,99861,238,99999,100,99828,100,100027,100,99722,100,100041,100,99715,100,100057,100,99713,100,100079,100,99665,100,100106,100,99658,100,100113,100,99623,100,100160,100,99582,100
2019-06-28 09:47:52.463472742,99923,238,99880,338,99961,238,99861,238,99999,100,99828,100,100006,100,99722,100,100027,100,99715,100,100041,100,99713,100,100057,100,99665,100,100079,100,99658,100,100106,100,99623,100,100113,100,99582,100
2019-06-28 09:48:00.000000000,99923,194,99880,294,99961,191,99861,191,99999,191,99828,191,100006,100,99722,100,100027,100,99715,100,100041,100,99713,100,100057,100,99665,100,100079,100,99658,100,100106,100,99623,100,100113,100,99582,100
2019-06-28 09:48:10.000000000,99923,155,99880,255,99961,155,99861,155,99999,155,99828,155,100006,155,99722,155,100027,155,99715,155,100041,100,99713,100,100057,100,99665,100,100079,100,99658,100,100106,100,99623,100,100113,100,99582,100
2019-06-28 09:48:20.000000000,99923,238,99880,338,99961,238,99861,238,99999,100,99828,100,100006,100,99722,100,100027,100,99715,100,100041,100,99713,100,100057,100,99665,100,100079,100,99658,100,100106,100,99623,100,100113,100,99582,100
2019-06-28 09:48:30.000000000,99923,155,99880,255,99961,155,99861,155,99999,155,99828,155,100006,155,99722,155,100027,155,99715,155,100041,100,99713,100,100057,100,99665,100,100079,100,99658,100,100106,100,99623,100,100113,100,99582,100
2019-06-28 09:48:40.000000000,99923,169,99880,269,99961,169,99861,169,99999,169,99828,169,100006,169,99722,169,100027,100,99715,100,100041,100,99713,100,100057,100,99665,100,100079,100,99658,100,100106,100,99623,100,100113,100,99582,100
2019-06-28 09:48:50.000000000,99923,194,99880,294,99961,191,99861,191,99999,191,99828,191,100006,100,99722,100,100027,100,99715,100,100041,100,99713,100,100057,100,99665,100,100079,100,99658,100,100106,100,99623,100,100113,100,99582,100
2019-06-28 09:49:00.000000000,99923,238,99880,338,99961,238,99861,238,99999,100,99828,100,100006,100,99722,100,100027,100,99715,100,100041,100,99713,100,100057,100,99665,100,100079,100,99658,100,100106,100,99623,100,100113,100,99582,100
2019-06-28 09:49:02.275252070,99923,238,99899,100,99961,238,99880,338,99999,100,99861,238,100006,100,99828,100,100027,100,99722,100,100041,100,99715,100,100057,100,99713,100,100079,100,99665,100,100106,100,99658,100,100113,100,99623,100
2019-06-28 09:49:10.000000000,99923,376,99899,376,99961,100,99880,200,99999,100,99861,100,100006,100,99828,100,100027,100,99722,100,100041,100,99715,100,100057,100,99713,100,100079,100,99665,100,100106,100,99658,100,100113,100,99623,100
2019-06-28 09:49:17.316937820,99923,376,99899,376,99947,100,99880,200,99961,100,99861,100,99999,100,99828,100,100006,100,99722,100,100027,100,99715,100,100041,100,99713,100,100057,100,99665,100,100079,100,99658,100,100106,100,99623,100
2019-06-28 09:49:17.435543027,99923,476,99899,376,99947,100,99880,200,99961,100,99861,100,99999,100,99828,100,100006,100,99722,100,100027,100,99715,100,100041,100,99713,100,100057,100,99665,100,100079,100,99658,100,100106,100,99623,100
2019-06-28 09:49:20.000000000,99923,269,99899,169,99947,169,99880,269,99961,169,99861,169,99999,169,99828,169,100006,100,99722,100,100027,100,99715,100,100041,100,99713,100,100057,100,99665,100,100079,100,99658,100,100106,100,99623,100
2019-06-28 09:49:30.000000000,99923,338,99899,238,99947,238,99880,338,99961,100,99861,100,99999,100,99828,100,100006,100,99722,100,100027,100,99715,100,100041,100,99713,100,100057,100,99665,100,100079,100,99658,100,100106,100,99623,100
2019-06-28 09:49:40.000000000,99923,294,99899,194,99947,191,99880,291,99961,191,99861,191,99999,100,99828,100,100006,100,99722,100,100027,100,99715,100,100041,100,99713,100,100057,100,99665,100,100079,100,99658,100,100106,100,99623,100
2019-06-28 09:49:42.960989061,99923,294,99899,194,99947,191,99880,291,99961,191,99861,191,99999,100,99828,100,100006,100,99805,100,100027,100,99722,100,100041,100,99715,100,100057,100,99713,100,100079,100,99665,100,100106,100,99658,100
2019-06-28 09:49:50.000000000,99923,294,99899,194,99947,191,99880,291,99961,191,99861,191,99999,100,99828,100,100006,100,99805,100,100027,100,99722,100,100041,100,99715,100,100057,100,99713,100,100079,100,99665,100,100106,100,99658,100
2019-06-28 09:50:00.000000000,99923,476,99899,376,99947,100,99880,200,99961,100,99861,100,99999,100,99828,100,100006,100,99805,100,100027,100,99722,100,100041,100,99715,100,100057,100,99713,100,100079,100,99665,100,100106,100,99658,100
2019-06-28 09:50:10.000000000,99923,338,99899,238,99947,238,99880,338,99961,100,99861,100,99999,100,99828,100,100006,100,99805,100,100027,100,99722,100,100041,100,99715,100,100057,100,99713,100,100079,100,99665,100,100106,100,99658,100
2019-06-28 09:50:17.346673916,99923,338,99899,238,99947,238,99880,338,99961,100,99861,100,99999,100,99828,100,100006,100,99805,100,100027,100,99764,100,100041,100,99722,100,100057,100,99715,100,100079,100,99665,100,100106,100,99658,100
2019-06-28 09:50:20.000000000,99923,338,99899,238,99947,238,99880,338,99961,100,99861,100,99999,100,99828,100,100006,100,99805,100,100027,100,99764,100,100041,100,99722,100,100057,100,99715,100,100079,100,99665,100,100106,100,99658,100
2019-06-28 09:50:30.000000000,99923,294,99899,194,99947,191,99880,291,99961,191,99861,191,99999,100,99828,100,100006,100,99805,100,100027,100,99764,100,100041,100,99722,100,100057,100,99715,100,100079,100,99665,100,100106,100,99658,100
2019-06-28 09:50:40.000000000,99923,269,99899,169,99947,169,99880,269,99961,169,99861,169,99999,169,99828,169,100006,100,99805,100,100027,100,99764,100,100041,100,99722,100,100057,100,99715,100,100079,100,99665,100,100106,100,99658,100
2019-06-28 09:50:40.307567130,99923,269,99899,69,99947,169,99880,269,99961,169,99861,169,99999,169,99828,169,100006,100,99805,100,100027,100,99764,100,100041,100,99722,100,100057,100,99715,100,100079,100,99665,100,100106,100,99658,100
2019-06-28 09:50:50.000000000,99923,476,99880,476,99947,100,99861,100,99961,100,99828,100,99999,100,99805,100,100006,100,99764,100,100027,100,99722,100,100041,100,99715,100,100057,100,99665,100,100079,100,99658,100,100106,100,99623,100
2019-06-28 09:50:52.615917310,99923,476,99880,476,99947,100,99861,100,99961,100,99828,100,99999,100,99805,100,100006,100,99764,100,100027,100,99722,100,100041,100,99715,100,100057,100,99665,100,100079,100,99658,100,100106,100,99623,100
2019-06-28 09:51:00.000000000,99923,255,99880,255,99947,155,99861,155,99961,155,99828,155,99999,155,99805,155,100006,155,99764,155,100027,100,99722,100,100041,100,99715,100,100057,100,99665,100,100079,100,99658,100,100106,100,99623,100
2019-06-28 09:51:03.293632368,99899,100,99880,255,99923,255,99861,155,99947,155,99828,155,99961,155,99805,155,99999,155,99764,155,100006,155,99722,100,100027,100,99715,100,100041,100,99665,100,100057,100,99658,100,100079,100,99623,100
2019-06-28 09:51:03.838601754,99899,100,99880,255,99923,255,99861,155,99947,155,99832,100,99961,155,99828,155,99999,155,99805,155,100006,155,99764,155,100027,100,99722,100,100041,100,99715,100,100079,100,99665,100,100106,100,99658,100
2019-06-28 09:51:10.000000000,99899,238,99880,338,99923,338,99861,238,99947,100,99832,100,99961,100,99828,100,99999,100,99805,100,100006,100,99764,100,100027,100,99722,100,100041,100,99715,100,100079,100,99665,100,100106,100,99658,100
2019-06-28 09:51:20.000000000,99899,169,99880,269,99923,269,99861,169,99947,169,99832,169,99961,169,99828,169,99999,100,99805,100,100006,100,99764,100,100027,100,99722,100,100041,100,99715,100,100079,100,99665,100,100106,100,99658,100
2019-06-28 09:51:30.000000000,99899,194,99880,294,99923,291,99861,191,99947,191,99832,191,99961,100,99828,100,99999,100,99805,100,100006,100,99764,100,100027,100,99722,100,100041,100,99715,100,100079,100,99665,100,100106,100,99658,100
2019-06-28 09:51:30.671623571,99899,294,99880,294,99923,291,99861,191,99947,191,99832,191,99961,100,99828,100,99999,100,99805,100,100006,100,99764,100,100027,100,99722,100,100041,100,99715,100,100106,100,99665,100,100113,100,99658,100
2019-06-28 09:51:33.241437454,99899,394,99880,294,99923,291,99861,191,99947,191,99832,191,99961,100,99828,100,99999,100,99805,100,100006,100,99764,100,100027,100,99722,100,100041,100,99715,100,100106,100,99665,100,100113,100,99658,100
2019-06-28 09:51:40.000000000,99899,369,99880,269,99923,269,99861,169,99947,169,99832,169,99961,169,99828,169,99999,100,99805,100,100006,100,99764,100,100027,100,99722,100,100041,100,99715,100,100106,100,99665,100,100113,100,99658,100
2019-06-28 09:51:46.288388579,99899,269,99880,269,99923,269,99861,169,99947,169,99832,169,99961,169,99828,169,99999,100,99805,100,100006,100,99764,100,100027,100,99722,100,100041,100,99715,100,100106,100,99665,100,100113,100,99658,100
2019-06-28 09:51:50.000000000,99899,269,99880,269,99923,269,99861,169,99947,169,99832,169,99961,169,99828,169,99999,100,99805,100,100006,100,99764,100,100027,100,99722,100,100041,100,99715,100,100106,100,99665,100,100113,100,99658,100
2019-06-28 09:51:54.415390127,99891,100,99880,269,99899,269,99861,169,99923,269,99832,169,99947,169,99828,169,99961,169,99805,100,99999,100,99764,100,100006,100,99722,100,100027,100,99715,100,100041,100,99665,100,100106,100,99658,100
2019-06-28 09:52:00.000000000,99891,169,99880,269,99899,269,99861,169,99923,269,99832,169,99947,169,99828,169,99961,100,99805,100,99999,100,99764,100,100006,100,99722,100,100027,100,99715,100,100041,100,99665,100,100106,100,99658,100
2019-06-28 09:52:10.000000000,99891,376,99880,476,99899,200,99861,100,99923,200,99832,100,99947,100,99828,100,99961,100,99805,100,99999,100,99764,100,100006,100,99722,100,100027,100,99715,100,100041,100,99665,100,100106,100,99658,100
2019-06-28 09:52:17.604559666,99891,376,99880,476,99899,200,99861,100,99923,200,99832,100,99947,100,99828,100,99961,100,99805,100,99999,100,99764,100,100006,100,99754,100,100027,100,99722,100,100041,100,99715,100,100106,100,99665,100
2019-06-28 09:52:20.000000000,99891,169,99880,269,99899,269,99861,169,99923,269,99832,169,99947,169,99828,169,99961,100,99805,100,99999,100,99764,100,100006,100,99754,100,100027,100,99722,100,100041,100,99715,100,100106,100,99665,100
2019-06-28 09:52:30.000000000,99891,155,99880,255,99899,255,99861,155,99923,255,99832,155,99947,155,99828,155,99961,155,99805,155,99999,100,99764,100,100006,100,99754,100,100027,100,99722,100,100041,100,99715,100,100106,100,99665,100
2019-06-28 09:52:40.000000000,99891,238,99880,338,99899,338,99861,238,99923,200,99832,100,99947,100,99828,100,99961,100,99805,100,99999,100,99764,100,100006,100,99754,100,100027,100,99722,100,100041,100,99715,100,100106,100,99665,100
2019-06-28 09:52:50.000000000,99891,376,99880,476,99899,200,99861,100,99923,200,99832,100,99947,100,99828,100,99961,100,99805,100,99999,100,99764,100,100006,100,99754,100,100027,100,99722,100,100041,100,99715,100,100106,100,99665,100
2019-06-28 09:52:50.367744841,99891,376,99880,476,99899,200,99861,100,99923,200,99832,100,99947,100,99828,100,99961,100,99805,100,99999,100,99764,100,100006,100,99754,100,100027,100,99722,100,100041,100,99715,100,100106,100,99665,100
2019-06-28 09:53:00.000000000,99891,238,99880,338,99899,338,99861,238,99923,200,99832,100,99947,100,99828,100,99961,100,99805,100,99999,100,99764,100,100006,100,99754,100,100027,100,99722,100,100041,100,99715,100,100106,100,99665,100
2019-06-28 09:53:10.000000000,99891,194,99880,294,99899,291,99861,191,99923,291,99832,191,99947,100,99828,100,99961,100,99805,100,99999,100,99764,100,100006,100,99754,100,100027,100,99722,100,100041,100,99715,100,100106,100,99665,100
2019-06-28 09:53:14.489462044,99891,194,99880,294,99898,100,99861,191,99899,291,99832,191,99923,291,99828,100,99947,100,99805,100,99961,100,99764,100,99999,100,99754,100,100006,100,99722,100,100027,100,99715,100,100041,100,99665,100
2019-06-28 09:53:20.000000000,99891,194,99880,294,99898,191,99861,191,99899,291,99832,191,99923,200,99828,100,99947,100,99805,100,99961,100,99764,100,99999,100,99754,100,100006,100,99722,100,100027,100,99715,100,100041,100,99665,100
2019-06-28 09:53:30.000000000,99891,238,99880,338,99898,238,99861,238,99899,200,99832,100,99923,200,99828,100,99947,100,99805,100,99961,100,99764,100,99999,100,99754,100,100006,100,99722,100,100027,100,99715,100,100041,100,99665,100
2019-06-28 09:53:40.000000000,99891,155,99880,255,99898,155,99861,155,99899,255,99832,155,99923,255,99828,155,99947,155,99805,155,99961,100,99764,100,99999,100,99754,100,100006,100,99722,100,100027,100,99715,100,100041,100,99665,100
2019-06-28 09:53:50.000000000,99891,376,99880,476,99898,100,99861,100,99899,200,99832,100,99923,200,99828,100,99947,100,99805,100,99961,100,99764,100,99999,100,99754,100,100006,100,99722,100,100027,100,99715,100,100041,100,99665,100
2019-06-28 09:53:58.858321694,99891,376,99880,376,99898,100,99832,100,99899,200,99828,100,99923,200,99805,100,99947,100,99764,100,99961,100,99754,100,99999,100,99722,100,100006,100,99715,100,100027,100,99665,100,100041,100,99658,100
2019-06-28 09:54:00.000000000,99891,194,99880,194,99898,191,99832,191,99899,291,99828,191,99923,200,99805,100,99947,100,99764,100,99961,100,99754,100,99999,100,99722,100,100006,100,99715,100,100027,100,99665,100,100041,100,99658,100
2019-06-28 09:54:10.000000000,99891,194,99880,194,99898,191,99832,191,99899,291,99828,191,99923,200,99805,100,99947,100,99764,100,99961,100,99754,100,99999,100,99722,100,100006,100,99715,100,100027,100,99665,100,100041,100,99658,100
2019-06-28 09:54:14.171252718,99891,194,99880,94,99898,191,99832,191,99899,291,99828,191,99923,200,99764,100,99947,100,99754,100,99961,100,99722,100,99999,100,99715,100,100006,100,99665,100,100027,100,99658,100,100041,100,99623,100
2019-06-28 09:54:20.000000000,99891,169,99832,169,99898,169,99828,169,99899,269,99764,169,99923,269,99754,169,99947,100,99722,100,99961,100,99715,100,99999,100,99665,100,100006,100,99658,100,100027,100,99623,100,100041,100,99582,100
2019-06-28 09:54:30.000000000,99891,169,99832,169,99898,169,99828,169,99899,269,99764,169,99923,269,99754,169,99947,100,99722,100,99961,100,99715,100,99999,100,99665,100,100006,100,99658,100,100027,100,99623,100,100041,100,99582,100
2019-06-28 09:54:40.000000000,99891,194,99832,194,99898,191,99828,191,99899,291,99764,191,99923,200,99754,100,99947,100,99722,100,99961,100,99715,100,99999,100,99665,100,100006,100,99658,100,100027,100,99623,100,100041,100,99582,100
2019-06-28 09:54:50.000000000,99891,238,99832,238,99898,238,99828,238,99899,200,99764,100,99923,200,99754,100,99947,100,99722,100,99961,100,99715,100,99999,100,99665,100,100006,100,99658,100,100027,100,99623,100,100041,100,99582,100
2019-06-28 09:55:00.000000000,99891,376,99832,376,99898,100,99828,100,99899,200,99764,100,99923,200,99754,100,99947,100,99722,100,99961,100,99715,100,99999,100,99665,100,100006,100,99658,100,100027,100,99623,100,100041,100,99582,100
2019-06-28 09:55:10.000000000,99891,376,99832,376,99898,100,99828,100,99899,200,99764,100,99923,200,99754,100,99947,100,99722,100,99961,100,99715,100,99999,100,99665,100,100006,100,99658,100,100027,100,99623,100,100041,100,99582,100
2019-06-28 09:55:20.000000000,99891,169,99832,169,99898,169,99828,169,99899,269,99764,169,99923,269,99754,169,99947,100,99722,100,99961,100,99715,100,99999,100,99665,100,100006,100,99658,100,100027,100,99623,100,100041,100,99582,100
2019-06-28 09:55:25.575547455,99891,169,99832,69,99898,169,99828,169,99899,269,99764,169,99923,269,99754,169,99947,100,99722,100,99961,100,99665,100,99999,100,99658,100,100006,100,99623,100,100027,100,99582,100,100041,100,99561,100
2019-06-28 09:55:30.000000000,99891,238,99828,238,99898,238,99764,238,99899,200,99754,100,99923,200,99722,100,99947,100,99665,100,99961,100,99658,100,99999,100,99623,100,100006,100,99582,100,100027,100,99561,100,100041,100,99484,100
2019-06-28 09:55:31.042548124,99880,100,99828,238,99891,238,99764,238,99898,238,99754,100,99899,200,99722,100,99923,200,99665,100,99947,100,99658,100,99961,100,99623,100,99999,100,99582,100,100006,100,99561,100,100027,100,99484,100
2019-06-28 09:55:40.000000000,99880,238,99828,238,99891,238,99764,238,99898,100,99754,100,99899,200,99722,100,99923,200,99665,100,99947,100,99658,100,99961,100,99623,100,99999,100,99582,100,100006,100,99561,100,100027,100,99484,100
2019-06-28 09:55:50.000000000,99880,194,99828,194,99891,191,99764,191,99898,191,99754,191,99899,200,99722,100,99923,200,99665,100,99947,100,99658,100,99961,100,99623,100,99999,100,99582,100,100006,100,99561,100,100027,100,99484,100
2019-06-28 09:55:55.167192797,99880,194,99828,194,99891,191,99764,191,99898,191,99754,191,99899,200,99722,100,99923,200,99665,100,99947,100,99658,100,99961,100,99623,100,99999,100,99582,100,100006,100,99561,100,100027,100,99484,100
2019-06-28 09:56:00.000000000,99880,155,99828,155,99891,155,99764,155,99898,155,99754,155,99899,255,99722,155,99923,255,99665,155,99947,100,99658,100,99961,100,99623,100,99999,100,99582,100,100006,100,99561,100,100027,100,99484,100
2019-06-28 09:56:10.000000000,99880,155,99828,155,99891,155,99764,155,99898,155,99754,155,99899,255,99722,155,99923,255,99665,155,99947,100,99658,100,99961,100,99623,100,99999,100,99582,100,100006,100,99561,100,100027,100,99484,100
2019-06-28 09:56:20.000000000,99880,169,99828,169,99891,169,99764,169,99898,169,99754,169,99899,269,99722,169,99923,200,99665,100,99947,100,99658,100,99961,100,99623,100,99999,100,99582,100,100006,100,99561,100,100027,100,99484,100
2019-06-28 09:56:20.469199190,99880,169,99828,169,99891,169,99764,169,99898,169,99754,169,99899,269,99722,169,99923,200,99665,100,99947,100,99658,100,99961,100,99623,100,99999,100,99582,100,100006,100,99561,100,100027,100,99484,100
2019-06-28 09:56:30.000000000,99880,169,99828,169,99891,169,99764,169,99898,169,99754,169,99899,269,99722,169,99923,200,99665,100,99947,100,99658,100,99961,100,99623,100,99999,100,99582,100,100006,100,99561,100,100027,100,99484,100
2019-06-28 09:56:40.000000000,99880,194,99828,194,99891,191,99764,191,99898,191,99754,191,99899,200,99722,100,99923,200,99665,100,99947,100,99658,100,99961,100,99623,100,99999,100,99582,100,100006,100,99561,100,100027,100,99484,100
2019-06-28 09:56:40.659156097,99880,294,99828,194,99891,191,99764,191,99898,191,99754,191,99899,200,99722,100,99923,200,99665,100,99947,100,99658,100,99961,100,99623,100,99999,100,99582,100,100006,100,99561,100,100027,100,99484,100
2019-06-28 09:56:50.000000000,99880,476,99828,376,99891,100,99764,100,99898,100,99754,100,99899,200,99722,100,99923,200,99665,100,99947,100,99658,100,99961,100,99623,100,99999,100,99582,100,100006,100,99561,100,100027,100,99484,100
2019-06-28 09:57:00.000000000,99880,255,99828,155,99891,155,99764,155,99898,155,99754,155,99899,255,99722,155,99923,255,99665,155,99947,100,99658,100,99961,100,99623,100,99999,100,99582,100,100006,100,99561,100,100027,100,99484,100
2019-06-28 09:57:03.057443145,99880,355,99828,155,99891,155,99764,155,99898,55,99754,155,99899,255,99722,155,99923,255,99665,155,99947,100,99658,100,99961,100,99623,100,99999,100,99582,100,100006,100,99561,100,100027,100,99484,100
2019-06-28 09:57:10.000000000,99880,355,99828,155,99891,155,99764,155,99899,255,99754,155,99923,255,99722,155,99947,155,99665,155,99961,100,99658,100,99999,100,99623,100,100006,100,99582,100,100027,100,99561,100,100041,100,99484,100
2019-06-28 09:57:20.000000000,99880,576,99828,376,99891,100,99764,100,99899,200,99754,100,99923,200,99722,100,99947,100,99665,100,99961,100,99658,100,99999,100,99623,100,100006,100,99582,100,100027,100,99561,100,100041,100,99484,100
2019-06-28 09:57:29.867279855,99880,576,99828,376,99891,100,99764,100,99899,200,99754,100,99923,200,99722,100,99947,100,99665,100,99961,100,99658,100,99999,100,99582,100,100006,100,99561,100,100027,100,99484,100,100041,100,99468,100
2019-06-28 09:57:30.000000000,99880,369,99828,169,99891,169,99764,169,99899,269,99754,169,99923,269,99722,169,99947,100,99665,100,99961,100,99658,100,99999,100,99582,100,100006,100,99561,100,100027,100,99484,100,100041,100,99468,100
2019-06-28 09:57:40.000000000,99880,576,99828,376,99891,100,99764,100,99899,200,99754,100,99923,200,99722,100,99947,100,99665,100,99961,100,99658,100,99999,100,99582,100,100006,100,99561,100,100027,100,99484,100,100041,100,99468,100
2019-06-28 09:57:45.532049927,99880,576,99828,376,99891,100,99764,100,99899,200,99754,100,99923,100,99722,100,99947,100,99665,100,99961,100,99658,100,99999,100,99582,100,100006,100,99561,100,100027,100,99484,100,100041,100,99468,100
2019-06-28 09:57:50.000000000,99880,438,99828,238,99891,238,99764,238,99899,200,99754,100,99923,100,99722,100,99947,100,99665,100,99961,100,99658,100,99999,100,99582,100,100006,100,99561,100,100027,100,99484,100,100041,100,99468,100
2019-06-28 09:58:00.000000000,99880,355,99828,155,99891,155,99764,155,99899,255,99754,155,99923,155,99722,155,99947,155,99665,155,99961,100,99658,100,99999,100,99582,100,100006,100,99561,100,100027,100,99484,100,100041,100,99468,100
2019-06-28 09:58:10.000000000,99880,369,99828,169,99891,169,99764,169,99899,269,99754,169,99923,169,99722,169,99947,100,99665,100,99961,100,99658,100,99999,100,99582,100,100006,100,99561,100,100027,100,99484,100,100041,100,99468,100
2019-06-28 09:58:20.000000000,99880,394,99828,194,99891,191,99764,191,99899,291,99754,191,99923,100,99722,100,99947,100,99665,100,99961,100,99658,100,99999,100,99582,100,100006,100,99561,100,100027,100,99484,100,100041,100,99468,100
2019-06-28 09:58:30.000000000,99880,394,99828,194,99891,191,99764,191,99899,291,99754,191,99923,100,99722,100,99947,100,99665,100,99961,100,99658,100,99999,100,99582,100,100006,100,99561,100,100027,100,99484,100,100041,100,99468,100
2019-06-28 09:58:35.105544293,99880,294,99828,194,99891,191,99764,191,99899,291,99754,191,99923,100,99722,100,99947,100,99665,100,99961,100,99658,100,99999,100,99582,100,100006,100,99561,100,100027,100,99484,100,100041,100,99468,100
2019-06-28 09:58:36.943476231,99880,294,99828,294,99891,191,99764,191,99899,291,99754,191,99923,100,99722,100,99947,100,99665,100,99961,100,99658,100,99999,100,99582,100,100006,100,99561,100,100027,100,99468,100,100041,100,99333,100
2019-06-28 09:58:40.000000000,99880,269,99828,269,99891,169,99764,169,99899,269,99754,169,99923,169,99722,169,99947,100,99665,100,99961,100,99658,100,99999,100,99582,100,100006,100,99561,100,100027,100,99468,100,100041,100,99333,100
2019-06-28 09:58:48.009086722,99880,269,99828,269,99891,169,99764,169,99899,269,99754,169,99906,100,99722,169,99923,169,99665,100,99947,100,99658,100,99961,100,99582,100,99999,100,99561,100,100006,100,99468,100,100027,100,99333,100
2019-06-28 09:58:50.000000000,99880,294,99828,294,99891,191,99764,191,99899,291,99754,191,99906,100,99722,100,99923,100,99665,100,99947,100,99658,100,99961,100,99582,100,99999,100,99561,100,100006,100,99468,100,100027,100,99333,100
2019-06-28 09:59:00.000000000,99880,269,99828,269,99891,169,99764,169,99899,269,99754,169,99906,169,99722,169,99923,100,99665,100,99947,100,99658,100,99961,100,99582,100,99999,100,99561,100,100006,100,99468,100,100027,100,99333,100
2019-06-28 09:59:01.501042625,99880,269,99828,269,99891,169,99764,169,99899,269,99754,169,99906,169,99722,169,99923,100,99665,100,99947,100,99658,100,99961,100,99582,100,99999,100,99561,100,100006,100,99468,100,100027,100,99333,100
2019-06-28 09:59:03.436796149,99880,269,99833,100,99891,169,99828,269,99899,269,99764,169,99906,169,99754,169,99923,100,99722,169,99947,100,99665,100,99961,100,99658,100,99999,100,99582,100,100006,100,99561,100,100027,100,99468,100
2019-06-28 09:59:09.426240575,99880,269,99833,100,99891,169,99828,269,99894,100,99764,169,99899,269,99754,169,99906,169,99722,169,99923,100,99665,100,99947,100,99658,100,99961,100,99582,100,99999,100,99561,100,100006,100,99333,100
2019-06-28 09:59:10.000000000,99880,269,99833,169,99891,169,99828,269,99894,169,99764,169,99899,269,99754,169,99906,100,99722,100,99923,100,99665,100,99947,100,99658,100,99961,100,99582,100,99999,100,99561,100,100006,100,99333,100
2019-06-28 09:59:20.000000000,99880,294,99833,194,99891,191,99828,291,99894,191,99764,191,99899,200,99754,100,99906,100,99722,100,99923,100,99665,100,99947,100,99658,100,99961,100,99582,100,99999,100,99561,100,100006,100,99333,100
2019-06-28 09:59:30.000000000,99880,294,99833,194,99891,191,99828,291,99894,191,99764,191,99899,200,99754,100,99906,100,99722,100,99923,100,99665,100,99947,100,99658,100,99961,100,99582,100,99999,100,99561,100,100006,100,99333,100
2019-06-28 09:59:35.023635195,99880,294,99833,194,99891,191,99828,291,99894,191,99764,191,99899,200,99754,100,99906,100,99722,100,99923,100,99665,100,99947,100,99658,100,99961,100,99582,100,99999,100,99561,100,100006,100,99333,100
2019-06-28 09:59:40.000000000,99880,476,99833,376,99891,100,99828,200,99894,100,99764,100,99899,200,99754,100,99906,100,99722,100,99923,100,99665,100,99947,100,99658,100,99961,100,99582,100,99999,100,99561,100,100006,100,99333,100
2019-06-28 09:59:44.765475558,99880,476,99833,476,99891,100,99828,200,99894,100,99764,100,99899,200,99754,100,99906,100,99722,100,99923,100,99665,100,99947,100,99658,100,99961,100,99582,100,99999,100,99561,100,100006,100,99333,100
2019-06-28 09:59:45.867192290,99880,476,99833,476,99891,100,99828,200,99894,100,99764,100,99899,200,99754,100,99906,100,99722,100,99923,100,99665,100,99947,100,99658,100,99961,100,99582,100,99999,100,99561,100,100006,100,99333,100
2019-06-28 09:59:50.000000000,99880,294,99833,294,99891,191,99828,291,99894,191,99764,191,99899,200,99754,100,99906,100,99722,100,99923,100,99665,100,99947,100,99658,100,99961,100,99582,100,99999,100,99561,100,100006,100,99333,100
2019-06-28 09:59:53.055272212,99880,194,99833,294,99891,191,99828,291,99894,191,99764,191,99899,200,99754,100,99906,100,99722,100,99923,100,99665,100,99947,100,99658,100,99961,100,99582,100,99999,100,99561,100,100006,100,99333,100
2019-06-28 10:00:00.000000000,99880,376,99833,476,99891,100,99828,200,99894,100,99764,100,99899,200,99754,100,99906,100,99722,100,99923,100,99665,100,99947,100,99658,100,99961,100,99582,100,99999,100,99561,100,100006,100,99333,100
2019-06-28 10:00:08.914840151,99880,276,99833,476,99891,100,99828,200,99894,100,99764,100,99899,200,99754,100,99906,100,99722,100,99923,100,99665,100,99947,100,99658,100,99961,100,99582,100,99999,100,99561,100,100006,100,99333,100
2019-06-28 10:00:10.000000000,99891,238,99833,338,99894,238,99828,338,99899,200,99764,100,99906,100,99754,100,99923,100,99722,100,99947,100,99665,100,99961,100,99658,100,99999,100,99582,100,100006,100,99561,100,100027,100,99333,100
2019-06-28 10:00:13.569447790,99891,238,99833,338,99894,238,99828,338,99899,200,99764,100,99906,100,99754,100,99923,100,99722,100,99947,100,99665,100,99961,100,99658,100,99999,100,99582,100,100006,100,99561,100,100011,100,99333,100
2019-06-28 10:00:20.000000000,99891,155,99833,255,99894,155,99828,255,99899,255,99764,155,99906,155,99754,155,99923,155,99722,155,99947,100,99665,100,99961,100,99658,100,99999,100,99582,100,100006,100,99561,100,100011,100,99333,100
2019-06-28 10:00:30.000000000,99891,376,99833,476,99894,100,99828,200,99899,200,99764,100,99906,100,99754,100,99923,100,99722,100,99947,100,99665,100,99961,100,99658,100,99999,100,99582,100,100006,100,99561,100,100011,100,99333,100
2019-06-28 10:00:34.084222232,99891,276,99833,476,99899,200,99828,200,99906,100,99764,100,99923,100,99754,100,99947,100,99722,100,99961,100,99665,100,99999,100,99658,100,100006,100,99582,100,100011,100,99561,100,100027,100,99333,100
2019-06-28 10:00:38.382455305,99891,176,99833,476,99899,200,99828,200,99906,100,99764,100,99923,100,99754,100,99947,100,99722,100,99961,100,99665,100,99999,100,99658,100,100006,100,99582,100,100011,100,99561,100,100027,100,99333,100
2019-06-28 10:00:40.000000000,99899,476,99833,476,99906,100,99828,200,99923,100,99764,100,99947,100,99754,100,99961,100,99722,100,99999,100,99665,100,100006,100,99658,100,100011,100,99582,100,100027,100,99561,100,100041,100,99333,100
2019-06-28 10:00:50.000000000,99899,294,99833,294,99906,191,99828,291,99923,191,99764,191,99947,100,99754,100,99961,100,99722,100,99999,100,99665,100,100006,100,99658,100,100011,100,99582,100,100027,100,99561,100,100041,100,99333,100
2019-06-28 10:00:53.957834505,99899,294,99833,294,99906,191,99828,291,99923,191,99764,191,99947,100,99754,100,99961,100,99722,100,99999,100,99665,100,100006,100,99582,100,100011,100,99561,100,100027,100,99333,100,100041,100,99212,100
2019-06-28 10:00:58.882330433,99899,194,99833,294,99906,191,99828,291,99923,191,99764,191,99947,100,99754,100,99961,100,99722,100,99999,100,99665,100,100006,100,99582,100,100011,100,99561,100,100027,100,99333,100,100041,100,99212,100
2019-06-28 10:01:00.000000000,99899,376,99833,476,99906,100,99828,200,99923,100,99764,100,99947,100,99754,100,99961,100,99722,100,99999,100,99665,100,100006,100,99582,100,100011,100,99561,100,100027,100,99333,100,100041,100,99212,100
2019-06-28 10:01:01.180382947,99899,376,99833,476,99906,100,99828,200,99923,100,99764,100,99961,100,99754,100,99999,100,99722,100,100006,100,99665,100,100011,100,99582,100,100027,100,99561,100,100041,100,99333,100,100050,100,99212,100
2019-06-28 10:01:10.000000000,99899,194,99833,294,99906,191,99828,291,99923,191,99764,191,99961,100,99754,100,99999,100,99722,100,100006,100,99665,100,100011,100,99582,100,100027,100,99561,100,100041,100,99333,100,100050,100,99212,100
2019-06-28 10:01:12.983591062,99899,94,99833,294,99906,191,99828,291,99923,191,99764,191,99961,100,99754,100,99999,100,99722,100,100011,100,99665,100,100027,100,99582,100,100041,100,99561,100,100050,100,99333,100,100084,100,99212,100
2019-06-28 10:01:20.000000000,99906,238,99833,338,99923,238,99828,338,99961,100,99764,100,99999,100,99754,100,100011,100,99722,100,100027,100,99665,100,100041,100,99582,100,100050,100,99561,100,100084,100,99333,100,100106,100,99212,100
2019-06-28 10:01:30.000000000,99906,376,99833,476,99923,100,99828,200,99961,100,99764,100,99999,100,99754,100,100011,100,99722,100,100027,100,99665,100,100041,100,99582,100,100050,100,99561,100,100084,100,99333,100,100106,100,99212,100
2019-06-28 10:01:33.208270848,99906,376,99833,476,99923,100,99828,200,99961,100,99764,100,100011,100,99754,100,100027,100,99722,100,100041,100,99665,100,100050,100,99582,100,100084,100,99561,100,100106,100,99333,100,100116,100,99212,100
2019-06-28 10:01:35.039358496,99906,276,99833,476,99923,100,99828,200,99961,100,99764,100,100011,100,99754,100,100027,100,99722,100,100041,100,99665,100,100050,100,99582,100,100084,100,99561,100,100106,100,99333,100,100116,100,99212,100
2019-06-28 10:01:40.000000000,99923,169,99833,269,99961,169,99828,269,100011,169,99764,169,100027,169,99754,169,100041,100,99722,100,100050,100,99665,100,100084,100,99582,100,100106,100,99561,100,100116,100,99333,100,100160,100,99212,100
2019-06-28 10:01:50.000000000,99923,169,99833,269,99961,169,99828,269,100011,169,99764,169,100027,169,99754,169,100041,100,99722,100,100050,100,99665,100,100084,100,99582,100,100106,100,99561,100,100116,100,99333,100,100160,100,99212,100
2019-06-28 10:01:50.539671107,99923,169,99841,100,99961,169,99833,269,100011,169,99828,269,100027,169,99764,169,100041,100,99754,169,100050,100,99722,100,100084,100,99665,100,100106,100,99582,100,100116,100,99561,100,100160,100,99333,100
2019-06-28 10:02:00.000000000,99923,376,99841,376,99961,100,99833,200,100011,100,99828,200,100027,100,99764,100,100041,100,99754,100,100050,100,99722,100,100084,100,99665,100,100106,100,99582,100,100116,100,99561,100,100160,100,99333,100
2019-06-28 10:02:10.000000000,99923,194,99841,194,99961,191,99833,291,100011,191,99828,291,100027,100,99764,100,100041,100,99754,100,100050,100,99722,100,100084,100,99665,100,100106,100,99582,100,100116,100,99561,100,100160,100,99333,100
2019-06-28 10:02:16.911741932,99923,194,99899,100,99961,191,99841,194,100011,191,99833,291,100027,100,99828,291,100041,100,99764,100,100050,100,99754,100,100084,100,99722,100,100106,100,99665,100,100116,100,99582,100,100160,100,99561,100
2019-06-28 10:02:20.000000000,99923,194,99899,194,99961,191,99841,191,100011,191,99833,291,100027,100,99828,200,100041,100,99764,100,100050,100,99754,100,100084,100,99722,100,100106,100,99665,100,100116,100,99582,100,100160,100,99561,100
2019-06-28 10:02:30.000000000,99923,238,99899,238,99961,238,99841,238,100011,100,99833,200,100027,100,99828,200,100041,100,99764,100,100050,100,99754,100,100084,100,99722,100,100106,100,99665,100,100116,100,99582,100,100160,100,99561,100
2019-06-28 10:02:36.627860564,99923,238,99899,238,99961,238,99841,238,100000,100,99833,200,100011,100,99828,100,100027,100,99764,100,100041,100,99754,100,100050,100,99722,100,100084,100,99665,100,100106,100,99582,100,100116,100,99561,100
2019-06-28 10:02:40.000000000,99923,169,99899,169,99961,169,99841,169,100000,169,99833,269,100011,169,99828,169,100027,100,99764,100,100041,100,99754,100,100050,100,99722,100,100084,100,99665,100,100106,100,99582,100,100116,100,99561,100
2019-06-28 10:02:50.000000000,99923,155,99899,155,99961,155,99841,155,100000,155,99833,255,100011,155,99828,155,100027,155,99764,155,100041,100,99754,100,100050,100,99722,100,100084,100,99665,100,100106,100,99582,100,100116,100,99561,100
2019-06-28 10:03:00.000000000,99923,169,99899,169,99961,169,99841,169,100000,169,99833,269,100011,169,99828,169,100027,100,99764,100,100041,100,99754,100,100050,100,99722,100,100084,100,99665,100,100106,100,99582,100,100116,100,99561,100
2019-06-28 10:03:10.000000000,99923,238,99899,238,99961,238,99841,238,100000,100,99833,200,100011,100,99828,100,100027,100,99764,100,100041,100,99754,100,100050,100,99722,100,100084,100,99665,100,100106,100,99582,100,100116,100,99561,100
2019-06-28 10:03:20.000000000,99923,155,99899,155,99961,155,99841,155,100000,155,99833,255,100011,155,99828,155,100027,155,99764,155,100041,100,99754,100,100050,100,99722,100,100084,100,99665,100,100106,100,99582,100,100116,100,99561,100
2019-06-28 10:03:29.577252662,99923,55,99899,155,99961,155,99841,155,100000,155,99833,255,100011,155,99828,155,100027,155,99764,155,100041,100,99754,100,100050,100,99722,100,100084,100,99665,100,100106,100,99582,100,100116,100,99561,100
2019-06-28 10:03:30.000000000,99961,155,99899,155,100000,155,99841,155,100011,155,99833,255,100027,155,99828,155,100041,155,99764,155,100050,100,99754,100,100084,100,99722,100,100106,100,99665,100,100116,100,99582,100,100160,100,99561,100
2019-06-28 10:03:36.767111526,99961,55,99899,155,100000,155,99841,155,100011,155,99833,255,100027,155,99828,155,100041,155,99764,155,100050,100,99754,100,100084,100,99722,100,100106,100,99665,100,100116,100,99582,100,100160,100,99561,100
2019-06-28 10:03:40.000000000,100000,238,99899,238,100011,238,99841,238,100027,100,99833,200,100041,100,99828,100,100050,100,99764,100,100084,100,99754,100,100106,100,99722,100,100116,100,99665,100,100160,100,99582,100,100161,100,99561,100
2019-06-28 10:03:50.000000000,100000,155,99899,155,100011,155,99841,155,100027,155,99833,255,100041,155,99828,155,100050,155,99764,155,100084,100,99754,100,100106,100,99722,100,100116,100,99665,100,100160,100,99582,100,100161,100,99561,100
2019-06-28 10:04:00.000000000,100000,238,99899,238,100011,238,99841,238,100027,100,99833,200,100041,100,99828,100,100050,100,99764,100,100084,100,99754,100,100106,100,99722,100,100116,100,99665,100,100160,100,99582,100,100161,100,99561,100
2019-06-28 10:04:08.166156323,99960,100,99899,238,100000,238,99841,238,100011,238,99833,200,100027,100,99828,100,100041,100,99764,100,100050,100,99754,100,100084,100,99722,100,100106,100,99665,100,100116,100,99582,100,100160,100,99561,100
2019-06-28 10:04:10.000000000,99960,169,99899,169,100000,169,99841,169,100011,169,99833,269,100027,169,99828,169,100041,100,99764,100,100050,100,99754,100,100084,100,99722,100,100106,100,99665,100,100116,100,99582,100,100160,100,99561,100
2019-06-28 10:04:14.248884542,99960,169,99899,169,100000,169,99841,169,100011,169,99833,269,100027,169,99828,269,100041,100,99764,100,100050,100,99754,100,100084,100,99722,100,100106,100,99665,100,100116,100,99582,100,100160,100,99561,100
2019-06-28 10:04:20.000000000,99960,155,99899,155,100000,155,99841,155,100011,155,99833,255,100027,155,99828,255,100041,155,99764,155,100050,100,99754,100,100084,100,99722,100,100106,100,99665,100,100116,100,99582,100,100160,100,99561,100
2019-06-28 10:04:30.000000000,99960,169,99899,169,100000,169,99841,169,100011,169,99833,269,100027,169,99828,269,100041,100,99764,100,100050,100,99754,100,100084,100,99722,100,100106,100,99665,100,100116,100,99582,100,100160,100,99561,100
2019-06-28 10:04:40.000000000,99960,194,99899,194,100000,191,99841,191,100011,191,99833,291,100027,100,99828,200,100041,100,99764,100,100050,100,99754,100,100084,100,99722,100,100106,100,99665,100,100116,100,99582,100,100160,100,99561,100
2019-06-28 10:04:47.302421690,99960,194,99923,100,100000,191,99899,194,100011,191,99841,191,100027,100,99833,291,100041,100,99828,200,100050,100,99764,100,100084,100,99754,100,100106,100,99722,100,100116,100,99665,100,100160,100,99582,100
2019-06-28 10:04:50.000000000,99960,238,99923,238,100000,238,99899,238,100011,100,99841,100,100027,100,99833,200,100041,100,99828,200,100050,100,99764,100,100084,100,99754,100,100106,100,99722,100,100116,100,99665,100,100160,100,99582,100
2019-06-28 10:05:00.000000000,99960,155,99923,155,100000,155,99899,155,100011,155,99841,155,100027,155,99833,255,100041,155,99828,255,100050,100,99764,100,100084,100,99754,100,100106,100,99722,100,100116,100,99665,100,100160,100,99582,100
2019-06-28 10:05:05.251232332,99960,255,99923,155,100000,155,99899,155,100011,155,99841,155,100027,155,99833,255,100041,155,99828,255,100050,100,99764,100,100084,100,99754,100,100106,100,99722,100,100116,100,99665,100,100160,100,99582,100
2019-06-28 10:05:08.747578227,99960,255,99923,55,100000,155,99899,155,100011,155,99841,155,100027,155,99833,255,100041,155,99828,255,100050,100,99764,100,100084,100,99754,100,100106,100,99722,100,100116,100,99665,100,100160,100,99582,100
2019-06-28 10:05:10.000000000,99960,476,99899,376,100000,100,99841,100,100011,100,99833,200,100027,100,99828,200,100041,100,99764,100,100050,100,99754,100,100084,100,99722,100,100106,100,99665,100,100116,100,99582,100,100160,100,99561,100
2019-06-28 10:05:20.000000000,99960,255,99899,155,100000,155,99841,155,100011,155,99833,255,100027,155,99828,255,100041,155,99764,155,100050,100,99754,100,100084,100,99722,100,100106,100,99665,100,100116,100,99582,100,100160,100,99561,100
2019-06-28 10:05:24.126577477,99960,155,99899,155,100000,155,99841,155,100011,155,99833,255,100027,155,99828,255,100041,155,99764,155,100050,100,99754,100,100084,100,99722,100,100106,100,99665,100,100116,100,99582,100,100160,100,99561,100
2019-06-28 10:05:28.099491936,99960,155,99899,155,100000,155,99841,155,100011,155,99833,255,100027,155,99828,255,100041,155,99764,155,100050,100,99754,100,100084,100,99722,100,100106,100,99582,100,100116,100,99569,100,100160,100,99561,100
2019-06-28 10:05:30.000000000,99960,155,99899,155,100000,155,99841,155,100011,155,99833,255,100027,155,99828,255,100041,155,99764,155,100050,100,99754,100,100084,100,99722,100,100106,100,99582,100,100116,100,99569,100,100160,100,99561,100
2019-06-28 10:05:36.696165655,99960,155,99899,55,100000,155,99841,155,100011,155,99833,255,100027,155,99828,255,100041,155,99764,155,100050,100,99754,100,100084,100,99722,100,100106,100,99582,100,100116,100,99569,100,100160,100,99561,100
2019-06-28 10:05:40.000000000,99960,238,99841,238,100000,238,99833,338,100011,100,99828,200,100027,100,99764,100,100041,100,99754,100,100050,100,99722,100,100084,100,99582,100,100106,100,99569,100,100116,100,99561,100,100160,100,99333,100
2019-06-28 10:05:50.000000000,99960,376,99841,376,100000,100,99833,200,100011,100,99828,200,100027,100,99764,100,100041,100,99754,100,100050,100,99722,100,100084,100,99582,100,100106,100,99569,100,100116,100,99561,100,100160,100,99333,100
2019-06-28 10:05:54.058256134,99960,376,99841,376,100000,100,99833,200,100011,100,99828,200,100027,100,99764,100,100041,100,99754,100,100050,100,99722,100,100084,100,99685,100,100106,100,99582,100,100116,100,99569,100,100161,100,99561,100
2019-06-28 10:06:00.000000000,99960,169,99841,169,100000,169,99833,269,100011,169,99828,269,100027,169,99764,169,100041,100,99754,100,100050,100,99722,100,100084,100,99685,100,100106,100,99582,100,100116,100,99569,100,100161,100,99561,100
2019-06-28 10:06:00.992429834,99960,169,99841,69,100000,169,99833,269,100011,169,99828,269,100027,169,99764,169,100041,100,99754,100,100050,100,99722,100,100084,100,99685,100,100106,100,99582,100,100116,100,99569,100,100161,100,99561,100
2019-06-28 10:06:10.000000000,99960,376,99833,476,100000,100,99828,200,100011,100,99764,100,100027,100,99754,100,100041,100,99722,100,100050,100,99685,100,100084,100,99582,100,100106,100,99569,100,100116,100,99561,100,100161,100,99333,100
2019-06-28 10:06:15.536213751,99960,276,99833,476,100000,100,99828,200,100011,100,99764,100,100027,100,99754,100,100041,100,99722,100,100050,100,99685,100,100084,100,99582,100,100106,100,99569,100,100116,100,99561,100,100161,100,99333,100
2019-06-28 10:06:20.000000000,100000,194,99833,294,100011,191,99828,291,100027,191,99764,191,100041,100,99754,100,100050,100,99722,100,100084,100,99685,100,100106,100,99582,100,100116,100,99569,100,100161,100,99561,100,100168,100,99333,100
2019-06-28 10:06:20.210025114,100000,194,99833,194,100011,191,99828,291,100027,191,99764,191,100041,100,99754,100,100050,100,99722,100,100084,100,99685,100,100106,100,99582,100,100116,100,99569,100,100161,100,99561,100,100168,100,99333,100
2019-06-28 10:06:30.000000000,100000,169,99833,169,100011,169,99828,269,100027,169,99764,169,100041,169,99754,169,100050,100,99722,100,100084,100,99685,100,100106,100,99582,100,100116,100,99569,100,100161,100,99561,100,100168,100,99333,100
2019-06-28 10:06:37.233556733,100000,169,99833,169,100011,169,99828,269,100027,169,99764,169,100041,169,99754,169,100050,100,99722,100,100084,100,99685,100,100106,100,99582,100,100116,100,99569,100,100161,100,99561,100,100168,100,99333,100
2019-06-28 10:06:40.000000000,100000,238,99833,238,100011,238,99828,338,100027,100,99764,100,100041,100,99754,100,100050,100,99722,100,100084,100,99685,100,100106,100,99582,100,100116,100,99569,100,100161,100,99561,100,100168,100,99333,100
2019-06-28 10:06:50.000000000,100000,376,99833,376,100011,100,99828,200,100027,100,99764,100,100041,100,99754,100,100050,100,99722,100,100084,100,99685,100,100106,100,99582,100,100116,100,99569,100,100161,100,99561,100,100168,100,99333,100
2019-06-28 10:06:58.035892331,100000,376,99833,276,100011,100,99828,200,100027,100,99764,100,100041,100,99754,100,100050,100,99722,100,100084,100,99685,100,100106,100,99582,100,100116,100,99569,100,100161,100,99561,100,100377,100,99333,100
2019-06-28 10:06:59.421027732,100000,376,99833,176,100011,100,99828,200,100027,100,99764,100,100050,100,99754,100,100084,100,99722,100,100106,100,99685,100,100116,100,99582,100,100161,100,99569,100,100377,100,99561,100,100380,100,99333,100
2019-06-28 10:07:00.000000000,100000,376,99828,476,100011,100,99764,100,100027,100,99754,100,100050,100,99722,100,100084,100,99685,100,100106,100,99582,100,100116,100,99569,100,100161,100,99561,100,100377,100,99333,100,100380,100,99212,100
2019-06-28 10:07:01.839531199,100000,376,99828,476,100011,100,99754,100,100027,100,99722,100,100050,100,99685,100,100084,100,99582,100,100106,100,99569,100,100116,100,99561,100,100161,100,99439,100,100377,100,99333,100,100380,100,99212,100
2019-06-28 10:07:10.000000000,100000,238,99828,338,100011,238,99754,238,100027,100,99722,100,100050,100,99685,100,100084,100,99582,100,100106,100,99569,100,100116,100,99561,100,100161,100,99439,100,100377,100,99333,100,100380,100,99212,100
2019-06-28 10:07:15.021954903,100000,238,99834,100,100011,238,99828,338,100027,100,99754,238,100050,100,99722,100,100084,100,99685,100,100106,100,99582,100,100116,100,99569,100,100161,100,99561,100,100377,100,99439,100,100380,100,99333,100
2019-06-28 10:07:18.604023482,100000,238,99834,100,100011,138,99828,338,100027,100,99754,238,100050,100,99722,100,100081,100,99685,100,100084,100,99582,100,100106,100,99569,100,100116,100,99561,100,100161,100,99439,100,100377,100,99333,100
2019-06-28 10:07:20.000000000,100000,376,99834,376,100027,100,99828,200,100050,100,99754,100,100081,100,99722,100,100084,100,99685,100,100106,100,99582,100,100116,100,99569,100,100161,100,99561,100,100377,100,99439,100,100380,100,99333,100
2019-06-28 10:07:30.000000000,100000,376,99834,376,100027,100,99828,200,100050,100,99754,100,100081,100,99722,100,100084,100,99685,100,100106,100,99582,100,100116,100,99569,100,100161,100,99561,100,100377,100,99439,100,100380,100,99333,100
2019-06-28 10:07:40.000000000,100000,194,99834,194,100027,191,99828,291,100050,191,99754,191,100081,100,99722,100,100084,100,99685,100,100106,100,99582,100,100116,100,99569,100,100161,100,99561,100,100377,100,99439,100,100380,100,99333,100
2019-06-28 10:07:50.000000000,100000,194,99834,194,100027,191,99828,291,100050,191,99754,191,100081,100,99722,100,100084,100,99685,100,100106,100,99582,100,100116,100,99569,100,100161,100,99561,100,100377,100,99439,100,100380,100,99333,100
2019-06-28 10:07:50.659529858,100000,194,99834,294,100027,191,99828,291,100050,191,99754,191,100081,100,99722,100,100084,100,99685,100,100106,100,99582,100,100116,100,99569,100,100161,100,99561,100,100377,100,99439,100,100380,100,99333,100
2019-06-28 10:08:00.000000000,100000,169,99834,269,100027,169,99828,269,100050,169,99754,169,100081,169,99722,169,100084,100,99685,100,100106,100,99582,100,100116,100,99569,100,100161,100,99561,100,100377,100,99439,100,100380,100,99333,100
2019-06-28 10:08:02.026146943,100000,169,99834,269,100027,169,99828,269,100050,169,99754,169,100081,169,99722,169,100084,100,99685,100,100106,100,99582,100,100116,100,99569,100,100161,100,99561,100,100373,100,99439,100,100377,100,99333,100
2019-06-28 10:08:10.000000000,100000,169,99834,269,100027,169,99828,269,100050,169,99754,169,100081,169,99722,169,100084,100,99685,100,100106,100,99582,100,100116,100,99569,100,100161,100,99561,100,100373,100,99439,100,100377,100,99333,100
2019-06-28 10:08:20.000000000,100000,169,99834,269,100027,169,99828,269,100050,169,99754,169,100081,169,99722,169,100084,100,99685,100,100106,100,99582,100,100116,100,99569,100,100161,100,99561,100,100373,100,99439,100,100377,100,99333,100
2019-06-28 10:08:28.189197487,100000,169,99834,269,100027,169,99828,269,100050,169,99754,169,100081,169,99722,169,100084,100,99685,100,100106,100,99582,100,100161,100,99569,100,100373,100,99561,100,100377,100,99439,100,100380,100,99333,100
2019-06-28 10:08:30.000000000,100000,169,99834,269,100027,169,99828,269,100050,169,99754,169,100081,169,99722,169,100084,100,99685,100,100106,100,99582,100,100161,100,99569,100,100373,100,99561,100,100377,100,99439,100,100380,100,99333,100
