,ask_price_1,ask_size_1,bid_price_1,bid_size_1,ask_price_2,ask_size_2,bid_price_2,bid_size_2,ask_price_3,ask_size_3,bid_price_3,bid_size_3,ask_price_4,ask_size_4,bid_price_4,bid_size_4,ask_price_5,ask_size_5,bid_price_5,bid_size_5,ask_price_6,ask_size_6,bid_price_6,bid_size_6,ask_price_7,ask_size_7,bid_price_7,bid_size_7,ask_price_8,ask_size_8,bid_price_8,bid_size_8,ask_price_9,ask_size_9,bid_price_9,bid_size_9,ask_price_10,ask_size_10,bid_price_10,bid_size_10
2019-06-28 09:30:00.000000002,,,99989,100,,,,,,,,,,,,,,,,,,,,,,,,,,,,,,,,,,,,
2019-06-28 09:30:00.000000004,,,,,,,,,,,,,,,,,,,,,,,,,,,,,,,,,,,,,,,,
2019-06-28 09:30:00.000000005,100073,100,,,,,,,,,,,,,,,,,,,,,,,,,,,,,,,,,,,,,,
2019-06-28 09:30:00.000000006,100008,100,99973,100,100073,100,,,,,,,,,,,,,,,,,,,,,,,,,,,,,,,,,,
2019-06-28 09:30:00.000000007,100008,100,99973,100,100073,100,99917,100,,,,,,,,,,,,,,,,,,,,,,,,,,,,,,,,
2019-06-28 09:30:00.000000008,100008,100,99973,100,100073,100,99941,100,100105,100,99917,100,,,,,,,,,,,,,,,,,,,,,,,,,,,,
2019-06-28 09:30:00.000000010,100008,100,99973,100,100073,100,99941,100,100105,100,99921,100,,,99917,100,,,,,,,,,,,,,,,,,,,,,,,,
2019-06-28 09:30:00.000000014,100008,100,99973,100,100066,100,99941,100,100073,100,99921,100,100105,100,99917,100,,,,,,,,,,,,,,,,,,,,,,,,
2019-06-28 09:30:00.000000015,100008,100,99973,100,100066,100,99941,100,100073,100,99921,100,100080,100,99917,100,100105,100,,,,,,,,,,,,,,,,,,,,,,
2019-06-28 09:30:00.000000017,100004,100,99973,100,100008,100,99941,100,100066,100,99921,100,100073,100,99917,100,100080,100,,,100105,100,,,,,,,,,,,,,,,,,,
2019-06-28 09:30:00.000000018,100004,100,99973,200,100008,100,99941,100,100066,100,99921,100,100073,100,99917,100,100080,100,,,100105,100,,,,,,,,,,,,,,,,,,
2019-06-28 09:30:00.000000022,100004,100,99973,200,100008,100,99941,100,100066,100,99921,100,100073,100,99917,100,100080,100,99896,100,100105,100,,,,,,,,,,,,,,,,,,
2019-06-28 09:30:00.000000023,100004,100,99973,200,100006,100,99971,100,100008,100,99941,100,100066,100,99921,100,100073,100,99917,100,100080,100,99896,100,100105,100,,,,,,,,,,,,,,
2019-06-28 09:30:00.000000025,100004,100,99973,200,100006,100,99971,100,100008,100,99941,100,100017,100,99921,100,100066,100,99917,100,100073,100,99896,100,100080,100,,,100105,100,,,,,,,,,,
2019-06-28 09:30:00.000000027,100004,100,99973,200,100006,100,99971,100,100008,100,99941,100,100017,100,99925,100,100066,100,99921,100,100073,100,99917,100,100080,100,99896,100,100105,100,,,,,,,,,,
2019-06-28 09:30:00.000000028,100004,100,99973,100,100006,100,99971,100,100008,100,99941,100,100017,100,99925,100,100026,100,99921,100,100066,100,99917,100,100073,100,99896,100,100080,100,,,100105,100,,,,,,
2019-06-28 09:30:00.000000030,100004,100,99973,100,100006,100,99971,100,100008,100,99941,100,100017,100,99925,100,100026,100,99921,100,100066,200,99917,100,100073,100,99896,100,100080,100,99894,100,100105,100,,,,,,
2019-06-28 09:30:00.000000036,100004,100,99973,100,100006,100,99971,100,100008,100,99941,100,100014,100,99925,100,100017,100,99921,100,100026,100,99917,100,100066,200,99896,100,100073,100,99894,100,100080,100,,,100105,100,,
2019-06-28 09:30:00.000000038,99995,100,99973,100,100004,100,99971,100,100006,100,99941,100,100008,100,99925,100,100014,100,99921,100,100017,100,99917,100,100026,100,99896,100,100066,200,99894,100,100073,100,,,100080,100,,
2019-06-28 09:30:00.000000041,99995,100,99973,100,99999,100,99971,100,100004,100,99968,100,100006,100,99941,100,100008,100,99925,100,100014,100,99921,100,100017,100,99917,100,100026,100,99896,100,100066,200,99894,100,100073,100,,
2019-06-28 09:30:00.000000042,99995,100,99973,100,99999,100,99971,100,100004,100,99968,100,100006,100,99941,100,100008,100,99925,100,100014,100,99921,100,100017,100,99917,100,100026,100,99896,100,100066,200,99894,100,100073,100,99891,100
2019-06-28 09:30:00.000000043,99995,100,99973,100,99999,100,99971,100,100004,100,99968,100,100006,100,99950,100,100008,100,99941,100,100014,100,99925,100,100017,100,99921,100,100026,100,99917,100,100066,200,99896,100,100073,100,99894,100
2019-06-28 09:30:00.000000044,99995,100,99974,100,99999,100,99973,100,100004,100,99971,100,100006,100,99968,100,100008,100,99950,100,100014,100,99941,100,100017,100,99925,100,100026,100,99921,100,100066,200,99917,100,100073,100,99896,100
2019-06-28 09:30:00.000000045,99995,100,99974,100,99999,100,99973,100,100004,100,99971,100,100006,100,99968,100,100008,100,99950,100,100014,100,99941,100,100017,100,99938,100,100026,100,99925,100,100066,200,99921,100,100073,100,99917,100
2019-06-28 09:30:00.000000046,99995,100,99974,200,99999,100,99973,100,100004,100,99971,100,100006,100,99968,100,100008,100,99950,100,100014,100,99941,100,100017,100,99938,100,100026,100,99925,100,100066,200,99921,100,100073,100,99917,100
2019-06-28 09:30:00.000000049,99995,100,99974,200,99999,100,99973,100,100004,100,99971,100,100006,100,99968,100,100008,100,99950,100,100014,100,99941,100,100017,100,99938,100,100026,100,99925,100,100066,200,99921,100,100073,100,99917,100
2019-06-28 09:30:00.000000052,99995,100,99974,200,99999,100,99973,100,100004,100,99971,100,100006,100,99968,100,100008,100,99950,100,100014,100,99941,100,100017,100,99938,100,100026,100,99933,100,100066,200,99925,100,100073,100,99921,100
2019-06-28 09:30:00.000000054,99995,100,99974,200,99999,100,99973,100,100004,100,99971,100,100006,100,99968,100,100008,100,99950,100,100014,100,99941,100,100017,100,99938,100,100026,100,99933,100,100066,200,99925,100,100073,100,99921,100
2019-06-28 09:30:00.000000055,99995,100,99974,300,99999,100,99973,100,100004,100,99971,100,100006,100,99968,100,100008,100,99950,100,100014,100,99941,100,100017,100,99938,100,100026,100,99933,100,100066,200,99925,100,100073,100,99921,100
2019-06-28 09:30:00.000000056,99999,100,99974,300,100004,100,99973,100,100006,100,99971,100,100008,100,99968,100,100014,100,99950,100,100017,100,99941,100,100026,100,99938,100,100066,200,99933,100,100073,100,99925,100,100080,100,99921,100
2019-06-28 09:30:00.000000057,99999,100,99974,300,100004,100,99973,100,100006,100,99971,100,100008,100,99968,100,100014,100,99950,100,100017,100,99941,100,100026,100,99938,100,100066,200,99937,100,100073,100,99933,100,100080,100,99925,100
2019-06-28 09:30:00.000000058,99999,100,99974,300,100004,100,99973,100,100006,100,99971,100,100008,100,99968,100,100014,100,99950,100,100017,100,99941,100,100026,100,99938,100,100066,200,99937,100,100073,100,99933,100,100080,100,99925,100
2019-06-28 09:30:00.000000059,99999,100,99988,100,100004,100,99974,300,100006,100,99973,100,100008,100,99971,100,100014,100,99968,100,100017,100,99950,100,100026,100,99941,100,100066,200,99938,100,100073,100,99937,100,100080,100,99933,100
2019-06-28 09:30:00.000000061,99999,100,99974,300,100004,100,99973,100,100006,100,99971,100,100008,100,99968,100,100014,100,99950,100,100017,100,99941,100,100026,100,99938,100,100066,200,99937,100,100073,100,99933,100,100080,100,99925,100
2019-06-28 09:30:00.000000062,100004,100,99974,300,100006,100,99973,100,100008,100,99971,100,100014,100,99968,100,100017,100,99950,100,100026,100,99941,100,100066,200,99938,100,100073,100,99937,100,100080,100,99933,100,100105,100,99925,100
2019-06-28 09:30:00.000000063,100004,100,99974,300,100006,100,99973,100,100008,100,99971,100,100014,100,99968,100,100017,100,99950,100,100026,100,99941,100,100066,200,99938,100,100073,100,99937,100,100080,100,99933,100,100082,100,99925,100
2019-06-28 09:30:00.000000064,100004,100,99974,300,100006,100,99973,100,100008,100,99971,100,100014,100,99968,100,100017,100,99950,100,100026,100,99941,100,100066,200,99938,100,100073,100,99937,100,100080,100,99933,100,100082,100,99925,100
2019-06-28 09:30:00.000000067,99999,100,99974,300,100004,100,99973,100,100006,100,99971,100,100008,100,99968,100,100014,100,99950,100,100017,100,99941,100,100026,100,99938,100,100066,200,99937,100,100073,100,99933,100,100080,100,99925,100
2019-06-28 09:30:00.000000069,99999,100,99974,300,100004,100,99973,100,100006,100,99971,100,100008,100,99968,100,100014,100,99950,100,100017,100,99941,100,100026,100,99938,100,100066,200,99937,100,100073,100,99933,100,100080,100,99925,100
2019-06-28 09:30:00.000000070,99999,100,99974,300,100004,100,99973,100,100006,100,99971,100,100008,100,99968,100,100014,100,99954,100,100017,100,99950,100,100026,100,99941,100,100066,200,99938,100,100073,100,99937,100,100080,100,99933,100
2019-06-28 09:30:00.000000073,99999,100,99974,300,100004,100,99973,100,100006,100,99971,100,100008,100,99968,100,100014,100,99959,100,100017,100,99954,100,100026,100,99950,100,100066,200,99941,100,100073,100,99938,100,100080,100,99937,100
2019-06-28 09:30:00.000000074,99999,100,99974,300,100004,100,99973,100,100006,100,99971,100,100008,100,99968,100,100014,100,99959,100,100017,100,99954,100,100026,100,99950,100,100066,200,99942,100,100073,100,99941,100,100080,100,99938,100
2019-06-28 09:30:00.000000075,99999,200,99988,100,100004,100,99974,300,100006,100,99973,100,100008,100,99971,100,100014,100,99968,100,100017,100,99959,100,100026,100,99954,100,100066,200,99950,100,100073,100,99942,100,100080,100,99941,100
2019-06-28 09:30:00.000000079,99999,200,99988,100,100004,100,99974,300,100006,100,99973,100,100008,100,99971,100,100014,100,99968,100,100017,100,99959,100,100019,100,99954,100,100026,100,99950,100,100066,200,99942,100,100073,100,99941,100
2019-06-28 09:30:00.000000082,99999,200,99988,100,100004,100,99974,300,100006,100,99973,100,100008,100,99971,100,100014,100,99968,100,100017,100,99959,100,100019,100,99954,100,100026,100,99950,100,100066,200,99942,100,100073,100,99941,100
2019-06-28 09:30:00.000000084,99999,200,99988,100,100004,100,99974,300,100006,100,99973,100,100008,100,99971,100,100014,100,99968,100,100017,100,99959,100,100019,100,99954,100,100026,100,99950,100,100066,200,99942,100,100073,100,99941,100
2019-06-28 09:30:00.000000085,99999,200,99988,200,100004,100,99974,300,100006,100,99973,100,100008,100,99971,100,100014,100,99968,100,100017,100,99959,100,100019,100,99954,100,100026,100,99950,100,100066,200,99942,100,100073,100,99941,100
2019-06-28 09:30:00.000000089,99999,200,99988,200,100004,100,99974,300,100006,100,99973,100,100008,100,99971,100,100014,100,99968,100,100017,100,99959,100,100019,100,99954,100,100026,100,99950,100,100052,100,99942,100,100066,200,99941,100
2019-06-28 09:30:00.000000090,99999,200,99988,200,100004,100,99974,300,100006,100,99973,100,100008,100,99971,100,100014,100,99968,100,100017,100,99959,100,100019,100,99954,100,100026,100,99950,100,100052,100,99942,100,100066,200,99941,100
2019-06-28 09:30:00.000000091,99999,200,99988,200,100004,100,99974,300,100006,100,99973,100,100008,100,99971,100,100014,100,99968,100,100017,100,99959,100,100019,100,99954,100,100026,100,99950,100,100052,100,99942,100,100066,200,99941,100
2019-06-28 09:30:00.000000096,99999,200,99988,200,100004,100,99974,300,100006,100,99973,100,100008,100,99971,100,100014,100,99968,100,100017,100,99959,100,100019,100,99954,100,100026,100,99950,100,100052,100,99942,100,100066,200,99941,100
2019-06-28 09:30:00.000000097,99999,200,99988,200,100004,100,99974,300,100006,100,99973,100,100008,100,99971,100,100014,100,99968,100,100017,100,99959,100,100019,100,99954,100,100026,100,99950,100,100043,100,99942,100,100052,100,99941,100
2019-06-28 09:30:00.000000098,99999,200,99988,200,100004,100,99974,300,100006,100,99973,100,100008,100,99971,100,100014,100,99968,100,100017,100,99959,100,100019,100,99954,100,100026,100,99950,100,100043,100,99942,100,100052,100,99941,100
2019-06-28 09:30:00.000000099,99999,200,99988,200,100004,100,99974,300,100006,100,99973,100,100008,100,99971,100,100014,100,99968,100,100017,100,99959,100,100019,100,99954,100,100026,100,99950,100,100043,100,99942,100,100052,100,99941,100
2019-06-28 09:30:05.484487566,99999,200,99988,300,100004,100,99974,300,100006,100,99973,100,100008,100,99971,100,100014,100,99968,100,100017,100,99959,100,100019,100,99954,100,100026,100,99950,100,100043,100,99942,100,100052,100,99941,100
2019-06-28 09:30:10.000000000,99999,363,99988,463,100004,258,99974,458,100006,258,99973,258,100008,100,99971,100,100014,100,99968,100,100017,100,99959,100,100019,100,99954,100,100026,100,99950,100,100043,100,99942,100,100052,100,99941,100
2019-06-28 09:30:13.394505211,99999,363,99988,463,100004,258,99974,458,100006,258,99973,258,100008,100,99971,100,100014,100,99968,100,100017,100,99959,100,100019,100,99954,100,100026,100,99950,100,100043,100,99942,100,100052,100,99941,100
2019-06-28 09:30:20.000000000,99999,320,99988,420,100004,220,99974,420,100006,220,99973,220,100008,220,99971,220,100014,100,99968,100,100017,100,99959,100,100019,100,99954,100,100026,100,99950,100,100043,100,99942,100,100052,100,99941,100
2019-06-28 09:30:26.242724340,99999,220,99988,420,100004,220,99974,420,100006,220,99973,220,100008,220,99971,220,100014,100,99968,100,100017,100,99959,100,100019,100,99954,100,100026,100,99950,100,100043,100,99942,100,100052,100,99941,100
2019-06-28 09:30:30.000000000,99999,263,99988,463,100004,258,99974,458,100006,258,99973,258,100008,100,99971,100,100014,100,99968,100,100017,100,99959,100,100019,100,99954,100,100026,100,99950,100,100043,100,99942,100,100052,100,99941,100
2019-06-28 09:30:31.780666649,99999,263,99988,463,100004,258,99974,458,100006,258,99973,258,100008,100,99971,100,100014,100,99968,100,100017,100,99959,100,100019,100,99954,100,100026,100,99950,100,100043,100,99942,100,100052,100,99941,100
2019-06-28 09:30:40.000000000,99999,220,99988,420,100004,220,99974,420,100006,220,99973,220,100008,220,99971,220,100014,100,99968,100,100017,100,99959,100,100019,100,99954,100,100026,100,99950,100,100043,100,99942,100,100052,100,99941,100
2019-06-28 09:30:50.000000000,99999,196,99988,396,100004,196,99974,396,100006,196,99973,196,100008,196,99971,196,100014,196,99968,196,100017,100,99959,100,100019,100,99954,100,100026,100,99950,100,100043,100,99942,100,100052,100,99941,100
2019-06-28 09:30:57.524165642,99999,96,99988,296,100004,196,99974,396,100006,196,99973,196,100008,196,99971,196,100014,196,99968,196,100017,100,99959,100,100019,100,99954,100,100026,100,99950,100,100043,100,99942,100,100052,100,99941,100
2019-06-28 09:30:58.210199106,99999,96,99988,196,100004,196,99974,396,100006,196,99973,196,100008,196,99971,196,100014,196,99968,196,100017,100,99959,100,100019,100,99954,100,100026,100,99950,100,100043,100,99942,100,100066,200,99941,100
2019-06-28 09:31:00.000000000,100004,263,99988,263,100006,258,99974,458,100008,258,99973,258,100014,100,99971,100,100017,100,99968,100,100019,100,99959,100,100026,100,99954,100,100043,100,99950,100,100066,200,99942,100,100073,100,99941,100
2019-06-28 09:31:06.634436381,100004,263,99988,263,100006,258,99974,458,100008,258,99973,258,100014,100,99971,100,100019,100,99968,100,100026,100,99959,100,100043,100,99954,100,100066,200,99950,100,100073,100,99942,100,100078,100,99941,100
2019-06-28 09:31:10.000000000,100004,196,99988,196,100006,196,99974,396,100008,196,99973,196,100014,196,99971,196,100019,196,99968,196,100026,100,99959,100,100043,100,99954,100,100066,200,99950,100,100073,100,99942,100,100078,100,99941,100
2019-06-28 09:31:13.570738196,100004,196,99988,196,100006,196,99974,396,100008,196,99973,96,100014,196,99971,196,100019,196,99968,196,100026,100,99959,100,100043,100,99954,100,100066,200,99950,100,100073,100,99942,100,100078,100,99941,100
2019-06-28 09:31:17.398019415,100004,196,99988,196,100006,196,99974,396,100008,196,99973,96,100014,196,99971,196,100019,196,99968,196,100026,100,99959,100,100043,100,99954,100,100066,200,99950,100,100073,100,99941,100,100078,100,99938,100
2019-06-28 09:31:20.000000000,100004,580,99988,580,100006,100,99974,300,100008,100,99971,100,100014,100,99968,100,100019,100,99959,100,100026,100,99954,100,100043,100,99950,100,100066,200,99941,100,100073,100,99938,100,100078,100,99937,100
2019-06-28 09:31:30.000000000,100004,580,99988,580,100006,100,99974,300,100008,100,99971,100,100014,100,99968,100,100019,100,99959,100,100026,100,99954,100,100043,100,99950,100,100066,200,99941,100,100073,100,99938,100,100078,100,99937,100
2019-06-28 09:31:40.000000000,100004,220,99988,220,100006,220,99974,420,100008,220,99971,220,100014,220,99968,220,100019,100,99959,100,100026,100,99954,100,100043,100,99950,100,100066,200,99941,100,100073,100,99938,100,100078,100,99937,100
2019-06-28 09:31:49.329746140,100004,120,99988,220,100006,220,99974,420,100008,220,99971,220,100014,220,99968,220,100019,100,99959,100,100026,100,99954,100,100043,100,99950,100,100066,200,99941,100,100073,100,99938,100,100078,100,99937,100
2019-06-28 09:31:50.000000000,100006,220,99988,220,100008,220,99974,420,100014,220,99971,220,100019,220,99968,220,100026,100,99959,100,100043,100,99954,100,100066,200,99950,100,100073,100,99941,100,100078,100,99938,100,100080,100,99937,100
2019-06-28 09:32:00.000000000,100006,580,99988,580,100008,100,99974,300,100014,100,99971,100,100019,100,99968,100,100026,100,99959,100,100043,100,99954,100,100066,200,99950,100,100073,100,99941,100,100078,100,99938,100,100080,100,99937,100
2019-06-28 09:32:04.162413440,100006,580,99988,580,100008,100,99974,300,100014,100,99971,100,100019,100,99968,100,100026,100,99959,100,100043,100,99954,100,100066,200,99950,100,100073,100,99941,100,100078,100,99938,100,100080,100,99937,100
2019-06-28 09:32:06.854814154,100006,480,99988,580,100008,100,99974,300,100014,100,99971,100,100019,100,99968,100,100026,100,99959,100,100043,100,99954,100,100066,200,99950,100,100073,100,99941,100,100078,100,99938,100,100080,100,99937,100
2019-06-28 09:32:07.863865920,100006,480,100004,100,100008,100,99988,580,100014,100,99974,300,100019,100,99971,100,100026,100,99968,100,100043,100,99959,100,100066,200,99954,100,100073,100,99950,100,100078,100,99941,100,100080,100,99938,100
2019-06-28 09:32:10.000000000,100008,220,100004,220,100014,220,99988,220,100019,220,99974,420,100026,220,99971,220,100043,100,99968,100,100066,200,99959,100,100073,100,99954,100,100078,100,99950,100,100080,100,99941,100,100082,100,99938,100
2019-06-28 09:32:19.061114859,100008,220,100004,220,100014,220,99988,220,100019,220,99974,420,100026,220,99971,220,100043,100,99968,100,100066,200,99954,100,100073,100,99950,100,100078,100,99941,100,100080,100,99938,100,100082,100,99937,100
2019-06-28 09:32:20.000000000,100008,196,100004,196,100014,196,99988,196,100019,196,99974,396,100026,196,99971,196,100043,196,99968,196,100066,200,99954,100,100073,100,99950,100,100078,100,99941,100,100080,100,99938,100,100082,100,99937,100
2019-06-28 09:32:30.000000000,100008,580,100004,580,100014,100,99988,100,100019,100,99974,300,100026,100,99971,100,100043,100,99968,100,100066,200,99954,100,100073,100,99950,100,100078,100,99941,100,100080,100,99938,100,100082,100,99937,100
2019-06-28 09:32:40.000000000,100008,220,100004,220,100014,220,99988,220,100019,220,99974,420,100026,220,99971,220,100043,100,99968,100,100066,200,99954,100,100073,100,99950,100,100078,100,99941,100,100080,100,99938,100,100082,100,99937,100
2019-06-28 09:32:50.000000000,100008,340,100004,340,100014,340,99988,340,100019,100,99974,300,100026,100,99971,100,100043,100,99968,100,100066,200,99954,100,100073,100,99950,100,100078,100,99941,100,100080,100,99938,100,100082,100,99937,100
2019-06-28 09:32:50.435307103,100008,240,100004,340,100014,340,99988,340,100019,100,99974,300,100026,100,99971,100,100043,100,99968,100,100066,200,99954,100,100073,100,99950,100,100078,100,99941,100,100080,100,99938,100,100082,100,99937,100
2019-06-28 09:33:00.000000000,100014,263,100004,263,100019,258,99988,258,100026,258,99974,458,100043,100,99971,100,100066,200,99968,100,100073,100,99954,100,100078,100,99950,100,100080,100,99941,100,100082,100,99938,100,100099,100,99937,100
2019-06-28 09:33:07.100930118,100014,163,100004,263,100019,258,99988,258,100026,258,99974,458,100043,100,99971,100,100066,200,99968,100,100073,100,99954,100,100078,100,99950,100,100080,100,99941,100,100082,100,99938,100,100099,100,99937,100
2019-06-28 09:33:10.000000000,100019,263,100004,263,100026,258,99988,258,100043,258,99974,458,100066,200,99971,100,100073,100,99968,100,100078,100,99954,100,100080,100,99950,100,100082,100,99941,100,100099,100,99938,100,100105,100,99937,100
2019-06-28 09:33:20.000000000,100019,196,100004,196,100026,196,99988,196,100043,196,99974,396,100066,296,99971,196,100073,196,99968,196,100078,100,99954,100,100080,100,99950,100,100082,100,99941,100,100099,100,99938,100,100105,100,99937,100
2019-06-28 09:33:30.000000000,100019,196,100004,196,100026,196,99988,196,100043,196,99974,396,100066,296,99971,196,100073,196,99968,196,100078,100,99954,100,100080,100,99950,100,100082,100,99941,100,100099,100,99938,100,100105,100,99937,100
2019-06-28 09:33:40.000000000,100019,220,100004,220,100026,220,99988,220,100043,220,99974,420,100066,320,99971,220,100073,100,99968,100,100078,100,99954,100,100080,100,99950,100,100082,100,99941,100,100099,100,99938,100,100105,100,99937,100
2019-06-28 09:33:50.000000000,100019,263,100004,263,100026,258,99988,258,100043,258,99974,458,100066,200,99971,100,100073,100,99968,100,100078,100,99954,100,100080,100,99950,100,100082,100,99941,100,100099,100,99938,100,100105,100,99937,100
2019-06-28 09:33:53.869180858,100019,263,100004,263,100026,258,99988,258,100043,258,99974,458,100066,200,99971,100,100073,100,99968,100,100078,100,99954,100,100080,100,99950,100,100082,100,99941,100,100099,100,99938,100,100105,100,99937,100
2019-06-28 09:33:55.097499515,100019,163,100004,263,100026,258,99988,258,100043,258,99974,458,100066,200,99971,100,100073,100,99968,100,100078,100,99954,100,100080,100,99950,100,100082,100,99941,100,100099,100,99938,100,100131,100,99937,100
2019-06-28 09:34:00.000000000,100026,220,100004,220,100043,220,99988,220,100066,320,99974,420,100073,220,99971,220,100078,100,99968,100,100080,100,99954,100,100082,100,99950,100,100099,100,99941,100,100131,100,99938,100,100158,100,99937,100
2019-06-28 09:34:03.656632329,100026,220,100014,100,100043,220,100004,220,100066,320,99988,220,100073,220,99974,320,100078,100,99971,220,100080,100,99968,100,100082,100,99954,100,100099,100,99950,100,100131,100,99941,100,100158,100,99938,100
2019-06-28 09:34:10.000000000,100026,263,100014,263,100043,258,100004,258,100066,358,99988,258,100073,100,99974,200,100078,100,99971,100,100080,100,99968,100,100082,100,99954,100,100099,100,99950,100,100131,100,99941,100,100158,100,99938,100
2019-06-28 09:34:20.000000000,100026,196,100014,196,100043,196,100004,196,100066,296,99988,196,100073,196,99974,296,100078,196,99971,196,100080,100,99968,100,100082,100,99954,100,100099,100,99950,100,100131,100,99941,100,100158,100,99938,100
2019-06-28 09:34:30.000000000,100026,196,100014,196,100043,196,100004,196,100066,296,99988,196,100073,196,99974,296,100078,196,99971,196,100080,100,99968,100,100082,100,99954,100,100099,100,99950,100,100131,100,99941,100,100158,100,99938,100
2019-06-28 09:34:40.000000000,100026,196,100014,196,100043,196,100004,196,100066,296,99988,196,100073,196,99974,296,100078,196,99971,196,100080,100,99968,100,100082,100,99954,100,100099,100,99950,100,100131,100,99941,100,100158,100,99938,100
2019-06-28 09:34:50.000000000,100026,580,100014,580,100043,100,100004,100,100066,200,99988,100,100073,100,99974,200,100078,100,99971,100,100080,100,99968,100,100082,100,99954,100,100099,100,99950,100,100131,100,99941,100,100158,100,99938,100
2019-06-28 09:34:54.045888231,100026,480,100014,580,100043,100,100004,100,100066,200,99988,100,100073,100,99974,200,100078,100,99971,100,100080,100,99968,100,100082,100,99954,100,100099,100,99950,100,100131,100,99941,100,100158,100,99938,100
2019-06-28 09:34:54.988048577,100026,480,100019,100,100043,100,100014,580,100066,200,100004,100,100073,100,99988,100,100078,100,99974,100,100080,100,99971,100,100082,100,99968,100,100099,100,99954,100,100131,100,99950,100,100158,100,99941,100
2019-06-28 09:34:57.283456639,100026,480,100019,100,100043,100,100014,580,100066,200,100004,100,100073,100,99988,100,100078,100,99974,100,100080,100,99971,100,100082,100,99968,100,100099,100,99954,100,100131,100,99950,100,100322,100,99941,100
2019-06-28 09:35:00.000000000,100043,580,100019,580,100066,200,100014,100,100073,100,100004,100,100078,100,99988,100,100080,100,99974,100,100082,100,99971,100,100099,100,99968,100,100131,100,99954,100,100322,100,99950,100,100357,100,99941,100
2019-06-28 09:35:05.351278501,100043,480,100019,580,100066,200,100014,100,100073,100,100004,100,100078,100,99988,100,100080,100,99974,100,100082,100,99971,100,100099,100,99968,100,100131,100,99954,100,100322,100,99950,100,100357,100,99941,100
2019-06-28 09:35:10.000000000,100066,440,100019,340,100073,340,100014,340,100078,100,100004,100,100080,100,99988,100,100082,100,99974,100,100099,100,99971,100,100131,100,99968,100,100322,100,99954,100,100357,100,99950,100,101303,100,99941,100
2019-06-28 09:35:11.373636962,100066,340,100019,340,100073,340,100014,340,100078,100,100004,100,100082,100,99988,100,100099,100,99974,100,100131,100,99971,100,100322,100,99968,100,100357,100,99954,100,101303,100,99950,100,101761,100,99941,100
2019-06-28 09:35:18.265887806,100066,240,100019,340,100073,340,100014,340,100078,100,100004,100,100082,100,99988,100,100099,100,99974,100,100131,100,99971,100,100322,100,99968,100,100357,100,99954,100,101303,100,99950,100,101761,100,99941,100
2019-06-28 09:35:20.000000000,100073,263,100019,263,100078,258,100014,258,100082,258,100004,258,100099,100,99988,100,100131,100,99974,100,100322,100,99971,100,100357,100,99968,100,101303,100,99954,100,101761,100,99950,100,101809,100,99941,100
2019-06-28 09:35:30.000000000,100073,220,100019,220,100078,220,100014,220,100082,220,100004,220,100099,220,99988,220,100131,100,99974,100,100322,100,99971,100,100357,100,99968,100,101303,100,99954,100,101761,100,99950,100,101809,100,99941,100
2019-06-28 09:35:40.000000000,100073,580,100019,580,100078,100,100014,100,100082,100,100004,100,100099,100,99988,100,100131,100,99974,100,100322,100,99971,100,100357,100,99968,100,101303,100,99954,100,101761,100,99950,100,101809,100,99941,100
2019-06-28 09:35:48.899923029,100073,580,100019,580,100078,100,100014,100,100082,100,100004,100,100099,100,99988,100,100131,100,99974,100,100322,100,99971,100,100357,100,99968,100,101303,100,99950,100,101305,100,99941,100,101761,100,99938,100
2019-06-28 09:35:50.000000000,100073,340,100019,340,100078,340,100014,340,100082,100,100004,100,100099,100,99988,100,100131,100,99974,100,100322,100,99971,100,100357,100,99968,100,101303,100,99950,100,101305,100,99941,100,101761,100,99938,100
2019-06-28 09:36:00.000000000,100073,340,100019,340,100078,340,100014,340,100082,100,100004,100,100099,100,99988,100,100131,100,99974,100,100322,100,99971,100,100357,100,99968,100,101303,100,99950,100,101305,100,99941,100,101761,100,99938,100
2019-06-28 09:36:10.000000000,100073,263,100019,263,100078,258,100014,258,100082,258,100004,258,100099,100,99988,100,100131,100,99974,100,100322,100,99971,100,100357,100,99968,100,101303,100,99950,100,101305,100,99941,100,101761,100,99938,100
2019-06-28 09:36:16.598275904,100073,163,100019,263,100078,258,100014,258,100082,258,100004,258,100099,100,99988,100,100131,100,99974,100,100322,100,99971,100,100357,100,99968,100,101303,100,99950,100,101305,100,99941,100,101761,100,99938,100
2019-06-28 09:36:20.000000000,100078,196,100019,196,100082,196,100014,196,100099,196,100004,196,100131,196,99988,196,100322,196,99974,196,100357,100,99971,100,101303,100,99968,100,101305,100,99950,100,101761,100,99941,100,101809,100,99938,100
2019-06-28 09:36:23.596570108,100078,96,100019,196,100082,196,100014,196,100099,196,100004,196,100131,196,99988,196,100322,196,99974,196,100357,100,99971,100,101303,100,99968,100,101305,100,99950,100,101761,100,99941,100,101809,100,99938,100
2019-06-28 09:36:30.000000000,100082,263,100019,263,100099,258,100014,258,100131,258,100004,258,100322,100,99988,100,100357,100,99974,100,101303,100,99971,100,101305,100,99968,100,101761,100,99950,100,101809,100,99941,100,,,99938,100
2019-06-28 09:36:40.000000000,100082,220,100019,220,100099,220,100014,220,100131,220,100004,220,100322,220,99988,220,100357,100,99974,100,101303,100,99971,100,101305,100,99968,100,101761,100,99950,100,101809,100,99941,100,,,99938,100
2019-06-28 09:36:40.974797914,100082,120,100019,220,100099,220,100014,220,100131,220,100004,220,100322,220,99988,220,100357,100,99974,100,101303,100,99971,100,101305,100,99968,100,101761,100,99950,100,101809,100,99941,100,,,99938,100
2019-06-28 09:36:48.801364678,100082,120,100019,220,100099,220,100014,220,100131,220,100004,220,100322,220,99988,220,100357,100,99974,100,100826,100,99971,100,101303,100,99968,100,101305,100,99950,100,101761,100,99941,100,101809,100,99938,100
2019-06-28 09:36:50.000000000,100099,580,100019,580,100131,100,100014,100,100322,100,100004,100,100357,100,99988,100,100826,100,99974,100,101303,100,99971,100,101305,100,99968,100,101761,100,99950,100,101809,100,99941,100,,,99938,100
2019-06-28 09:37:00.000000000,100099,340,100019,340,100131,340,100014,340,100322,100,100004,100,100357,100,99988,100,100826,100,99974,100,101303,100,99971,100,101305,100,99968,100,101761,100,99950,100,101809,100,99941,100,,,99938,100
2019-06-28 09:37:03.382325161,100099,240,100019,340,100131,340,100014,340,100322,100,100004,100,100357,100,99988,100,100826,100,99974,100,101303,100,99971,100,101305,100,99968,100,101761,100,99950,100,101809,100,99941,100,,,99938,100
2019-06-28 09:37:10.000000000,100131,196,100019,196,100322,196,100014,196,100357,196,100004,196,100826,196,99988,196,101303,196,99974,196,101305,100,99971,100,101761,100,99968,100,101809,100,99950,100,,,99941,100,,,99938,100
2019-06-28 09:37:20.000000000,100131,263,100019,263,100322,258,100014,258,100357,258,100004,258,100826,100,99988,100,101303,100,99974,100,101305,100,99971,100,101761,100,99968,100,101809,100,99950,100,,,99941,100,,,99938,100
2019-06-28 09:37:23.348240774,100131,163,100019,263,100322,258,100014,258,100357,258,100004,258,100826,100,99988,100,101303,100,99974,100,101305,100,99971,100,101761,100,99968,100,101809,100,99950,100,,,99941,100,,,99938,100
2019-06-28 09:37:30.000000000,100322,196,100019,196,100357,196,100014,196,100826,196,100004,196,101303,196,99988,196,101305,196,99974,196,101761,100,99971,100,101809,100,99968,100,,,99950,100,,,99941,100,,,99938,100
2019-06-28 09:37:38.236887302,100322,196,100019,196,100357,196,100014,196,100826,196,100004,196,100975,100,99988,196,101303,96,99974,196,101305,196,99971,100,101761,100,99968,100,101809,100,99950,100,,,99941,100,,,99938,100
2019-06-28 09:37:39.580694426,100322,196,100019,196,100357,196,100014,196,100826,196,100004,196,100975,100,99988,196,100984,100,99974,196,101303,96,99971,100,101305,196,99968,100,101761,100,99950,100,101809,100,99941,100,,,99938,100
2019-06-28 09:37:40.000000000,100322,196,100019,196,100357,196,100014,196,100826,196,100004,196,100975,196,99988,196,100984,196,99974,196,101305,100,99971,100,101761,100,99968,100,101809,100,99950,100,,,99941,100,,,99938,100
2019-06-28 09:37:45.668106073,100322,196,100099,100,100357,196,100019,196,100826,196,100014,196,100975,196,100004,196,100984,196,99988,196,101305,100,99974,196,101761,100,99971,100,101809,100,99968,100,,,99950,100,,,99941,100
2019-06-28 09:37:47.263674973,100322,196,100099,200,100357,196,100019,196,100826,196,100014,196,100975,196,100004,196,100984,196,99988,196,101305,100,99974,196,101761,100,99971,100,101809,100,99968,100,,,99950,100,,,99941,100
2019-06-28 09:37:50.000000000,100322,220,100099,320,100357,220,100019,220,100826,220,100014,220,100975,220,100004,220,100984,100,99988,100,101305,100,99974,100,101761,100,99971,100,101809,100,99968,100,,,99950,100,,,99941,100
2019-06-28 09:38:00.000000000,100322,580,100099,680,100357,100,100019,100,100826,100,100014,100,100975,100,100004,100,100984,100,99988,100,101305,100,99974,100,101761,100,99971,100,101809,100,99968,100,,,99950,100,,,99941,100
2019-06-28 09:38:05.063014309,100322,580,100099,680,100357,100,100019,100,100826,100,100014,100,100932,100,100004,100,100975,100,99988,100,100984,100,99974,100,101305,100,99971,100,101761,100,99968,100,101809,100,99950,100,,,99941,100
2019-06-28 09:38:10.000000000,100322,580,100099,680,100357,100,100019,100,100826,100,100014,100,100932,100,100004,100,100975,100,99988,100,100984,100,99974,100,101305,100,99971,100,101761,100,99968,100,101809,100,99950,100,,,99941,100
2019-06-28 09:38:20.000000000,100322,263,100099,363,100357,258,100019,258,100826,258,100014,258,100932,100,100004,100,100975,100,99988,100,100984,100,99974,100,101305,100,99971,100,101761,100,99968,100,101809,100,99950,100,,,99941,100
2019-06-28 09:38:30.000000000,100322,580,100099,680,100357,100,100019,100,100826,100,100014,100,100932,100,100004,100,100975,100,99988,100,100984,100,99974,100,101305,100,99971,100,101761,100,99968,100,101809,100,99950,100,,,99941,100
2019-06-28 09:38:40.000000000,100322,340,100099,440,100357,340,100019,340,100826,100,100014,100,100932,100,100004,100,100975,100,99988,100,100984,100,99974,100,101305,100,99971,100,101761,100,99968,100,101809,100,99950,100,,,99941,100
2019-06-28 09:38:40.737886162,100322,240,100099,440,100357,340,100019,340,100826,100,100014,100,100932,100,100004,100,100975,100,99988,100,100984,100,99974,100,101305,100,99971,100,101761,100,99968,100,101809,100,99950,100,,,99941,100
2019-06-28 09:38:50.000000000,100357,196,100099,296,100826,196,100019,196,100932,196,100014,196,100975,196,100004,196,100984,196,99988,196,101305,100,99974,100,101761,100,99971,100,101809,100,99968,100,,,99950,100,,,99941,100
2019-06-28 09:38:54.183056701,100357,196,100099,296,100826,196,100019,196,100932,196,100014,196,100975,196,100004,196,100984,196,99988,196,101475,100,99974,100,101761,100,99971,100,101809,100,99968,100,,,99950,100,,,99941,100
2019-06-28 09:39:00.000000000,100357,580,100099,680,100826,100,100019,100,100932,100,100014,100,100975,100,100004,100,100984,100,99988,100,101475,100,99974,100,101761,100,99971,100,101809,100,99968,100,,,99950,100,,,99941,100
2019-06-28 09:39:05.580117040,100357,580,100099,680,100826,100,100019,100,100932,100,100014,100,100975,100,100004,100,100984,100,99988,100,101475,100,99974,100,101491,100,99971,100,101761,100,99968,100,101809,100,99950,100,,,99941,100
2019-06-28 09:39:10.000000000,100357,580,100099,680,100826,100,100019,100,100932,100,100014,100,100975,100,100004,100,100984,100,99988,100,101475,100,99974,100,101491,100,99971,100,101761,100,99968,100,101809,100,99950,100,,,99941,100
2019-06-28 09:39:20.000000000,100357,340,100099,440,100826,340,100019,340,100932,100,100014,100,100975,100,100004,100,100984,100,99988,100,101475,100,99974,100,101491,100,99971,100,101761,100,99968,100,101809,100,99950,100,,,99941,100
2019-06-28 09:39:24.227439590,100357,240,100099,440,100826,340,100019,340,100932,100,100014,100,100975,100,100004,100,100984,100,99988,100,101475,100,99974,100,101491,100,99971,100,101761,100,99968,100,101809,100,99950,100,,,99941,100
2019-06-28 09:39:29.127645686,100357,140,100099,440,100826,340,100019,340,100932,100,100014,100,100975,100,100004,100,100984,100,99988,100,101475,100,99974,100,101491,100,99971,100,101761,100,99968,100,101809,100,99950,100,,,99941,100
2019-06-28 09:39:30.000000000,100826,196,100099,296,100932,196,100019,196,100975,196,100014,196,100984,196,100004,196,101475,196,99988,196,101491,100,99974,100,101761,100,99971,100,101809,100,99968,100,,,99950,100,,,99941,100
2019-06-28 09:39:40.000000000,100826,340,100099,440,100932,340,100019,340,100975,100,100014,100,100984,100,100004,100,101475,100,99988,100,101491,100,99974,100,101761,100,99971,100,101809,100,99968,100,,,99950,100,,,99941,100
2019-06-28 09:39:43.896284437,100826,240,100099,440,100932,340,100019,340,100975,100,100014,100,100984,100,100004,100,101475,100,99988,100,101491,100,99974,100,101761,100,99971,100,101809,100,99968,100,,,99950,100,,,99941,100
2019-06-28 09:39:48.631767049,100826,140,100099,440,100932,340,100019,340,100975,100,100014,100,100984,100,100004,100,101475,100,99988,100,101491,100,99974,100,101761,100,99971,100,101809,100,99968,100,,,99950,100,,,99941,100
2019-06-28 09:39:50.000000000,100932,580,100099,680,100975,100,100019,100,100984,100,100014,100,101475,100,100004,100,101491,100,99988,100,101761,100,99974,100,101809,100,99971,100,,,99968,100,,,99950,100,,,99941,100
2019-06-28 09:39:52.769597364,100932,480,100099,680,100975,100,100019,100,100984,100,100014,100,101475,100,100004,100,101491,100,99988,100,101761,100,99974,100,101809,100,99971,100,,,99968,100,,,99950,100,,,99941,100
2019-06-28 09:39:59.212135930,100932,480,100099,680,100975,100,100019,100,100984,100,100014,100,101475,100,100004,100,101491,100,99988,100,101544,100,99974,100,101761,100,99971,100,101809,100,99968,100,,,99950,100,,,99941,100
2019-06-28 09:40:00.000000000,100975,196,100099,296,100984,196,100019,196,101475,196,100014,196,101491,196,100004,196,101544,196,99988,196,101761,100,99974,100,101809,100,99971,100,,,99968,100,,,99950,100,,,99941,100
2019-06-28 09:40:05.027876575,100975,196,100099,296,100984,196,100019,196,101170,100,100014,196,101475,196,100004,196,101491,196,99988,196,101544,196,99974,100,101761,100,99971,100,101809,100,99968,100,,,99950,100,,,99941,100
2019-06-28 09:40:10.000000000,100975,196,100099,296,100984,196,100019,196,101170,196,100014,196,101475,196,100004,196,101491,196,99988,196,101544,100,99974,100,101761,100,99971,100,101809,100,99968,100,,,99950,100,,,99941,100
2019-06-28 09:40:12.089977405,100975,196,100099,296,100984,196,100019,196,101170,196,100014,196,101226,100,100004,196,101475,196,99988,196,101491,196,99974,100,101544,100,99971,100,101761,100,99968,100,101809,100,99950,100,,,99941,100
2019-06-28 09:40:20.000000000,100975,340,100099,440,100984,340,100019,340,101170,100,100014,100,101226,100,100004,100,101475,100,99988,100,101491,100,99974,100,101544,100,99971,100,101761,100,99968,100,101809,100,99950,100,,,99941,100
2019-06-28 09:40:27.090950916,100975,240,100099,440,100984,340,100019,340,101170,100,100014,100,101226,100,100004,100,101475,100,99988,100,101491,100,99974,100,101544,100,99971,100,101761,100,99968,100,101809,100,99950,100,,,99941,100
2019-06-28 09:40:30.000000000,100984,196,100099,296,101170,196,100019,196,101226,196,100014,196,101475,196,100004,196,101491,196,99988,196,101544,100,99974,100,101761,100,99971,100,101809,100,99968,100,,,99950,100,,,99941,100
2019-06-28 09:40:36.069525992,100984,196,100099,296,101170,196,100019,196,101226,196,100014,196,101475,196,100004,196,101491,196,99988,196,101528,100,99974,100,101544,100,99971,100,101761,100,99968,100,101809,100,99950,100,,,99941,100
2019-06-28 09:40:40.000000000,100984,196,100099,296,101170,196,100019,196,101226,196,100014,196,101475,196,100004,196,101491,196,99988,196,101528,100,99974,100,101544,100,99971,100,101761,100,99968,100,101809,100,99950,100,,,99941,100
2019-06-28 09:40:50.000000000,100984,580,100099,680,101170,100,100019,100,101226,100,100014,100,101475,100,100004,100,101491,100,99988,100,101528,100,99974,100,101544,100,99971,100,101761,100,99968,100,101809,100,99950,100,,,99941,100
2019-06-28 09:40:58.577168376,100984,580,100975,100,101170,100,100099,680,101226,100,100019,100,101475,100,100014,100,101491,100,100004,100,101528,100,99988,100,101544,100,99974,100,101761,100,99971,100,101809,100,99968,100,,,99950,100
2019-06-28 09:41:00.000000000,100984,340,100975,340,101170,340,100099,440,101226,100,100019,100,101475,100,100014,100,101491,100,100004,100,101528,100,99988,100,101544,100,99974,100,101761,100,99971,100,101809,100,99968,100,,,99950,100
2019-06-28 09:41:00.969669534,100984,240,100975,340,101170,340,100099,440,101226,100,100019,100,101475,100,100014,100,101491,100,100004,100,101528,100,99988,100,101544,100,99974,100,101761,100,99971,100,101809,100,99950,100,,,99941,100
2019-06-28 09:41:07.762758218,100984,240,100975,340,101170,340,100099,440,101226,100,100019,100,101242,100,100014,100,101475,100,100004,100,101491,100,99988,100,101528,100,99974,100,101544,100,99971,100,101761,100,99950,100,101809,100,99941,100
2019-06-28 09:41:10.000000000,101170,263,100975,263,101226,258,100099,358,101242,258,100019,258,101475,100,100014,100,101491,100,100004,100,101528,100,99988,100,101544,100,99974,100,101761,100,99971,100,101809,100,99950,100,,,99941,100
2019-06-28 09:41:20.000000000,101170,580,100975,580,101226,100,100099,200,101242,100,100019,100,101475,100,100014,100,101491,100,100004,100,101528,100,99988,100,101544,100,99974,100,101761,100,99971,100,101809,100,99950,100,,,99941,100
2019-06-28 09:41:30.000000000,101170,580,100975,580,101226,100,100099,200,101242,100,100019,100,101475,100,100014,100,101491,100,100004,100,101528,100,99988,100,101544,100,99974,100,101761,100,99971,100,101809,100,99950,100,,,99941,100
2019-06-28 09:41:38.906454812,101170,580,101043,100,101226,100,100975,580,101242,100,100099,200,101475,100,100019,100,101491,100,100014,100,101528,100,100004,100,101544,100,99988,100,101761,100,99974,100,101809,100,99971,100,,,99950,100
2019-06-28 09:41:40.000000000,101170,580,101043,580,101226,100,100975,100,101242,100,100099,200,101475,100,100019,100,101491,100,100014,100,101528,100,100004,100,101544,100,99988,100,101761,100,99974,100,101809,100,99971,100,,,99950,100
2019-06-28 09:41:50.000000000,101170,340,101043,340,101226,340,100975,340,101242,100,100099,200,101475,100,100019,100,101491,100,100014,100,101528,100,100004,100,101544,100,99988,100,101761,100,99974,100,101809,100,99971,100,,,99950,100
2019-06-28 09:41:55.398858831,101170,340,101043,240,101226,340,100975,340,101242,100,100099,200,101475,100,100019,100,101491,100,100014,100,101528,100,100004,100,101544,100,99988,100,101761,100,99974,100,101809,100,99971,100,,,99950,100
2019-06-28 09:42:00.000000000,101170,196,100975,196,101226,196,100099,296,101242,196,100019,196,101475,196,100014,196,101491,196,100004,196,101528,100,99988,100,101544,100,99974,100,101761,100,99971,100,101809,100,99950,100,,,99941,100
2019-06-28 09:42:10.000000000,101170,340,100975,340,101226,340,100099,440,101242,100,100019,100,101475,100,100014,100,101491,100,100004,100,101528,100,99988,100,101544,100,99974,100,101761,100,99971,100,101809,100,99950,100,,,99941,100
2019-06-28 09:42:12.251666098,101096,100,100975,340,101170,340,100099,440,101226,340,100019,100,101242,100,100014,100,101475,100,100004,100,101491,100,99988,100,101528,100,99974,100,101544,100,99971,100,101761,100,99950,100,,,99941,100
2019-06-28 09:42:20.000000000,101096,220,100975,220,101170,220,100099,320,101226,220,100019,220,101242,220,100014,220,101475,100,100004,100,101491,100,99988,100,101528,100,99974,100,101544,100,99971,100,101761,100,99950,100,,,99941,100
2019-06-28 09:42:27.606871842,101096,220,100975,120,101170,220,100099,320,101226,220,100019,220,101242,220,100014,220,101475,100,100004,100,101491,100,99988,100,101528,100,99974,100,101544,100,99971,100,101761,100,99950,100,,,99941,100
2019-06-28 09:42:30.000000000,101096,340,100099,440,101170,340,100019,340,101226,100,100014,100,101242,100,100004,100,101475,100,99988,100,101491,100,99974,100,101528,100,99971,100,101544,100,99950,100,101761,100,99941,100,,,99938,100
2019-06-28 09:42:38.664125338,101043,100,100099,440,101096,340,100019,340,101170,340,100014,100,101226,100,100004,100,101242,100,99988,100,101475,100,99974,100,101491,100,99971,100,101528,100,99950,100,101544,100,99941,100,101761,100,99938,100
2019-06-28 09:42:40.000000000,101043,196,100099,296,101096,196,100019,196,101170,196,100014,196,101226,196,100004,196,101242,196,99988,196,101475,100,99974,100,101491,100,99971,100,101528,100,99950,100,101544,100,99941,100,101761,100,99938,100
2019-06-28 09:42:50.000000000,101043,263,100099,363,101096,258,100019,258,101170,258,100014,258,101226,100,100004,100,101242,100,99988,100,101475,100,99974,100,101491,100,99971,100,101528,100,99950,100,101544,100,99941,100,101761,100,99938,100
2019-06-28 09:43:00.000000000,101043,263,100099,363,101096,258,100019,258,101170,258,100014,258,101226,100,100004,100,101242,100,99988,100,101475,100,99974,100,101491,100,99971,100,101528,100,99950,100,101544,100,99941,100,101761,100,99938,100
2019-06-28 09:43:10.000000000,101043,263,100099,363,101096,258,100019,258,101170,258,100014,258,101226,100,100004,100,101242,100,99988,100,101475,100,99974,100,101491,100,99971,100,101528,100,99950,100,101544,100,99941,100,101761,100,99938,100
2019-06-28 09:43:19.674001363,101043,263,100099,363,101096,258,100019,258,101170,258,100014,258,101226,100,100004,100,101242,100,99988,100,101371,100,99974,100,101475,100,99971,100,101491,100,99950,100,101528,100,99941,100,101544,100,99938,100
2019-06-28 09:43:20.000000000,101043,220,100099,320,101096,220,100019,220,101170,220,100014,220,101226,220,100004,220,101242,100,99988,100,101371,100,99974,100,101475,100,99971,100,101491,100,99950,100,101528,100,99941,100,101544,100,99938,100
2019-06-28 09:43:30.000000000,101043,220,100099,320,101096,220,100019,220,101170,220,100014,220,101226,220,100004,220,101242,100,99988,100,101371,100,99974,100,101475,100,99971,100,101491,100,99950,100,101528,100,99941,100,101544,100,99938,100
2019-06-28 09:43:39.882169283,100724,100,100099,320,101043,220,100019,220,101096,220,100014,220,101170,220,100004,220,101226,220,99988,100,101242,100,99974,100,101371,100,99971,100,101475,100,99950,100,101491,100,99941,100,101528,100,99938,100
2019-06-28 09:43:40.000000000,100724,340,100099,440,101043,340,100019,340,101096,100,100014,100,101170,100,100004,100,101226,100,99988,100,101242,100,99974,100,101371,100,99971,100,101475,100,99950,100,101491,100,99941,100,101528,100,99938,100
2019-06-28 09:43:50.000000000,100724,580,100099,680,101043,100,100019,100,101096,100,100014,100,101170,100,100004,100,101226,100,99988,100,101242,100,99974,100,101371,100,99971,100,101475,100,99950,100,101491,100,99941,100,101528,100,99938,100
2019-06-28 09:44:00.000000000,100724,580,100099,680,101043,100,100019,100,101096,100,100014,100,101170,100,100004,100,101226,100,99988,100,101242,100,99974,100,101371,100,99971,100,101475,100,99950,100,101491,100,99941,100,101528,100,99938,100
2019-06-28 09:44:00.754276336,100694,100,100099,680,100724,580,100019,100,101043,100,100014,100,101096,100,100004,100,101170,100,99988,100,101226,100,99974,100,101242,100,99971,100,101371,100,99950,100,101475,100,99941,100,101491,100,99938,100
2019-06-28 09:44:08.077506171,100694,100,100329,100,100724,580,100099,680,101043,100,100019,100,101096,100,100014,100,101170,100,100004,100,101226,100,99988,100,101242,100,99974,100,101371,100,99971,100,101475,100,99950,100,101491,100,99941,100
2019-06-28 09:44:10.000000000,100694,263,100329,263,100724,258,100099,358,101043,258,100019,258,101096,100,100014,100,101170,100,100004,100,101226,100,99988,100,101242,100,99974,100,101371,100,99971,100,101475,100,99950,100,101491,100,99941,100
2019-06-28 09:44:10.532804835,100694,263,100463,100,100724,258,100329,263,101043,258,100099,358,101096,100,100019,258,101170,100,100014,100,101226,100,100004,100,101242,100,99988,100,101371,100,99974,100,101475,100,99971,100,101491,100,99950,100
2019-06-28 09:44:18.020493993,100694,263,100561,100,100724,258,100463,100,101043,258,100329,263,101096,100,100099,358,101170,100,100019,258,101226,100,100014,100,101242,100,100004,100,101371,100,99988,100,101475,100,99974,100,101491,100,99971,100
2019-06-28 09:44:20.000000000,100694,196,100561,196,100724,196,100463,196,101043,196,100329,196,101096,196,100099,296,101170,196,100019,196,101226,100,100014,100,101242,100,100004,100,101371,100,99988,100,101475,100,99974,100,101491,100,99971,100
2019-06-28 09:44:24.420461514,100694,196,100561,196,100724,196,100463,196,100802,100,100329,196,101043,196,100099,296,101096,196,100019,196,101170,196,100014,100,101226,100,100004,100,101242,100,99988,100,101371,100,99974,100,101475,100,99971,100
2019-06-28 09:44:30.000000000,100694,220,100561,220,100724,220,100463,220,100802,220,100329,220,101043,220,100099,320,101096,100,100019,100,101170,100,100014,100,101226,100,100004,100,101242,100,99988,100,101371,100,99974,100,101475,100,99971,100
2019-06-28 09:44:30.417009844,100694,220,100561,220,100724,220,100463,220,100802,220,100329,220,101043,220,100099,220,101096,100,100019,100,101170,100,100014,100,101226,100,100004,100,101242,100,99988,100,101371,100,99974,100,101475,100,99971,100
2019-06-28 09:44:39.078412291,100694,220,100561,220,100724,220,100463,220,100802,220,100329,220,101043,320,100099,220,101096,100,100014,100,101170,100,100004,100,101226,100,99988,100,101242,100,99974,100,101371,100,99971,100,101475,100,99950,100
2019-06-28 09:44:40.000000000,100694,580,100561,580,100724,100,100463,100,100802,100,100329,100,101043,200,100099,100,101096,100,100014,100,101170,100,100004,100,101226,100,99988,100,101242,100,99974,100,101371,100,99971,100,101475,100,99950,100
2019-06-28 09:44:40.974255907,100694,580,100561,580,100724,100,100463,100,100802,100,100329,100,101043,200,100099,100,101096,100,100014,100,101170,100,100004,100,101226,100,99974,100,101242,100,99971,100,101371,100,99950,100,101475,100,99941,100
2019-06-28 09:44:50.000000000,100694,220,100561,220,100724,220,100463,220,100802,220,100329,220,101043,320,100099,220,101096,100,100014,100,101170,100,100004,100,101226,100,99974,100,101242,100,99971,100,101371,100,99950,100,101475,100,99941,100
2019-06-28 09:45:00.000000000,100694,263,100561,263,100724,258,100463,258,100802,258,100329,258,101043,200,100099,100,101096,100,100014,100,101170,100,100004,100,101226,100,99974,100,101242,100,99971,100,101371,100,99950,100,101475,100,99941,100
2019-06-28 09:45:10.000000000,100694,580,100561,580,100724,100,100463,100,100802,100,100329,100,101043,200,100099,100,101096,100,100014,100,101170,100,100004,100,101226,100,99974,100,101242,100,99971,100,101371,100,99950,100,101475,100,99941,100
2019-06-28 09:45:13.410987924,100694,580,100561,580,100724,100,100463,100,100802,100,100329,100,101043,300,100014,100,101096,100,100004,100,101170,100,99974,100,101226,100,99971,100,101242,100,99950,100,101371,100,99941,100,101475,100,99938,100
2019-06-28 09:45:20.000000000,100694,196,100561,196,100724,196,100463,196,100802,196,100329,196,101043,396,100014,196,101096,196,100004,196,101170,100,99974,100,101226,100,99971,100,101242,100,99950,100,101371,100,99941,100,101475,100,99938,100
2019-06-28 09:45:30.000000000,100694,196,100561,196,100724,196,100463,196,100802,196,100329,196,101043,396,100014,196,101096,196,100004,196,101170,100,99974,100,101226,100,99971,100,101242,100,99950,100,101371,100,99941,100,101475,100,99938,100
2019-06-28 09:45:40.000000000,100694,340,100561,340,100724,340,100463,340,100802,100,100329,100,101043,300,100014,100,101096,100,100004,100,101170,100,99974,100,101226,100,99971,100,101242,100,99950,100,101371,100,99941,100,101475,100,99938,100
2019-06-28 09:45:43.392133267,100694,340,100561,240,100724,340,100463,340,100802,100,100329,100,101043,300,100014,100,101096,100,100004,100,101170,100,99974,100,101226,100,99971,100,101242,100,99950,100,101371,100,99941,100,101475,100,99938,100
2019-06-28 09:45:50.000000000,100694,340,100463,340,100724,340,100329,340,100802,100,100014,100,101043,300,100004,100,101096,100,99974,100,101170,100,99971,100,101226,100,99950,100,101242,100,99941,100,101371,100,99938,100,101475,100,99937,100
2019-06-28 09:46:00.000000000,100694,196,100463,196,100724,196,100329,196,100802,196,100014,196,101043,396,100004,196,101096,196,99974,196,101170,100,99971,100,101226,100,99950,100,101242,100,99941,100,101371,100,99938,100,101475,100,99937,100
2019-06-28 09:46:10.000000000,100694,196,100463,196,100724,196,100329,196,100802,196,100014,196,101043,396,100004,196,101096,196,99974,196,101170,100,99971,100,101226,100,99950,100,101242,100,99941,100,101371,100,99938,100,101475,100,99937,100
2019-06-28 09:46:14.145137774,100694,196,100463,96,100724,196,100329,196,100802,196,100014,196,101043,396,100004,196,101096,196,99974,196,101170,100,99971,100,101226,100,99950,100,101242,100,99941,100,101371,100,99938,100,101475,100,99937,100
2019-06-28 09:46:15.389329231,100463,4,100329,196,100694,196,100014,196,100724,196,100004,196,100802,196,99974,196,101043,396,99971,100,101096,196,99950,100,101170,100,99941,100,101242,100,99938,100,101371,100,99937,100,101475,100,99925,100
2019-06-28 09:46:20.000000000,100463,484,100329,580,100694,100,100014,100,100724,100,100004,100,100802,100,99974,100,101043,300,99971,100,101096,100,99950,100,101170,100,99941,100,101242,100,99938,100,101371,100,99937,100,101475,100,99925,100
2019-06-28 09:46:23.108425052,100463,584,100329,580,100694,100,100014,100,100724,100,100004,100,100802,100,99974,100,101043,300,99971,100,101096,100,99950,100,101170,100,99941,100,101242,100,99938,100,101371,100,99937,100,101475,100,99925,100
2019-06-28 09:46:30.000000000,100463,224,100329,220,100694,220,100014,220,100724,220,100004,220,100802,220,99974,220,101043,300,99971,100,101096,100,99950,100,101170,100,99941,100,101242,100,99938,100,101371,100,99937,100,101475,100,99925,100
2019-06-28 09:46:32.178312953,100463,324,100329,220,100694,220,100014,220,100724,220,100004,220,100802,220,99974,220,101043,300,99971,100,101096,100,99950,100,101170,100,99941,100,101242,100,99938,100,101371,100,99937,100,101475,100,99925,100
2019-06-28 09:46:40.000000000,100463,300,100329,196,100694,196,100014,196,100724,196,100004,196,100802,196,99974,196,101043,396,99971,196,101096,100,99950,100,101170,100,99941,100,101242,100,99938,100,101371,100,99937,100,101475,100,99925,100
2019-06-28 09:46:45.162197182,100393,100,100329,196,100463,300,100014,196,100694,196,100004,196,100724,196,99974,196,100802,196,99971,196,101043,396,99950,100,101096,100,99941,100,101170,100,99938,100,101242,100,99937,100,101475,100,99925,100
2019-06-28 09:46:50.000000000,100393,340,100329,340,100463,444,100014,340,100694,100,100004,100,100724,100,99974,100,100802,100,99971,100,101043,300,99950,100,101096,100,99941,100,101170,100,99938,100,101242,100,99937,100,101475,100,99925,100
2019-06-28 09:47:00.000000000,100393,196,100329,196,100463,300,100014,196,100694,196,100004,196,100724,196,99974,196,100802,196,99971,196,101043,300,99950,100,101096,100,99941,100,101170,100,99938,100,101242,100,99937,100,101475,100,99925,100
2019-06-28 09:47:00.421484134,100393,96,100329,196,100463,300,100014,196,100694,196,100004,196,100724,196,99974,196,100802,196,99971,196,101043,300,99950,100,101096,100,99941,100,101170,100,99938,100,101242,100,99937,100,101475,100,99925,100
2019-06-28 09:47:05.817449567,100393,96,100329,196,100463,300,100304,100,100694,196,100014,196,100724,196,100004,196,100802,196,99974,196,101043,300,99971,196,101096,100,99950,100,101170,100,99941,100,101242,100,99938,100,101475,100,99925,100
2019-06-28 09:47:10.000000000,100463,444,100329,340,100694,340,100304,340,100724,100,100014,100,100802,100,100004,100,101043,300,99974,100,101096,100,99971,100,101170,100,99950,100,101242,100,99941,100,101475,100,99938,100,101491,100,99925,100
2019-06-28 09:47:20.000000000,100463,300,100329,196,100694,196,100304,196,100724,196,100014,196,100802,196,100004,196,101043,396,99974,196,101096,100,99971,100,101170,100,99950,100,101242,100,99941,100,101475,100,99938,100,101491,100,99925,100
2019-06-28 09:47:30.000000000,100463,367,100329,263,100694,258,100304,258,100724,258,100014,258,100802,100,100004,100,101043,300,99974,100,101096,100,99971,100,101170,100,99950,100,101242,100,99941,100,101475,100,99938,100,101491,100,99925,100
2019-06-28 09:47:37.097334514,100415,100,100329,263,100463,367,100304,258,100694,258,100014,258,100724,258,100004,100,100802,100,99974,100,101043,300,99971,100,101096,100,99950,100,101170,100,99941,100,101242,100,99938,100,101475,100,99925,100
2019-06-28 09:47:40.000000000,100415,196,100329,196,100463,300,100304,196,100694,196,100014,196,100724,196,100004,196,100802,196,99974,196,101043,300,99971,100,101096,100,99950,100,101170,100,99941,100,101242,100,99938,100,101475,100,99925,100
2019-06-28 09:47:44.351784777,100415,196,100392,100,100463,300,100329,196,100694,196,100304,196,100724,196,100014,196,100802,196,100004,196,101043,300,99974,196,101096,100,99971,100,101170,100,99950,100,101242,100,99941,100,101475,100,99938,100
2019-06-28 09:47:47.335824416,100415,196,100392,100,100463,300,100329,196,100694,196,100304,196,100724,196,100104,100,100802,196,100014,196,101043,300,100004,196,101096,100,99974,196,101170,100,99971,100,101242,100,99950,100,101475,100,99941,100
2019-06-28 09:47:50.000000000,100415,340,100392,340,100463,444,100329,340,100694,100,100304,100,100724,100,100104,100,100802,100,100014,100,101043,300,100004,100,101096,100,99974,100,101170,100,99971,100,101242,100,99950,100,101475,100,99941,100
2019-06-28 09:48:00.000000000,100415,580,100392,580,100463,204,100329,100,100694,100,100304,100,100724,100,100104,100,100802,100,100014,100,101043,300,100004,100,101096,100,99974,100,101170,100,99971,100,101242,100,99950,100,101475,100,99941,100
2019-06-28 09:48:02.393089750,100415,580,100392,580,100463,204,100329,100,100694,100,100304,100,100724,100,100104,100,100802,100,100100,100,101043,300,100014,100,101096,100,100004,100,101170,100,99974,100,101242,100,99971,100,101475,100,99950,100
2019-06-28 09:48:10.000000000,100415,580,100392,580,100463,204,100329,100,100694,100,100304,100,100724,100,100104,100,100802,100,100100,100,101043,300,100014,100,101096,100,100004,100,101170,100,99974,100,101242,100,99971,100,101475,100,99950,100
2019-06-28 09:48:20.000000000,100415,340,100392,340,100463,444,100329,340,100694,100,100304,100,100724,100,100104,100,100802,100,100100,100,101043,300,100014,100,101096,100,100004,100,101170,100,99974,100,101242,100,99971,100,101475,100,99950,100
2019-06-28 09:48:30.000000000,100415,196,100392,196,100463,300,100329,196,100694,196,100304,196,100724,196,100104,196,100802,196,100100,196,101043,300,100014,100,101096,100,100004,100,101170,100,99974,100,101242,100,99971,100,101475,100,99950,100
2019-06-28 09:48:32.675349875,100415,96,100392,196,100463,300,100329,196,100694,196,100304,196,100724,196,100104,196,100802,196,100100,196,101043,300,100014,100,101096,100,100004,100,101170,100,99974,100,101242,100,99971,100,101475,100,99950,100
2019-06-28 09:48:34.542375018,100415,96,100392,96,100463,300,100329,196,100694,196,100304,196,100724,196,100104,196,100802,196,100100,196,101043,300,100014,100,101096,100,100004,100,101170,100,99974,100,101242,100,99971,100,101475,100,99950,100
2019-06-28 09:48:40.000000000,100463,300,100329,196,100694,196,100304,196,100724,196,100104,196,100802,196,100100,196,101043,396,100014,196,101096,100,100004,100,101170,100,99974,100,101242,100,99971,100,101475,100,99950,100,101491,100,99941,100
2019-06-28 09:48:44.256132879,100463,300,100329,96,100694,196,100304,196,100724,196,100104,196,100802,196,100100,196,101043,396,100014,196,101096,100,100004,100,101170,100,99974,100,101242,100,99950,100,101475,100,99941,100,101491,100,99938,100
2019-06-28 09:48:50.000000000,100463,324,100304,220,100694,220,100104,220,100724,220,100100,220,100802,220,100014,220,101043,300,100004,100,101096,100,99974,100,101170,100,99950,100,101242,100,99941,100,101475,100,99938,100,101491,100,99925,100
2019-06-28 09:49:00.000000000,100463,444,100304,340,100694,340,100104,340,100724,100,100100,100,100802,100,100014,100,101043,300,100004,100,101096,100,99974,100,101170,100,99950,100,101242,100,99941,100,101475,100,99938,100,101491,100,99925,100
2019-06-28 09:49:10.000000000,100463,444,100304,340,100694,340,100104,340,100724,100,100100,100,100802,100,100014,100,101043,300,100004,100,101096,100,99974,100,101170,100,99950,100,101242,100,99941,100,101475,100,99938,100,101491,100,99925,100
2019-06-28 09:49:14.046104033,100463,444,100304,240,100694,340,100104,340,100724,100,100100,100,100802,100,100014,100,101043,300,100004,100,101096,100,99974,100,101170,100,99950,100,101242,100,99941,100,101475,100,99938,100,101491,100,99925,100
2019-06-28 09:49:14.116697675,100463,444,100304,240,100694,340,100210,100,100724,100,100104,340,100802,100,100100,100,101043,300,100014,100,101096,100,100004,100,101170,100,99974,100,101242,100,99950,100,101475,100,99941,100,101491,100,99938,100
2019-06-28 09:49:20.000000000,100463,367,100210,263,100694,258,100104,258,100724,258,100100,258,100802,100,100014,100,101043,300,100004,100,101096,100,99974,100,101170,100,99950,100,101242,100,99941,100,101475,100,99938,100,101491,100,99925,100
2019-06-28 09:49:21.361689711,100463,367,100210,163,100694,258,100104,258,100724,258,100100,258,100802,100,100014,100,101043,300,100004,100,101096,100,99974,100,101170,100,99950,100,101242,100,99941,100,101475,100,99938,100,101491,100,99925,100
2019-06-28 09:49:28.227294416,100232,100,100210,163,100463,367,100104,258,100694,258,100100,258,100724,258,100014,100,100802,100,100004,100,101043,300,99974,100,101096,100,99950,100,101170,100,99941,100,101242,100,99938,100,101475,100,99925,100
2019-06-28 09:49:30.000000000,100232,263,100104,263,100463,362,100100,258,100694,258,100014,258,100724,100,100004,100,100802,100,99974,100,101043,300,99950,100,101096,100,99941,100,101170,100,99938,100,101242,100,99925,100,101475,100,99921,100
2019-06-28 09:49:40.000000000,100232,196,100104,196,100463,300,100100,196,100694,196,100014,196,100724,196,100004,196,100802,196,99974,196,101043,300,99950,100,101096,100,99941,100,101170,100,99938,100,101242,100,99925,100,101475,100,99921,100
2019-06-28 09:49:50.000000000,100232,263,100104,263,100463,362,100100,258,100694,258,100014,258,100724,100,100004,100,100802,100,99974,100,101043,300,99950,100,101096,100,99941,100,101170,100,99938,100,101242,100,99925,100,101475,100,99921,100
2019-06-28 09:49:50.293763415,100232,263,100104,263,100304,100,100100,258,100463,362,100014,258,100694,258,100004,100,100724,100,99974,100,100802,100,99950,100,101043,300,99941,100,101096,100,99938,100,101170,100,99925,100,101242,100,99921,100
2019-06-28 09:49:52.966575200,100232,263,100104,263,100304,100,100100,258,100463,362,100014,258,100694,258,100004,100,100724,100,99974,100,100802,100,99950,100,101043,300,99941,100,101096,100,99938,100,101170,100,99925,100,101242,100,99921,100
2019-06-28 09:49:59.773811822,100232,263,100104,263,100304,100,100100,258,100463,362,100014,258,100694,258,100004,100,100724,100,99974,100,100802,100,99950,100,101043,300,99943,100,101096,100,99941,100,101170,100,99938,100,101242,100,99925,100
2019-06-28 09:50:00.000000000,100232,196,100104,196,100304,196,100100,196,100463,300,100014,196,100694,196,100004,196,100724,196,99974,196,100802,100,99950,100,101043,300,99943,100,101096,100,99941,100,101170,100,99938,100,101242,100,99925,100
2019-06-28 09:50:10.000000000,100232,580,100104,580,100304,100,100100,100,100463,204,100014,100,100694,100,100004,100,100724,100,99974,100,100802,100,99950,100,101043,300,99943,100,101096,100,99941,100,101170,100,99938,100,101242,100,99925,100
2019-06-28 09:50:13.944057094,100232,580,100104,580,100304,200,100100,100,100463,204,100014,100,100694,100,100004,100,100724,100,99950,100,100802,100,99943,100,101043,300,99941,100,101096,100,99938,100,101170,100,99925,100,101242,100,99921,100
2019-06-28 09:50:17.871627006,100232,580,100104,580,100304,200,100100,100,100463,204,100014,100,100694,100,100004,100,100724,100,99950,100,100802,100,99943,100,101043,300,99941,100,101096,100,99938,100,101170,100,99925,100,101242,100,99921,100
2019-06-28 09:50:20.000000000,100232,263,100104,263,100304,358,100100,258,100463,362,100014,258,100694,100,100004,100,100724,100,99950,100,100802,100,99943,100,101043,300,99941,100,101096,100,99938,100,101170,100,99925,100,101242,100,99921,100
2019-06-28 09:50:24.536913263,100232,263,100104,163,100304,358,100100,258,100463,362,100014,258,100694,100,100004,100,100724,100,99950,100,100802,100,99943,100,101043,300,99941,100,101096,100,99938,100,101170,100,99925,100,101242,100,99921,100
2019-06-28 09:50:30.000000000,100232,196,100100,196,100304,296,100014,196,100463,300,100004,196,100694,196,99950,196,100724,196,99943,196,100802,100,99941,100,101043,300,99938,100,101096,100,99925,100,101170,100,99921,100,101242,100,99917,100
2019-06-28 09:50:40.000000000,100232,196,100100,196,100304,296,100014,196,100463,300,100004,196,100694,196,99950,196,100724,196,99943,196,100802,100,99941,100,101043,300,99938,100,101096,100,99925,100,101170,100,99921,100,101242,100,99917,100
2019-06-28 09:50:50.000000000,100232,340,100100,340,100304,440,100014,340,100463,204,100004,100,100694,100,99950,100,100724,100,99943,100,100802,100,99941,100,101043,300,99938,100,101096,100,99925,100,101170,100,99921,100,101242,100,99917,100
2019-06-28 09:51:00.000000000,100232,340,100100,340,100304,440,100014,340,100463,204,100004,100,100694,100,99950,100,100724,100,99943,100,100802,100,99941,100,101043,300,99938,100,101096,100,99925,100,101170,100,99921,100,101242,100,99917,100
2019-06-28 09:51:10.000000000,100232,220,100100,220,100304,320,100014,220,100463,324,100004,220,100694,220,99950,220,100724,100,99943,100,100802,100,99941,100,101043,300,99938,100,101096,100,99925,100,101170,100,99921,100,101242,100,99917,100
2019-06-28 09:51:20.000000000,100232,580,100100,580,100304,200,100014,100,100463,204,100004,100,100694,100,99950,100,100724,100,99943,100,100802,100,99941,100,101043,300,99938,100,101096,100,99925,100,101170,100,99921,100,101242,100,99917,100
2019-06-28 09:51:27.611161412,100131,100,100100,580,100232,580,100014,100,100304,200,100004,100,100463,204,99950,100,100694,100,99943,100,100724,100,99941,100,100802,100,99938,100,101043,300,99925,100,101096,100,99921,100,101170,100,99916,100
2019-06-28 09:51:30.000000000,100131,580,100100,580,100232,100,100014,100,100304,200,100004,100,100463,204,99950,100,100694,100,99943,100,100724,100,99941,100,100802,100,99938,100,101043,300,99925,100,101096,100,99921,100,101170,100,99916,100
2019-06-28 09:51:32.003237966,100131,580,100100,580,100232,100,100014,100,100304,200,100004,100,100463,204,99943,100,100518,100,99941,100,100694,100,99938,100,100724,100,99925,100,100802,100,99921,100,101043,300,99916,100,101096,100,99905,100
2019-06-28 09:51:40.000000000,100131,196,100100,196,100232,196,100014,196,100304,296,100004,196,100463,300,99943,196,100518,196,99941,196,100694,100,99938,100,100724,100,99925,100,100802,100,99921,100,101043,300,99916,100,101096,100,99905,100
2019-06-28 09:51:50.000000000,100131,263,100100,263,100232,258,100014,258,100304,358,100004,258,100463,204,99943,100,100518,100,99941,100,100694,100,99938,100,100724,100,99925,100,100802,100,99921,100,101043,300,99916,100,101096,100,99905,100
2019-06-28 09:51:52.337386229,100131,263,100100,263,100232,258,100014,258,100304,358,100004,258,100401,100,99941,100,100463,204,99938,100,100518,100,99925,100,100694,100,99921,100,100724,100,99916,100,100802,100,99905,100,101043,300,99871,100
2019-06-28 09:51:58.036013449,100131,263,100100,263,100232,258,100014,258,100304,358,100004,258,100401,100,99993,100,100463,204,99941,100,100518,100,99938,100,100694,100,99925,100,100724,100,99921,100,100802,100,99916,100,101043,300,99905,100
2019-06-28 09:52:00.000000000,100131,340,100100,340,100232,340,100014,340,100304,200,100004,100,100401,100,99993,100,100463,204,99941,100,100518,100,99938,100,100694,100,99925,100,100724,100,99921,100,100802,100,99916,100,101043,300,99905,100
2019-06-28 09:52:01.241486249,100131,340,100100,340,100232,340,100014,340,100234,100,100004,100,100304,200,99993,100,100401,100,99941,100,100463,204,99938,100,100518,100,99925,100,100694,100,99921,100,100724,100,99916,100,100802,100,99905,100
2019-06-28 09:52:04.437432343,100131,340,100100,340,100189,100,100014,340,100232,340,100004,100,100234,100,99993,100,100304,200,99941,100,100401,100,99938,100,100463,204,99925,100,100518,100,99921,100,100694,100,99916,100,100724,100,99905,100
2019-06-28 09:52:10.000000000,100131,220,100100,220,100189,220,100014,220,100232,220,100004,220,100234,220,99993,220,100304,200,99941,100,100401,100,99938,100,100463,204,99925,100,100518,100,99921,100,100694,100,99916,100,100724,100,99905,100
2019-06-28 09:52:14.053507534,100131,220,100123,100,100189,220,100100,220,100232,220,100014,220,100234,220,100004,220,100304,200,99993,220,100401,100,99941,100,100463,204,99938,100,100518,100,99925,100,100694,100,99921,100,100724,100,99916,100
2019-06-28 09:52:20.000000000,100131,580,100123,580,100189,100,100100,100,100232,100,100014,100,100234,100,100004,100,100304,200,99993,100,100401,100,99941,100,100463,204,99938,100,100518,100,99925,100,100694,100,99921,100,100724,100,99916,100
2019-06-28 09:52:27.272144741,100126,100,100123,580,100131,580,100100,100,100189,100,100014,100,100232,100,100004,100,100234,100,99993,100,100304,200,99941,100,100401,100,99938,100,100463,204,99925,100,100518,100,99921,100,100694,100,99916,100
2019-06-28 09:52:30.000000000,100126,340,100123,340,100131,340,100100,340,100189,100,100014,100,100232,100,100004,100,100234,100,99993,100,100304,200,99941,100,100401,100,99938,100,100463,204,99925,100,100518,100,99921,100,100694,100,99916,100
2019-06-28 09:52:40.000000000,100126,263,100123,263,100131,258,100100,258,100189,258,100014,258,100232,100,100004,100,100234,100,99993,100,100304,200,99941,100,100401,100,99938,100,100463,204,99925,100,100518,100,99921,100,100694,100,99916,100
2019-06-28 09:52:50.000000000,100126,220,100123,220,100131,220,100100,220,100189,220,100014,220,100232,220,100004,220,100234,100,99993,100,100304,200,99941,100,100401,100,99938,100,100463,204,99925,100,100518,100,99921,100,100694,100,99916,100
2019-06-28 09:53:00.000000000,100126,263,100123,263,100131,258,100100,258,100189,258,100014,258,100232,100,100004,100,100234,100,99993,100,100304,200,99941,100,100401,100,99938,100,100463,204,99925,100,100518,100,99921,100,100694,100,99916,100
2019-06-28 09:53:10.000000000,100126,580,100123,580,100131,100,100100,100,100189,100,100014,100,100232,100,100004,100,100234,100,99993,100,100304,200,99941,100,100401,100,99938,100,100463,204,99925,100,100518,100,99921,100,100694,100,99916,100
2019-06-28 09:53:20.000000000,100126,196,100123,196,100131,196,100100,196,100189,196,100014,196,100232,196,100004,196,100234,196,99993,196,100304,200,99941,100,100401,100,99938,100,100463,204,99925,100,100518,100,99921,100,100694,100,99916,100
2019-06-28 09:53:30.000000000,100126,220,100123,220,100131,220,100100,220,100189,220,100014,220,100232,220,100004,220,100234,100,99993,100,100304,200,99941,100,100401,100,99938,100,100463,204,99925,100,100518,100,99921,100,100694,100,99916,100
2019-06-28 09:53:34.905643659,100126,120,100123,220,100131,220,100100,220,100189,220,100014,220,100232,220,100004,220,100234,100,99993,100,100304,200,99941,100,100401,100,99938,100,100463,204,99925,100,100518,100,99921,100,100694,100,99916,100
2019-06-28 09:53:40.000000000,100131,263,100123,263,100189,258,100100,258,100232,258,100014,258,100234,100,100004,100,100304,200,99993,100,100401,100,99941,100,100463,204,99938,100,100518,100,99925,100,100694,100,99921,100,100724,100,99916,100
2019-06-28 09:53:50.000000000,100131,196,100123,196,100189,196,100100,196,100232,196,100014,196,100234,196,100004,196,100304,296,99993,196,100401,100,99941,100,100463,204,99938,100,100518,100,99925,100,100694,100,99921,100,100724,100,99916,100
2019-06-28 09:54:00.000000000,100131,196,100123,196,100189,196,100100,196,100232,196,100014,196,100234,196,100004,196,100304,296,99993,196,100401,100,99941,100,100463,204,99938,100,100518,100,99925,100,100694,100,99921,100,100724,100,99916,100
2019-06-28 09:54:07.433718033,100131,196,100123,196,100189,196,100100,196,100232,196,100014,196,100234,196,100004,196,100304,296,99993,196,100401,100,99941,100,100463,204,99938,100,100518,100,99925,100,100694,100,99921,100,100724,100,99916,100
2019-06-28 09:54:10.000000000,100131,263,100123,263,100189,258,100100,258,100232,258,100014,258,100234,100,100004,100,100304,200,99993,100,100401,100,99941,100,100463,204,99938,100,100518,100,99925,100,100694,100,99921,100,100724,100,99916,100
2019-06-28 09:54:11.086562210,100131,163,100123,263,100189,258,100100,258,100232,258,100014,258,100234,100,100004,100,100304,200,99993,100,100401,100,99941,100,100463,204,99938,100,100518,100,99925,100,100694,100,99921,100,100724,100,99916,100
2019-06-28 09:54:20.000000000,100189,196,100123,196,100232,196,100100,196,100234,196,100014,196,100304,296,100004,196,100401,196,99993,196,100463,204,99941,100,100518,100,99938,100,100694,100,99925,100,100724,100,99921,100,100802,100,99916,100
2019-06-28 09:54:20.077657963,100189,96,100123,196,100232,196,100100,196,100234,196,100014,196,100304,296,100004,196,100401,196,99993,196,100463,204,99941,100,100694,100,99938,100,100724,100,99925,100,100802,100,99921,100,101043,300,99916,100
2019-06-28 09:54:30.000000000,100232,263,100123,263,100234,258,100100,258,100304,358,100014,258,100401,100,100004,100,100463,204,99993,100,100694,100,99941,100,100724,100,99938,100,100802,100,99925,100,101043,300,99921,100,101096,100,99916,100
2019-06-28 09:54:34.709235426,100232,263,100131,100,100234,258,100123,263,100304,258,100100,258,100401,100,100014,258,100463,204,100004,100,100694,100,99993,100,100724,100,99941,100,100802,100,99938,100,101043,300,99925,100,101096,100,99921,100
2019-06-28 09:54:40.000000000,100232,263,100131,263,100234,258,100123,258,100304,258,100100,258,100401,100,100014,100,100463,204,100004,100,100694,100,99993,100,100724,100,99941,100,100802,100,99938,100,101043,300,99925,100,101096,100,99921,100
2019-06-28 09:54:46.402654420,100232,263,100131,363,100234,258,100123,258,100304,258,100100,258,100401,100,100014,100,100463,204,100004,100,100694,100,99993,100,100724,100,99941,100,100802,100,99938,100,101043,300,99925,100,101096,100,99921,100
2019-06-28 09:54:47.919518344,100232,263,100131,463,100234,258,100123,258,100304,258,100100,258,100401,100,100014,100,100463,204,100004,100,100694,100,99993,100,100724,100,99941,100,100802,100,99938,100,101043,200,99925,100,101096,100,99921,100
2019-06-28 09:54:50.000000000,100232,580,100131,780,100234,100,100123,100,100304,100,100100,100,100401,100,100014,100,100463,204,100004,100,100694,100,99993,100,100724,100,99941,100,100802,100,99938,100,101043,200,99925,100,101096,100,99921,100
2019-06-28 09:55:00.000000000,100232,580,100131,780,100234,100,100123,100,100304,100,100100,100,100401,100,100014,100,100463,204,100004,100,100694,100,99993,100,100724,100,99941,100,100802,100,99938,100,101043,200,99925,100,101096,100,99921,100
2019-06-28 09:55:00.047006587,100232,580,100131,780,100234,100,100123,100,100304,100,100100,100,100401,100,100014,100,100463,204,100004,100,100694,100,99993,100,100724,100,99941,100,100802,100,99938,100,101043,200,99925,100,101096,100,99921,100
2019-06-28 09:55:10.000000000,100232,196,100131,396,100234,196,100123,196,100304,196,100100,196,100401,196,100014,196,100463,300,100004,196,100694,100,99993,100,100724,100,99941,100,100802,100,99938,100,101043,200,99925,100,101096,100,99921,100
2019-06-28 09:55:20.000000000,100232,340,100131,540,100234,340,100123,340,100304,100,100100,100,100401,100,100014,100,100463,204,100004,100,100694,100,99993,100,100724,100,99941,100,100802,100,99938,100,101043,200,99925,100,101096,100,99921,100
2019-06-28 09:55:22.739322357,100232,240,100131,540,100234,340,100123,340,100304,100,100100,100,100401,100,100014,100,100463,204,100004,100,100694,100,99993,100,100724,100,99941,100,100802,100,99938,100,101043,200,99925,100,101096,100,99921,100
2019-06-28 09:55:30.000000000,100234,340,100131,540,100304,340,100123,340,100401,100,100100,100,100463,204,100014,100,100694,100,100004,100,100724,100,99993,100,100802,100,99941,100,101043,200,99938,100,101096,100,99925,100,101170,100,99921,100
2019-06-28 09:55:38.510738341,100234,240,100131,540,100304,340,100123,340,100401,100,100100,100,100463,204,100014,100,100694,100,100004,100,100724,100,99941,100,100802,100,99938,100,101043,200,99925,100,101096,100,99921,100,101170,100,99916,100
2019-06-28 09:55:40.000000000,100304,580,100131,780,100401,100,100123,100,100463,204,100100,100,100694,100,100014,100,100724,100,100004,100,100802,100,99941,100,101043,200,99938,100,101096,100,99925,100,101170,100,99921,100,101242,100,99916,100
2019-06-28 09:55:47.001288572,100304,480,100131,780,100401,100,100123,100,100463,204,100100,100,100694,100,100014,100,100724,100,100004,100,100802,100,99941,100,101043,200,99938,100,101096,100,99925,100,101242,100,99921,100,101257,100,99916,100
2019-06-28 09:55:48.112149347,100304,480,100234,100,100401,100,100131,780,100463,104,100123,100,100694,100,100100,100,100724,100,100014,100,100802,100,100004,100,101043,200,99941,100,101096,100,99938,100,101242,100,99925,100,101257,100,99921,100
2019-06-28 09:55:50.000000000,100401,580,100234,580,100463,104,100131,300,100694,100,100123,100,100724,100,100100,100,100802,100,100014,100,101043,200,100004,100,101096,100,99941,100,101242,100,99938,100,101257,100,99925,100,101475,100,99921,100
2019-06-28 09:55:51.056327107,100401,580,100234,680,100463,104,100131,300,100694,100,100123,100,100724,100,100100,100,100802,100,100014,100,101043,200,100004,100,101096,100,99941,100,101242,100,99938,100,101257,100,99925,100,101475,100,99921,100
2019-06-28 09:56:00.000000000,100401,580,100234,680,100463,104,100131,300,100694,100,100123,100,100724,100,100100,100,100802,100,100014,100,101043,200,100004,100,101096,100,99941,100,101242,100,99938,100,101257,100,99925,100,101475,100,99921,100
2019-06-28 09:56:10.000000000,100401,263,100234,363,100463,262,100131,458,100694,258,100123,258,100724,100,100100,100,100802,100,100014,100,101043,200,100004,100,101096,100,99941,100,101242,100,99938,100,101257,100,99925,100,101475,100,99921,100
2019-06-28 09:56:11.895608385,100401,263,100234,363,100463,262,100131,458,100694,258,100123,258,100724,100,100100,100,100802,100,100014,100,101043,200,100004,100,101096,100,99941,100,101238,100,99938,100,101242,100,99925,100,101257,100,99921,100
2019-06-28 09:56:18.117245928,100401,163,100234,363,100463,262,100131,458,100694,258,100123,258,100724,100,100100,100,100802,100,100014,100,101043,200,100004,100,101096,100,99941,100,101238,100,99938,100,101242,100,99925,100,101257,100,99921,100
2019-06-28 09:56:18.500215651,100401,163,100234,363,100463,262,100131,458,100694,258,100123,258,100724,100,100100,100,100802,100,100014,100,101043,200,100004,100,101096,100,99941,100,101185,100,99938,100,101238,100,99925,100,101242,100,99921,100
2019-06-28 09:56:20.000000000,100463,267,100234,363,100694,258,100131,458,100724,258,100123,258,100802,100,100100,100,101043,200,100014,100,101096,100,100004,100,101185,100,99941,100,101238,100,99938,100,101242,100,99925,100,101257,100,99921,100
2019-06-28 09:56:30.000000000,100463,200,100234,296,100694,196,100131,396,100724,196,100123,196,100802,196,100100,196,101043,296,100014,196,101096,100,100004,100,101185,100,99941,100,101238,100,99938,100,101242,100,99925,100,101257,100,99921,100
2019-06-28 09:56:34.610402679,100463,100,100234,296,100694,196,100131,396,100724,196,100123,196,100802,196,100100,196,101043,296,100014,196,101096,100,100004,100,101185,100,99941,100,101238,100,99938,100,101242,100,99925,100,101257,100,99921,100
2019-06-28 09:56:37.350750871,100694,96,100234,296,100724,196,100131,396,100802,196,100123,196,101043,296,100100,196,101096,100,100014,196,101185,100,100004,100,101238,100,99941,100,101242,100,99938,100,101257,100,99925,100,101475,100,99921,100
2019-06-28 09:56:40.000000000,100724,580,100234,680,100802,100,100131,300,101043,200,100123,100,101096,100,100100,100,101185,100,100014,100,101238,100,100004,100,101242,100,99941,100,101257,100,99938,100,101475,100,99925,100,101480,100,99921,100
2019-06-28 09:56:41.624959588,100724,480,100234,680,100802,100,100131,300,101043,200,100123,100,101096,100,100100,100,101185,100,100014,100,101238,100,100004,100,101242,100,99941,100,101257,100,99938,100,101475,100,99925,100,101480,100,99921,100
2019-06-28 09:56:48.477523378,100724,380,100234,680,100802,100,100131,300,101043,200,100123,100,101096,100,100100,100,101185,100,100014,100,101238,100,100004,100,101242,100,99941,100,101257,100,99938,100,101475,100,99925,100,101480,100,99921,100
2019-06-28 09:56:50.000000000,100802,263,100234,363,101043,358,100131,458,101096,258,100123,258,101185,100,100100,100,101238,100,100014,100,101242,100,100004,100,101257,100,99941,100,101475,100,99938,100,101480,100,99925,100,101528,100,99921,100
2019-06-28 09:57:00.000000000,100802,220,100234,320,101043,320,100131,420,101096,220,100123,220,101185,220,100100,220,101238,100,100014,100,101242,100,100004,100,101257,100,99941,100,101475,100,99938,100,101480,100,99925,100,101528,100,99921,100
2019-06-28 09:57:01.179094029,100802,220,100234,220,101043,320,100131,420,101096,220,100123,220,101185,220,100100,220,101238,100,100014,100,101242,100,100004,100,101257,100,99941,100,101475,100,99938,100,101480,100,99925,100,101528,100,99921,100
2019-06-28 09:57:05.409463161,100802,120,100234,220,101043,320,100131,420,101096,220,100123,220,101185,220,100100,220,101238,100,100014,100,101242,100,100004,100,101257,100,99941,100,101475,100,99938,100,101480,100,99925,100,101528,100,99921,100
2019-06-28 09:57:09.144703228,100802,120,100234,220,101043,320,100131,420,101096,220,100123,220,101185,220,100100,220,101206,100,100014,100,101238,100,100004,100,101242,100,99941,100,101257,100,99938,100,101475,100,99925,100,101480,100,99921,100
2019-06-28 09:57:10.000000000,101043,296,100234,196,101096,196,100131,396,101185,196,100123,196,101206,196,100100,196,101238,196,100014,196,101242,100,100004,100,101257,100,99941,100,101475,100,99938,100,101480,100,99925,100,101528,100,99921,100
2019-06-28 09:57:12.566259034,101043,296,100829,100,101096,196,100234,196,101185,196,100131,396,101206,196,100123,196,101238,196,100100,196,101242,100,100014,196,101257,100,100004,100,101475,100,99941,100,101480,100,99938,100,101528,100,99925,100
2019-06-28 09:57:13.903181010,101043,296,100829,100,101096,196,100724,100,101185,196,100234,196,101206,196,100131,396,101238,196,100123,196,101242,100,100100,196,101257,100,100014,196,101475,100,100004,100,101480,100,99941,100,101528,100,99938,100
2019-06-28 09:57:18.985818212,101043,296,100829,100,101096,196,100724,100,101185,196,100234,196,101206,196,100131,396,101213,100,100123,196,101238,196,100100,196,101242,100,100014,196,101257,100,100004,100,101475,100,99941,100,101480,100,99938,100
2019-06-28 09:57:20.000000000,101043,440,100829,340,101096,340,100724,340,101185,100,100234,100,101206,100,100131,300,101213,100,100123,100,101238,100,100100,100,101242,100,100014,100,101257,100,100004,100,101475,100,99941,100,101480,100,99938,100
2019-06-28 09:57:27.854627918,101043,440,100829,340,101096,340,100724,340,101185,100,100234,100,101206,100,100131,300,101213,100,100123,100,101238,100,100100,100,101242,100,100014,100,101257,100,100004,100,101291,100,99941,100,101475,100,99938,100
2019-06-28 09:57:30.000000000,101043,320,100829,220,101096,220,100724,220,101185,220,100234,220,101206,220,100131,420,101213,100,100123,100,101238,100,100100,100,101242,100,100014,100,101257,100,100004,100,101291,100,99941,100,101475,100,99938,100
2019-06-28 09:57:37.958399748,101043,320,100829,220,101096,220,100724,220,101185,220,100234,220,101206,220,100131,420,101213,100,100123,100,101235,100,100100,100,101238,100,100014,100,101242,100,100004,100,101257,100,99941,100,101291,100,99938,100
2019-06-28 09:57:40.000000000,101043,320,100829,220,101096,220,100724,220,101185,220,100234,220,101206,220,100131,420,101213,100,100123,100,101235,100,100100,100,101238,100,100014,100,101242,100,100004,100,101257,100,99941,100,101291,100,99938,100
2019-06-28 09:57:50.000000000,101043,363,100829,263,101096,258,100724,258,101185,258,100234,258,101206,100,100131,300,101213,100,100123,100,101235,100,100100,100,101238,100,100014,100,101242,100,100004,100,101257,100,99941,100,101291,100,99938,100
2019-06-28 09:57:52.156127439,101043,263,100829,263,101096,258,100724,258,101185,258,100234,258,101206,100,100131,300,101213,100,100123,100,101235,100,100100,100,101238,100,100014,100,101242,100,100004,100,101257,100,99941,100,101291,100,99938,100
2019-06-28 09:58:00.000000000,101043,220,100829,220,101096,220,100724,220,101185,220,100234,220,101206,220,100131,420,101213,100,100123,100,101235,100,100100,100,101238,100,100014,100,101242,100,100004,100,101257,100,99941,100,101291,100,99938,100
2019-06-28 09:58:00.529990501,101043,120,100829,220,101096,220,100724,220,101185,220,100234,220,101206,220,100131,420,101213,100,100123,100,101235,100,100100,100,101238,100,100014,100,101242,100,100004,100,101257,100,99941,100,101291,100,99938,100
2019-06-28 09:58:10.000000000,101096,196,100829,196,101185,196,100724,196,101206,196,100234,196,101213,196,100131,396,101235,196,100123,196,101238,100,100100,100,101242,100,100014,100,101257,100,100004,100,101291,100,99941,100,101475,100,99938,100
2019-06-28 09:58:18.870502054,101096,196,100829,196,101137,100,100724,196,101185,196,100234,196,101206,196,100131,396,101213,196,100123,196,101235,196,100100,100,101238,100,100014,100,101242,100,100004,100,101257,100,99941,100,101291,100,99938,100
2019-06-28 09:58:20.000000000,101096,196,100829,196,101137,196,100724,196,101185,196,100234,196,101206,196,100131,396,101213,196,100123,196,101235,100,100100,100,101238,100,100014,100,101242,100,100004,100,101257,100,99941,100,101291,100,99938,100
2019-06-28 09:58:30.000000000,101096,220,100829,220,101137,220,100724,220,101185,220,100234,220,101206,220,100131,420,101213,100,100123,100,101235,100,100100,100,101238,100,100014,100,101242,100,100004,100,101257,100,99941,100,101291,100,99938,100
2019-06-28 09:58:31.027035576,101060,100,100829,220,101096,220,100724,220,101137,220,100234,220,101185,220,100131,420,101206,220,100123,100,101213,100,100100,100,101235,100,100014,100,101238,100,100004,100,101242,100,99941,100,101257,100,99938,100
2019-06-28 09:58:31.195213268,100857,100,100829,220,101060,100,100724,220,101096,220,100234,220,101137,220,100131,420,101185,220,100123,100,101206,220,100100,100,101213,100,100014,100,101235,100,100004,100,101238,100,99941,100,101242,100,99938,100
2019-06-28 09:58:38.416438677,100857,100,100829,220,100860,100,100724,220,101060,100,100234,220,101096,220,100131,420,101137,220,100123,100,101185,220,100100,100,101206,220,100014,100,101213,100,100004,100,101235,100,99941,100,101238,100,99938,100
2019-06-28 09:58:38.783166287,100857,100,100829,220,100860,100,100724,220,101046,100,100234,220,101060,100,100131,420,101096,220,100123,100,101137,220,100100,100,101185,220,100014,100,101206,220,100004,100,101213,100,99941,100,101235,100,99938,100
2019-06-28 09:58:40.000000000,100857,196,100829,196,100860,196,100724,196,101046,196,100234,196,101060,196,100131,396,101096,196,100123,196,101137,100,100100,100,101185,100,100014,100,101206,100,100004,100,101213,100,99941,100,101235,100,99938,100
2019-06-28 09:58:46.120609235,100857,196,100829,196,100860,196,100724,196,101046,196,100605,100,101060,196,100234,196,101096,196,100131,396,101137,100,100123,196,101185,100,100100,100,101206,100,100014,100,101213,100,100004,100,101235,100,99941,100
2019-06-28 09:58:50.000000000,100857,196,100829,196,100860,196,100724,196,101046,196,100605,196,101060,196,100234,196,101096,196,100131,396,101137,100,100123,100,101185,100,100100,100,101206,100,100014,100,101213,100,100004,100,101235,100,99941,100
2019-06-28 09:59:00.000000000,100857,580,100829,580,100860,100,100724,100,101046,100,100605,100,101060,100,100234,100,101096,100,100131,300,101137,100,100123,100,101185,100,100100,100,101206,100,100014,100,101213,100,100004,100,101235,100,99941,100
2019-06-28 09:59:10.000000000,100857,580,100829,580,100860,100,100724,100,101046,100,100605,100,101060,100,100234,100,101096,100,100131,300,101137,100,100123,100,101185,100,100100,100,101206,100,100014,100,101213,100,100004,100,101235,100,99941,100
2019-06-28 09:59:20.000000000,100857,580,100829,580,100860,100,100724,100,101046,100,100605,100,101060,100,100234,100,101096,100,100131,300,101137,100,100123,100,101185,100,100100,100,101206,100,100014,100,101213,100,100004,100,101235,100,99941,100
2019-06-28 09:59:30.000000000,100857,580,100829,580,100860,100,100724,100,101046,100,100605,100,101060,100,100234,100,101096,100,100131,300,101137,100,100123,100,101185,100,100100,100,101206,100,100014,100,101213,100,100004,100,101235,100,99941,100
2019-06-28 09:59:40.000000000,100857,220,100829,220,100860,220,100724,220,101046,220,100605,220,101060,220,100234,220,101096,100,100131,300,101137,100,100123,100,101185,100,100100,100,101206,100,100014,100,101213,100,100004,100,101235,100,99941,100
2019-06-28 09:59:50.000000000,100857,196,100829,196,100860,196,100724,196,101046,196,100605,196,101060,196,100234,196,101096,196,100131,396,101137,100,100123,100,101185,100,100100,100,101206,100,100014,100,101213,100,100004,100,101235,100,99941,100
2019-06-28 10:00:00.000000000,100857,263,100829,263,100860,258,100724,258,101046,258,100605,258,101060,100,100234,100,101096,100,100131,300,101137,100,100123,100,101185,100,100100,100,101206,100,100014,100,101213,100,100004,100,101235,100,99941,100
2019-06-28 10:00:00.887233830,100857,263,100829,263,100860,258,100724,158,101042,100,100605,258,101046,258,100234,100,101060,100,100131,300,101096,100,100123,100,101137,100,100100,100,101185,100,100014,100,101206,100,100004,100,101213,100,99941,100
2019-06-28 10:00:10.000000000,100857,220,100829,220,100860,220,100605,220,101042,220,100234,220,101046,220,100131,420,101060,100,100123,100,101096,100,100100,100,101137,100,100014,100,101185,100,100004,100,101206,100,99941,100,101213,100,99938,100
2019-06-28 10:00:16.764594627,100857,120,100829,220,100860,220,100605,220,101042,220,100234,220,101046,220,100131,420,101060,100,100123,100,101096,100,100100,100,101137,100,100014,100,101185,100,100004,100,101206,100,99941,100,101213,100,99938,100
2019-06-28 10:00:20.000000000,100860,220,100829,220,101042,220,100605,220,101046,220,100234,220,101060,220,100131,420,101096,100,100123,100,101137,100,100100,100,101185,100,100014,100,101206,100,100004,100,101213,100,99941,100,101235,100,99938,100
2019-06-28 10:00:28.366964352,100860,120,100829,220,101042,220,100605,220,101046,220,100234,220,101060,220,100131,420,101096,100,100123,100,101137,100,100100,100,101185,100,100014,100,101206,100,100004,100,101213,100,99941,100,101235,100,99938,100
2019-06-28 10:00:30.000000000,101042,196,100829,196,101046,196,100605,196,101060,196,100234,196,101096,196,100131,396,101137,196,100123,196,101185,100,100100,100,101206,100,100014,100,101213,100,100004,100,101235,100,99941,100,101238,100,99938,100
2019-06-28 10:00:39.570625074,101042,196,100829,196,101046,196,100605,196,101060,196,100234,96,101096,196,100131,396,101137,196,100123,196,101185,100,100100,100,101206,100,100014,100,101213,100,100004,100,101235,100,99941,100,101238,100,99938,100
2019-06-28 10:00:40.000000000,101042,220,100829,220,101046,220,100605,220,101060,220,100131,420,101096,220,100123,220,101137,100,100100,100,101185,100,100014,100,101206,100,100004,100,101213,100,99941,100,101235,100,99938,100,101238,100,99925,100
2019-06-28 10:00:50.000000000,101042,263,100829,263,101046,258,100605,258,101060,258,100131,458,101096,100,100123,100,101137,100,100100,100,101185,100,100014,100,101206,100,100004,100,101213,100,99941,100,101235,100,99938,100,101238,100,99925,100
2019-06-28 10:00:51.138681703,101042,263,100829,263,101046,258,100800,100,101060,258,100605,258,101096,100,100131,458,101137,100,100123,100,101185,100,100100,100,101206,100,100014,100,101213,100,100004,100,101235,100,99941,100,101238,100,99938,100
2019-06-28 10:01:00.000000000,101042,340,100829,340,101046,340,100800,340,101060,100,100605,100,101096,100,100131,300,101137,100,100123,100,101185,100,100100,100,101206,100,100014,100,101213,100,100004,100,101235,100,99941,100,101238,100,99938,100
2019-06-28 10:01:02.185662644,101042,340,100829,240,101046,340,100800,340,101060,100,100605,100,101096,100,100131,300,101137,100,100123,100,101185,100,100100,100,101206,100,100014,100,101213,100,100004,100,101235,100,99941,100,101238,100,99938,100
2019-06-28 10:01:06.834192480,101042,340,100829,240,101046,340,100800,240,101060,100,100777,100,101096,100,100605,100,101137,100,100131,300,101185,100,100123,100,101206,100,100100,100,101213,100,100014,100,101235,100,100004,100,101238,100,99941,100
2019-06-28 10:01:09.990416668,101042,340,100829,240,101046,340,100800,240,101060,100,100777,100,101096,100,100605,100,101137,100,100131,200,101185,100,100123,100,101206,100,100100,100,101213,100,100014,100,101235,100,100004,100,101238,100,99941,100
2019-06-28 10:01:10.000000000,101042,263,100777,263,101046,258,100605,258,101060,258,100131,358,101096,100,100123,100,101137,100,100100,100,101185,100,100014,100,101206,100,100004,100,101213,100,99941,100,101235,100,99938,100,101238,100,99925,100
2019-06-28 10:01:20.000000000,101042,196,100777,196,101046,196,100605,196,101060,196,100131,296,101096,196,100123,196,101137,196,100100,196,101185,100,100014,100,101206,100,100004,100,101213,100,99941,100,101235,100,99938,100,101238,100,99925,100
2019-06-28 10:01:30.000000000,101042,220,100777,220,101046,220,100605,220,101060,220,100131,320,101096,220,100123,220,101137,100,100100,100,101185,100,100014,100,101206,100,100004,100,101213,100,99941,100,101235,100,99938,100,101238,100,99925,100
2019-06-28 10:01:40.000000000,101042,580,100777,580,101046,100,100605,100,101060,100,100131,200,101096,100,100123,100,101137,100,100100,100,101185,100,100014,100,101206,100,100004,100,101213,100,99941,100,101235,100,99938,100,101238,100,99925,100
2019-06-28 10:01:50.000000000,101042,580,100777,580,101046,100,100605,100,101060,100,100131,200,101096,100,100123,100,101137,100,100100,100,101185,100,100014,100,101206,100,100004,100,101213,100,99941,100,101235,100,99938,100,101238,100,99925,100
2019-06-28 10:02:00.000000000,101042,220,100777,220,101046,220,100605,220,101060,220,100131,320,101096,220,100123,220,101137,100,100100,100,101185,100,100014,100,101206,100,100004,100,101213,100,99941,100,101235,100,99938,100,101238,100,99925,100
2019-06-28 10:02:10.000000000,101042,580,100777,580,101046,100,100605,100,101060,100,100131,200,101096,100,100123,100,101137,100,100100,100,101185,100,100014,100,101206,100,100004,100,101213,100,99941,100,101235,100,99938,100,101238,100,99925,100
2019-06-28 10:02:10.535432644,100795,100,100777,580,101042,580,100605,100,101046,100,100131,200,101060,100,100123,100,101137,100,100100,100,101185,100,100014,100,101206,100,100004,100,101213,100,99941,100,101235,100,99938,100,101238,100,99925,100
2019-06-28 10:02:15.708772103,100795,100,100777,580,100859,100,100605,100,101042,580,100131,200,101046,100,100123,100,101060,100,100100,100,101137,100,100014,100,101185,100,100004,100,101206,100,99941,100,101213,100,99938,100,101235,100,99925,100
2019-06-28 10:02:17.855912235,100795,100,100789,100,100859,100,100777,580,101042,580,100605,100,101046,100,100131,200,101137,100,100123,100,101185,100,100100,100,101206,100,100014,100,101213,100,100004,100,101235,100,99941,100,101238,100,99938,100
2019-06-28 10:02:20.000000000,100795,340,100789,340,100859,340,100777,340,101042,100,100605,100,101046,100,100131,200,101137,100,100123,100,101185,100,100100,100,101206,100,100014,100,101213,100,100004,100,101235,100,99941,100,101238,100,99938,100
2019-06-28 10:02:29.565714587,100795,340,100789,340,100859,340,100777,340,101042,100,100605,100,101046,100,100574,100,101137,100,100131,200,101185,100,100123,100,101206,100,100100,100,101213,100,100014,100,101235,100,100004,100,101238,100,99941,100
2019-06-28 10:02:30.000000000,100795,263,100789,263,100859,258,100777,258,101042,258,100605,258,101046,100,100574,100,101137,100,100131,200,101185,100,100123,100,101206,100,100100,100,101213,100,100014,100,101235,100,100004,100,101238,100,99941,100
2019-06-28 10:02:40.000000000,100795,340,100789,340,100859,340,100777,340,101042,100,100605,100,101046,100,100574,100,101137,100,100131,200,101185,100,100123,100,101206,100,100100,100,101213,100,100014,100,101235,100,100004,100,101238,100,99941,100
2019-06-28 10:02:50.000000000,100795,196,100789,196,100859,196,100777,196,101042,196,100605,196,101046,196,100574,196,101137,196,100131,296,101185,100,100123,100,101206,100,100100,100,101213,100,100014,100,101235,100,100004,100,101238,100,99941,100
2019-06-28 10:03:00.000000000,100795,340,100789,340,100859,340,100777,340,101042,100,100605,100,101046,100,100574,100,101137,100,100131,200,101185,100,100123,100,101206,100,100100,100,101213,100,100014,100,101235,100,100004,100,101238,100,99941,100
2019-06-28 10:03:10.000000000,100795,340,100789,340,100859,340,100777,340,101042,100,100605,100,101046,100,100574,100,101137,100,100131,200,101185,100,100123,100,101206,100,100100,100,101213,100,100014,100,101235,100,100004,100,101238,100,99941,100
2019-06-28 10:03:16.283201500,100795,340,100789,240,100859,340,100777,340,101042,100,100605,100,101046,100,100574,100,101137,100,100131,200,101185,100,100123,100,101206,100,100100,100,101213,100,100014,100,101235,100,100004,100,101238,100,99941,100
2019-06-28 10:03:20.000000000,100795,196,100777,196,100859,196,100605,196,101042,196,100574,196,101046,196,100131,296,101137,196,100123,196,101185,100,100100,100,101206,100,100014,100,101213,100,100004,100,101235,100,99941,100,101238,100,99938,100
2019-06-28 10:03:21.449489092,100795,196,100777,196,100859,196,100605,196,101042,196,100574,196,101046,196,100295,100,101137,196,100131,296,101185,100,100123,196,101206,100,100100,100,101213,100,100014,100,101238,100,100004,100,101242,100,99941,100
2019-06-28 10:03:30.000000000,100795,580,100777,580,100859,100,100605,100,101042,100,100574,100,101046,100,100295,100,101137,100,100131,200,101185,100,100123,100,101206,100,100100,100,101213,100,100014,100,101238,100,100004,100,101242,100,99941,100
2019-06-28 10:03:39.595994353,100795,580,100777,580,100859,100,100605,100,101042,100,100574,100,101046,100,100295,100,101137,100,100131,100,101185,100,100123,100,101206,100,100100,100,101213,100,100014,100,101238,100,100004,100,101242,100,99941,100
2019-06-28 10:03:40.000000000,100795,580,100777,580,100859,100,100605,100,101042,100,100574,100,101046,100,100295,100,101137,100,100131,100,101185,100,100123,100,101206,100,100100,100,101213,100,100014,100,101238,100,100004,100,101242,100,99941,100
2019-06-28 10:03:46.857434634,100794,100,100777,580,100795,580,100605,100,100859,100,100574,100,101042,100,100295,100,101046,100,100131,100,101137,100,100123,100,101185,100,100100,100,101206,100,100014,100,101213,100,100004,100,101238,100,99941,100
2019-06-28 10:03:50.000000000,100794,196,100777,196,100795,196,100605,196,100859,196,100574,196,101042,196,100295,196,101046,196,100131,196,101137,100,100123,100,101185,100,100100,100,101206,100,100014,100,101213,100,100004,100,101238,100,99941,100
2019-06-28 10:04:00.000000000,100794,196,100777,196,100795,196,100605,196,100859,196,100574,196,101042,196,100295,196,101046,196,100131,196,101137,100,100123,100,101185,100,100100,100,101206,100,100014,100,101213,100,100004,100,101238,100,99941,100
2019-06-28 10:04:07.374221255,100794,196,100777,96,100795,196,100605,196,100859,196,100574,196,101042,196,100295,196,101046,196,100131,196,101137,100,100123,100,101185,100,100100,100,101206,100,100014,100,101213,100,100004,100,101238,100,99941,100
2019-06-28 10:04:10.000000000,100794,340,100605,340,100795,340,100574,340,100859,100,100295,100,101042,100,100131,100,101046,100,100123,100,101137,100,100100,100,101185,100,100014,100,101206,100,100004,100,101213,100,99941,100,101238,100,99938,100
2019-06-28 10:04:11.267291654,100794,340,100605,240,100795,340,100574,240,100859,100,100295,100,101042,100,100131,100,101046,100,100123,100,101137,100,100100,100,101185,100,100014,100,101206,100,100004,100,101213,100,99941,100,101238,100,99938,100
2019-06-28 10:04:20.000000000,100794,340,100295,340,100795,340,100131,340,100859,100,100123,100,101042,100,100100,100,101046,100,100014,100,101137,100,100004,100,101185,100,99941,100,101206,100,99938,100,101213,100,99925,100,101238,100,99916,100
2019-06-28 10:04:30.000000000,100794,263,100295,263,100795,258,100131,258,100859,258,100123,258,101042,100,100100,100,101046,100,100014,100,101137,100,100004,100,101185,100,99941,100,101206,100,99938,100,101213,100,99925,100,101238,100,99916,100
2019-06-28 10:04:32.374641041,100574,100,100295,263,100794,263,100131,258,100795,258,100123,258,100859,258,100100,100,101042,100,100014,100,101046,100,100004,100,101137,100,99941,100,101185,100,99938,100,101206,100,99925,100,101213,100,99916,100
