,ask_price_1,ask_size_1,bid_price_1,bid_size_1,ask_price_2,ask_size_2,bid_price_2,bid_size_2,ask_price_3,ask_size_3,bid_price_3,bid_size_3,ask_price_4,ask_size_4,bid_price_4,bid_size_4,ask_price_5,ask_size_5,bid_price_5,bid_size_5,ask_price_6,ask_size_6,bid_price_6,bid_size_6,ask_price_7,ask_size_7,bid_price_7,bid_size_7,ask_price_8,ask_size_8,bid_price_8,bid_size_8,ask_price_9,ask_size_9,bid_price_9,bid_size_9,ask_price_10,ask_size_10,bid_price_10,bid_size_10
2019-06-28 09:30:00.000000000,,,99906,100,,,,,,,,,,,,,,,,,,,,,,,,,,,,,,,,,,,,
2019-06-28 09:30:00.000000002,100024,100,99906,100,,,99875,100,,,,,,,,,,,,,,,,,,,,,,,,,,,,,,,,
2019-06-28 09:30:00.000000003,100024,100,99906,100,100070,100,99875,100,,,,,,,,,,,,,,,,,,,,,,,,,,,,,,,,
2019-06-28 09:30:00.000000005,100024,100,99941,100,100070,100,99906,100,100105,100,99875,100,,,,,,,,,,,,,,,,,,,,,,,,,,,,
2019-06-28 09:30:00.000000006,100024,100,99941,100,100070,100,99906,100,100105,100,99875,100,,,,,,,,,,,,,,,,,,,,,,,,,,,,
2019-06-28 09:30:00.000000007,100024,100,99953,100,100070,100,99941,100,100105,100,99906,100,,,99875,100,,,,,,,,,,,,,,,,,,,,,,,,
2019-06-28 09:30:00.000000008,100024,100,99953,100,100070,100,99941,100,100078,100,99913,100,100105,100,99906,100,,,99875,100,,,,,,,,,,,,,,,,,,,,
2019-06-28 09:30:00.000000009,100024,100,99953,100,100027,100,99941,100,100070,100,99929,100,100078,100,99913,100,100105,100,99906,100,,,99875,100,,,,,,,,,,,,,,,,
2019-06-28 09:30:00.000000011,100024,100,99953,100,100027,100,99941,100,100070,100,99929,100,100078,100,99915,100,100105,100,99913,100,,,99906,100,,,99875,100,,,,,,,,,,,,
2019-06-28 09:30:00.000000018,100024,100,99953,100,100027,100,99941,100,100070,100,99929,100,100078,100,99915,100,100105,100,99913,100,,,99906,100,,,99875,100,,,99869,100,,,,,,,,
2019-06-28 09:30:00.000000021,100024,100,99953,100,100027,100,99941,100,100070,100,99929,100,100077,100,99915,100,100078,100,99913,100,100105,100,99906,100,,,99875,100,,,99869,100,,,,,,,,
2019-06-28 09:30:00.000000022,99995,100,99953,100,100024,100,99941,100,100027,100,99929,100,100070,100,99915,100,100077,100,99913,100,100078,100,99906,100,100105,100,99875,100,,,99869,100,,,,,,,,
2019-06-28 09:30:00.000000024,99985,100,99953,100,99995,100,99941,100,100024,100,99929,100,100027,100,99922,100,100070,100,99915,100,100077,100,99913,100,100078,100,99906,100,100105,100,99875,100,,,99869,100,,,,
2019-06-28 09:30:00.000000026,99985,100,99953,100,99995,100,99941,100,100024,100,99929,100,100027,100,99922,100,100037,100,99915,100,100070,100,99913,100,100077,100,99906,100,100078,100,99875,100,100105,100,99869,100,,,,
2019-06-28 09:30:00.000000027,99995,100,99953,100,100024,100,99941,100,100027,100,99929,100,100034,100,99922,100,100037,100,99915,100,100070,100,99913,100,100077,100,99906,100,100078,100,99875,100,100105,100,99869,100,,,,
2019-06-28 09:30:00.000000029,99995,100,99985,100,100024,100,99953,100,100027,100,99941,100,100034,100,99929,100,100037,100,99922,100,100070,100,99915,100,100077,100,99913,100,100078,100,99906,100,100105,100,99875,100,,,99869,100
2019-06-28 09:30:00.000000032,99995,100,99985,100,100024,100,99975,100,100027,100,99953,100,100034,100,99941,100,100037,100,99929,100,100070,100,99922,100,100077,100,99915,100,100078,100,99913,100,100105,100,99906,100,,,99875,100
2019-06-28 09:30:00.000000034,99995,100,99985,100,100024,100,99975,100,100027,100,99953,100,100034,100,99941,100,100037,100,99929,100,100070,100,99922,100,100077,100,99915,100,100078,100,99913,100,100105,100,99906,100,,,99898,100
2019-06-28 09:30:00.000000035,99994,100,99985,100,99995,100,99975,100,100024,100,99953,100,100027,100,99941,100,100034,100,99929,100,100037,100,99922,100,100070,100,99915,100,100077,100,99913,100,100078,100,99906,100,100105,100,99898,100
2019-06-28 09:30:00.000000041,99994,100,99985,100,99995,100,99975,100,100024,100,99968,100,100027,100,99953,100,100034,100,99941,100,100037,100,99929,100,100070,100,99922,100,100077,100,99915,100,100078,100,99913,100,100105,100,99906,100
2019-06-28 09:30:00.000000042,99994,100,99975,100,99995,100,99968,100,100024,100,99953,100,100027,100,99941,100,100034,100,99929,100,100037,100,99922,100,100070,100,99915,100,100077,100,99913,100,100078,100,99906,100,100105,100,99898,100
2019-06-28 09:30:00.000000044,99994,100,99975,100,99995,100,99968,100,100024,100,99955,100,100027,100,99953,100,100034,100,99941,100,100037,100,99929,100,100070,100,99922,100,100077,100,99915,100,100078,100,99913,100,100105,100,99906,100
2019-06-28 09:30:00.000000045,99986,100,99975,100,99994,100,99968,100,99995,100,99955,100,100024,100,99953,100,100027,100,99941,100,100034,100,99929,100,100037,100,99922,100,100070,100,99915,100,100077,100,99913,100,100078,100,99906,100
2019-06-28 09:30:00.000000047,99986,100,99975,100,99994,100,99968,100,99995,100,99955,100,100024,100,99953,100,100027,100,99941,100,100034,100,99929,100,100037,100,99922,100,100070,100,99915,100,100077,100,99913,100,100078,100,99906,100
2019-06-28 09:30:00.000000048,99986,100,99985,100,99994,100,99975,100,99995,100,99968,100,100024,100,99955,100,100027,100,99953,100,100034,100,99941,100,100037,100,99929,100,100070,100,99922,100,100077,100,99915,100,100078,100,99913,100
2019-06-28 09:30:00.000000049,99986,100,99985,200,99994,100,99975,100,99995,100,99968,100,100024,100,99955,100,100027,100,99953,100,100034,100,99941,100,100037,100,99929,100,100070,100,99922,100,100077,100,99915,100,100078,100,99913,100
2019-06-28 09:30:00.000000053,99986,100,99985,200,99994,100,99975,100,99995,100,99968,100,100024,100,99955,100,100027,100,99953,100,100034,100,99941,100,100037,100,99929,100,100070,100,99922,100,100077,100,99915,100,100078,100,99913,100
2019-06-28 09:30:00.000000054,99986,100,99985,200,99994,100,99975,100,99995,100,99968,100,100024,100,99955,100,100027,100,99953,100,100034,100,99941,100,100037,100,99929,100,100070,100,99922,100,100077,100,99915,100,100078,100,99913,100
2019-06-28 09:30:00.000000056,99986,100,99985,300,99994,100,99975,100,99995,100,99968,100,100024,100,99955,100,100027,100,99953,100,100034,100,99941,100,100037,100,99929,100,100070,100,99922,100,100077,100,99915,100,100078,100,99913,100
2019-06-28 09:30:00.000000058,99986,100,99985,300,99994,100,99975,100,99995,100,99968,100,100024,200,99955,100,100027,100,99953,100,100034,100,99941,100,100037,100,99929,100,100070,100,99922,100,100077,100,99915,100,100078,100,99913,100
2019-06-28 09:30:00.000000059,99986,100,99985,400,99994,100,99975,100,99995,100,99968,100,100024,200,99955,100,100027,100,99953,100,100034,100,99941,100,100037,100,99929,100,100070,100,99922,100,100077,100,99915,100,100078,100,99913,100
2019-06-28 09:30:00.000000060,99986,100,99985,400,99994,100,99975,100,99995,100,99968,100,100024,200,99955,100,100027,100,99953,100,100034,100,99941,100,100037,100,99929,100,100059,100,99927,100,100070,100,99922,100,100077,100,99915,100
2019-06-28 09:30:00.000000063,99986,100,99985,400,99994,100,99979,100,99995,100,99975,100,100024,200,99968,100,100027,200,99955,100,100034,100,99953,100,100037,100,99941,100,100059,100,99929,100,100070,100,99927,100,100077,100,99922,100
2019-06-28 09:30:00.000000065,99986,100,99985,500,99994,100,99979,100,99995,100,99975,100,100024,200,99968,100,100027,200,99955,100,100034,100,99953,100,100037,100,99941,100,100059,100,99929,100,100070,100,99927,100,100077,200,99922,100
2019-06-28 09:30:00.000000066,99986,100,99985,500,99994,100,99979,100,99995,100,99975,100,100024,200,99968,100,100027,200,99955,100,100034,100,99953,100,100037,100,99941,100,100059,100,99929,100,100070,100,99927,100,100077,200,99922,100
2019-06-28 09:30:00.000000068,99986,100,99985,500,99994,100,99979,100,99995,100,99975,100,100024,200,99968,100,100027,200,99955,100,100034,100,99953,100,100037,100,99941,100,100059,100,99929,100,100070,100,99927,100,100077,200,99922,100
2019-06-28 09:30:00.000000069,99986,100,99985,500,99994,100,99979,100,99995,100,99975,100,100020,100,99968,100,100024,200,99955,100,100027,200,99953,100,100034,100,99941,100,100037,100,99929,100,100059,100,99927,100,100070,100,99922,100
2019-06-28 09:30:00.000000070,99994,100,99985,500,99995,100,99979,100,100020,100,99975,100,100024,200,99968,100,100027,200,99955,100,100034,100,99953,100,100037,100,99941,100,100059,100,99929,100,100070,100,99927,100,100077,200,99922,100
2019-06-28 09:30:00.000000075,99994,100,99985,500,99995,100,99979,100,100020,100,99975,100,100024,200,99968,100,100027,200,99955,100,100034,100,99953,100,100037,100,99941,100,100059,100,99940,100,100070,100,99929,100,100077,200,99927,100
2019-06-28 09:30:00.000000076,99994,100,99986,100,99995,100,99985,500,100020,100,99979,100,100024,200,99975,100,100027,200,99968,100,100034,100,99955,100,100037,100,99953,100,100059,100,99941,100,100070,100,99940,100,100077,200,99929,100
2019-06-28 09:30:00.000000083,99994,100,99986,100,99995,100,99985,500,100020,100,99979,100,100024,200,99975,100,100027,200,99968,100,100034,100,99955,100,100037,100,99953,100,100059,100,99941,100,100070,100,99940,100,100077,200,99929,100
2019-06-28 09:30:00.000000087,99994,100,99986,100,99995,100,99985,500,100020,100,99979,100,100024,200,99975,100,100027,200,99968,100,100034,100,99955,100,100037,100,99953,100,100059,100,99941,100,100070,100,99940,100,100077,200,99929,100
2019-06-28 09:30:00.000000090,99994,100,99986,100,99995,100,99985,500,100020,100,99979,100,100024,200,99975,100,100027,200,99968,100,100034,100,99955,100,100037,100,99953,100,100059,100,99941,100,100070,100,99940,100,100077,200,99929,100
2019-06-28 09:30:00.000000093,99994,100,99986,100,99995,100,99985,500,100020,100,99979,100,100024,200,99975,100,100027,200,99968,100,100034,100,99955,100,100037,100,99953,100,100059,100,99941,100,100070,100,99940,100,100077,200,99929,100
2019-06-28 09:30:00.000000094,99994,100,99986,100,99995,100,99985,500,100020,100,99979,100,100024,200,99975,100,100027,200,99968,100,100034,100,99955,100,100037,100,99953,100,100059,100,99941,100,100070,100,99940,100,100077,200,99929,100
2019-06-28 09:30:00.000000096,99994,100,99986,100,99995,100,99985,500,100020,100,99979,100,100024,200,99975,100,100027,200,99968,100,100034,100,99955,100,100037,100,99953,100,100059,100,99941,100,100070,100,99940,100,100077,200,99929,100
2019-06-28 09:30:00.000000098,99994,100,99986,200,99995,100,99985,500,100020,100,99979,100,100024,200,99975,100,100027,200,99968,100,100034,100,99955,100,100037,100,99953,100,100059,100,99941,100,100070,100,99940,100,100077,200,99929,100
2019-06-28 09:30:02.888628141,99994,100,99986,100,99995,100,99985,500,100020,100,99979,100,100024,200,99975,100,100027,200,99968,100,100034,100,99955,100,100037,100,99953,100,100059,100,99941,100,100070,100,99940,100,100077,200,99927,100
2019-06-28 09:30:10.000000000,99994,331,99986,331,99995,331,99985,731,100020,100,99979,100,100024,200,99975,100,100027,200,99968,100,100034,100,99955,100,100037,100,99953,100,100059,100,99941,100,100070,100,99940,100,100077,200,99927,100
2019-06-28 09:30:20.000000000,99994,257,99986,257,99995,252,99985,652,100020,252,99979,252,100024,200,99975,100,100027,200,99968,100,100034,100,99955,100,100037,100,99953,100,100059,100,99941,100,100070,100,99940,100,100077,200,99927,100
2019-06-28 09:30:20.981714350,99994,257,99986,257,99995,252,99985,652,100020,252,99979,252,100024,200,99975,100,100027,200,99968,100,100034,100,99955,100,100037,100,99953,100,100059,100,99941,100,100070,100,99940,100,100077,200,99927,100
2019-06-28 09:30:27.002219853,99994,157,99986,257,99995,252,99985,652,100020,252,99979,252,100024,200,99975,100,100027,200,99968,100,100034,100,99955,100,100037,100,99953,100,100059,100,99941,100,100070,100,99940,100,100077,100,99927,100
2019-06-28 09:30:30.000000000,99995,192,99986,192,100020,192,99985,592,100024,292,99979,192,100027,292,99975,192,100034,192,99968,192,100037,100,99955,100,100059,100,99953,100,100070,100,99941,100,100077,100,99940,100,100078,100,99927,100
2019-06-28 09:30:38.316312302,99995,192,99986,192,100019,100,99985,592,100020,192,99979,192,100024,192,99975,192,100027,292,99968,192,100034,192,99955,100,100037,100,99953,100,100059,100,99941,100,100070,100,99940,100,100077,100,99927,100
2019-06-28 09:30:40.000000000,99995,216,99986,216,100019,216,99985,616,100020,216,99979,216,100024,216,99975,216,100027,200,99968,100,100034,100,99955,100,100037,100,99953,100,100059,100,99941,100,100070,100,99940,100,100077,100,99927,100
2019-06-28 09:30:50.000000000,99995,257,99986,257,100019,252,99985,652,100020,252,99979,252,100024,100,99975,100,100027,200,99968,100,100034,100,99955,100,100037,100,99953,100,100059,100,99941,100,100070,100,99940,100,100077,100,99927,100
2019-06-28 09:30:52.245803705,99995,257,99986,157,100019,252,99985,652,100020,252,99979,252,100024,100,99975,100,100027,200,99968,100,100034,100,99955,100,100037,100,99953,100,100059,100,99941,100,100070,100,99940,100,100077,100,99927,100
2019-06-28 09:31:00.000000000,99995,257,99985,657,100019,252,99979,252,100020,252,99975,252,100024,100,99968,100,100027,200,99955,100,100034,100,99953,100,100037,100,99941,100,100059,100,99940,100,100070,100,99927,100,100077,100,99922,100
2019-06-28 09:31:10.000000000,99995,216,99985,616,100019,216,99979,216,100020,216,99975,216,100024,216,99968,216,100027,200,99955,100,100034,100,99953,100,100037,100,99941,100,100059,100,99940,100,100070,100,99927,100,100077,100,99922,100
2019-06-28 09:31:20.000000000,99995,192,99985,592,100019,192,99979,192,100020,192,99975,192,100024,192,99968,192,100027,292,99955,192,100034,100,99953,100,100037,100,99941,100,100059,100,99940,100,100070,100,99927,100,100077,100,99922,100
2019-06-28 09:31:30.000000000,99995,562,99985,962,100019,100,99979,100,100020,100,99975,100,100024,100,99968,100,100027,200,99955,100,100034,100,99953,100,100037,100,99941,100,100059,100,99940,100,100070,100,99927,100,100077,100,99922,100
2019-06-28 09:31:38.876269544,99995,562,99985,862,100019,100,99979,100,100020,100,99975,100,100024,100,99968,100,100027,200,99955,100,100034,100,99953,100,100037,100,99941,100,100059,100,99940,100,100070,100,99927,100,100077,100,99922,100
2019-06-28 09:31:40.000000000,99995,216,99985,516,100019,216,99979,216,100020,216,99975,216,100024,216,99968,216,100027,200,99955,100,100034,100,99953,100,100037,100,99941,100,100059,100,99940,100,100070,100,99927,100,100077,100,99922,100
2019-06-28 09:31:47.330009239,99995,216,99985,416,100019,216,99979,216,100020,216,99975,216,100024,216,99968,216,100027,100,99955,100,100034,100,99953,100,100037,100,99941,100,100059,100,99940,100,100070,100,99927,100,100077,100,99922,100
2019-06-28 09:31:50.000000000,99995,257,99985,457,100019,252,99979,252,100020,252,99975,252,100024,100,99968,100,100027,100,99955,100,100034,100,99953,100,100037,100,99941,100,100059,100,99940,100,100070,100,99927,100,100077,100,99922,100
2019-06-28 09:32:00.000000000,99995,562,99985,762,100019,100,99979,100,100020,100,99975,100,100024,100,99968,100,100027,100,99955,100,100034,100,99953,100,100037,100,99941,100,100059,100,99940,100,100070,100,99927,100,100077,100,99922,100
2019-06-28 09:32:10.000000000,99995,257,99985,457,100019,252,99979,252,100020,252,99975,252,100024,100,99968,100,100027,100,99955,100,100034,100,99953,100,100037,100,99941,100,100059,100,99940,100,100070,100,99927,100,100077,100,99922,100
2019-06-28 09:32:20.000000000,99995,257,99985,457,100019,252,99979,252,100020,252,99975,252,100024,100,99968,100,100027,100,99955,100,100034,100,99953,100,100037,100,99941,100,100059,100,99940,100,100070,100,99927,100,100077,100,99922,100
2019-06-28 09:32:30.000000000,99995,562,99985,762,100019,100,99979,100,100020,100,99975,100,100024,100,99968,100,100027,100,99955,100,100034,100,99953,100,100037,100,99941,100,100059,100,99940,100,100070,100,99927,100,100077,100,99922,100
2019-06-28 09:32:33.313283169,99995,562,99985,762,100019,100,99979,100,100020,100,99975,100,100024,100,99968,100,100027,100,99955,100,100034,100,99953,100,100037,100,99941,100,100059,100,99940,100,100070,100,99927,100,100077,100,99922,100
2019-06-28 09:32:35.123738476,99995,562,99985,762,100019,100,99979,100,100020,100,99975,100,100024,100,99968,100,100027,100,99955,100,100034,100,99953,100,100037,100,99941,100,100059,100,99940,100,100070,100,99927,100,100077,100,99922,100
2019-06-28 09:32:35.594903704,99995,462,99985,762,100019,100,99979,100,100020,100,99975,100,100024,100,99968,100,100027,100,99955,100,100034,100,99953,100,100037,100,99941,100,100059,100,99940,100,100070,100,99927,100,100077,100,99922,100
2019-06-28 09:32:40.000000000,100019,257,99985,457,100020,252,99979,252,100024,252,99975,252,100027,100,99968,100,100034,100,99955,100,100037,100,99953,100,100059,100,99941,100,100070,100,99940,100,100077,100,99927,100,100078,100,99922,100
2019-06-28 09:32:50.000000000,100019,331,99985,531,100020,331,99979,331,100024,100,99975,100,100027,100,99968,100,100034,100,99955,100,100037,100,99953,100,100059,100,99941,100,100070,100,99940,100,100077,100,99927,100,100078,100,99922,100
2019-06-28 09:33:00.000000000,100019,331,99985,531,100020,331,99979,331,100024,100,99975,100,100027,100,99968,100,100034,100,99955,100,100037,100,99953,100,100059,100,99941,100,100070,100,99940,100,100077,100,99927,100,100078,100,99922,100
2019-06-28 09:33:10.000000000,100019,562,99985,762,100020,100,99979,100,100024,100,99975,100,100027,100,99968,100,100034,100,99955,100,100037,100,99953,100,100059,100,99941,100,100070,100,99940,100,100077,100,99927,100,100078,100,99922,100
2019-06-28 09:33:20.000000000,100019,562,99985,762,100020,100,99979,100,100024,100,99975,100,100027,100,99968,100,100034,100,99955,100,100037,100,99953,100,100059,100,99941,100,100070,100,99940,100,100077,100,99927,100,100078,100,99922,100
2019-06-28 09:33:30.000000000,100019,216,99985,416,100020,216,99979,216,100024,216,99975,216,100027,216,99968,216,100034,100,99955,100,100037,100,99953,100,100059,100,99941,100,100070,100,99940,100,100077,100,99927,100,100078,100,99922,100
2019-06-28 09:33:30.336692614,99986,100,99985,416,100019,216,99979,216,100020,216,99975,216,100024,216,99968,216,100027,216,99955,100,100034,100,99953,100,100037,100,99941,100,100059,100,99940,100,100070,100,99927,100,100077,100,99922,100
2019-06-28 09:33:40.000000000,99986,192,99985,392,100019,192,99979,192,100020,192,99975,192,100024,192,99968,192,100027,192,99955,192,100034,100,99953,100,100037,100,99941,100,100059,100,99940,100,100070,100,99927,100,100077,100,99922,100
2019-06-28 09:33:50.000000000,99986,216,99985,416,100019,216,99979,216,100020,216,99975,216,100024,216,99968,216,100027,100,99955,100,100034,100,99953,100,100037,100,99941,100,100059,100,99940,100,100070,100,99927,100,100077,100,99922,100
2019-06-28 09:33:54.512031400,99986,216,99985,416,100019,216,99979,216,100020,216,99975,216,100024,216,99968,216,100027,100,99955,100,100034,100,99953,100,100037,100,99941,100,100059,100,99940,100,100070,100,99927,100,100077,100,99922,100
2019-06-28 09:34:00.000000000,99986,331,99985,531,100019,331,99979,331,100020,100,99975,100,100024,100,99968,100,100027,100,99955,100,100034,100,99953,100,100037,100,99941,100,100059,100,99940,100,100070,100,99927,100,100077,100,99922,100
2019-06-28 09:34:07.215814150,99986,331,99985,431,100019,331,99979,331,100020,100,99975,100,100024,100,99968,100,100027,100,99955,100,100034,100,99953,100,100037,100,99941,100,100059,100,99940,100,100070,100,99927,100,100077,100,99922,100
2019-06-28 09:34:10.000000000,99986,216,99985,316,100019,216,99979,216,100020,216,99975,216,100024,216,99968,216,100027,100,99955,100,100034,100,99953,100,100037,100,99941,100,100059,100,99940,100,100070,100,99927,100,100077,100,99922,100
2019-06-28 09:34:10.997894754,99986,216,99985,216,100019,216,99979,216,100020,216,99975,216,100024,216,99968,216,100027,100,99955,100,100034,100,99953,100,100037,100,99941,100,100059,100,99940,100,100070,100,99927,100,100077,100,99922,100
2019-06-28 09:34:12.524388949,99986,216,99985,116,100019,216,99979,216,100020,216,99975,216,100024,216,99968,216,100034,100,99955,100,100037,100,99953,100,100059,100,99941,100,100070,100,99940,100,100077,100,99927,100,100078,100,99922,100
2019-06-28 09:34:20.000000000,99986,216,99979,216,100019,216,99975,216,100020,216,99968,216,100024,216,99955,216,100034,100,99953,100,100037,100,99941,100,100059,100,99940,100,100070,100,99927,100,100077,100,99922,100,100078,100,99915,100
2019-06-28 09:34:26.919360623,99985,100,99979,216,99986,216,99975,216,100019,216,99968,216,100020,216,99955,216,100024,216,99953,100,100034,100,99941,100,100037,100,99940,100,100059,100,99927,100,100070,100,99922,100,100077,100,99915,100
2019-06-28 09:34:30.000000000,99985,192,99979,192,99986,192,99975,192,100019,192,99968,192,100020,192,99955,192,100024,192,99953,192,100034,100,99941,100,100037,100,99940,100,100059,100,99927,100,100070,100,99922,100,100077,100,99915,100
2019-06-28 09:34:36.696091219,99985,192,99979,192,99986,192,99975,192,100019,192,99968,192,100020,192,99955,192,100024,192,99953,192,100034,100,99941,100,100037,100,99940,100,100059,100,99927,100,100070,100,99922,100,100077,100,99915,100
2019-06-28 09:34:40.000000000,99985,562,99979,562,99986,100,99975,100,100019,100,99968,100,100020,100,99955,100,100024,100,99953,100,100034,100,99941,100,100037,100,99940,100,100059,100,99927,100,100070,100,99922,100,100077,100,99915,100
2019-06-28 09:34:50.000000000,99985,562,99979,562,99986,100,99975,100,100019,100,99968,100,100020,100,99955,100,100024,100,99953,100,100034,100,99941,100,100037,100,99940,100,100059,100,99927,100,100070,100,99922,100,100077,100,99915,100
2019-06-28 09:35:00.000000000,99985,192,99979,192,99986,192,99975,192,100019,192,99968,192,100020,192,99955,192,100024,192,99953,192,100034,100,99941,100,100037,100,99940,100,100059,100,99927,100,100070,100,99922,100,100077,100,99915,100
2019-06-28 09:35:10.000000000,99985,257,99979,257,99986,252,99975,252,100019,252,99968,252,100020,100,99955,100,100024,100,99953,100,100034,100,99941,100,100037,100,99940,100,100059,100,99927,100,100070,100,99922,100,100077,100,99915,100
2019-06-28 09:35:20.000000000,99985,216,99979,216,99986,216,99975,216,100019,216,99968,216,100020,216,99955,216,100024,100,99953,100,100034,100,99941,100,100037,100,99940,100,100059,100,99927,100,100070,100,99922,100,100077,100,99915,100
2019-06-28 09:35:26.079899596,99985,116,99979,216,99986,216,99975,216,100019,216,99968,216,100020,216,99955,116,100024,100,99953,100,100034,100,99941,100,100037,100,99940,100,100059,100,99927,100,100070,100,99922,100,100077,100,99915,100
2019-06-28 09:35:30.000000000,99986,562,99979,562,100019,100,99975,100,100020,100,99968,100,100024,100,99953,100,100034,100,99941,100,100037,100,99940,100,100059,100,99927,100,100070,100,99922,100,100077,100,99915,100,100078,100,99913,100
2019-06-28 09:35:36.984150581,99986,562,99979,562,100019,100,99975,100,100020,100,99968,100,100024,100,99953,100,100034,100,99941,100,100037,100,99940,100,100059,100,99927,100,100070,100,99922,100,100077,100,99913,100,100078,100,99906,100
2019-06-28 09:35:40.000000000,99986,192,99979,192,100019,192,99975,192,100020,192,99968,192,100024,192,99953,192,100034,192,99941,192,100037,100,99940,100,100059,100,99927,100,100070,100,99922,100,100077,100,99913,100,100078,100,99906,100
2019-06-28 09:35:42.216684002,99986,192,99985,100,100019,192,99979,192,100020,192,99975,192,100024,192,99968,192,100034,192,99953,192,100037,100,99941,192,100059,100,99940,100,100070,100,99927,100,100077,100,99922,100,100078,100,99913,100
2019-06-28 09:35:45.374662841,99986,192,99985,100,100019,192,99979,192,100020,192,99975,192,100024,192,99968,192,100034,192,99953,192,100037,100,99941,192,100059,100,99940,100,100070,100,99927,100,100077,100,99922,100,100078,100,99913,100
2019-06-28 09:35:45.683696600,99986,192,99985,200,100019,192,99979,192,100020,192,99975,192,100024,192,99968,192,100034,192,99953,192,100037,100,99941,192,100059,100,99940,100,100070,100,99927,100,100077,100,99922,100,100078,100,99913,100
2019-06-28 09:35:50.000000000,99986,192,99985,292,100019,192,99979,192,100020,192,99975,192,100024,192,99968,192,100034,192,99953,192,100037,100,99941,100,100059,100,99940,100,100070,100,99927,100,100077,100,99922,100,100078,100,99913,100
2019-06-28 09:36:00.000000000,99986,331,99985,431,100019,331,99979,331,100020,100,99975,100,100024,100,99968,100,100034,100,99953,100,100037,100,99941,100,100059,100,99940,100,100070,100,99927,100,100077,100,99922,100,100078,100,99913,100
2019-06-28 09:36:00.667158629,99986,331,99985,431,100019,331,99979,331,100020,100,99975,100,100024,100,99968,100,100034,100,99953,100,100037,100,99941,100,100059,100,99940,100,100070,100,99927,100,100077,100,99922,100,100078,100,99913,100
2019-06-28 09:36:05.828602100,99986,331,99985,331,100019,331,99979,331,100020,100,99975,100,100034,100,99968,100,100037,100,99953,100,100059,100,99941,100,100070,100,99940,100,100077,100,99927,100,100078,100,99922,100,100083,100,99913,100
2019-06-28 09:36:10.000000000,99986,257,99985,257,100019,252,99979,252,100020,252,99975,252,100034,100,99968,100,100037,100,99953,100,100059,100,99941,100,100070,100,99940,100,100077,100,99927,100,100078,100,99922,100,100083,100,99913,100
2019-06-28 09:36:18.953195916,99986,157,99985,257,100019,252,99979,252,100020,252,99975,252,100034,100,99968,100,100037,100,99953,100,100059,100,99941,100,100070,100,99940,100,100077,100,99927,100,100078,100,99922,100,100083,100,99913,100
2019-06-28 09:36:20.000000000,100019,216,99985,216,100020,216,99979,216,100034,216,99975,216,100037,216,99968,216,100059,100,99953,100,100070,100,99941,100,100077,100,99940,100,100078,100,99927,100,100083,100,99922,100,100098,100,99913,100
2019-06-28 09:36:30.000000000,100019,257,99985,257,100020,252,99979,252,100034,252,99975,252,100037,100,99968,100,100059,100,99953,100,100070,100,99941,100,100077,100,99940,100,100078,100,99927,100,100083,100,99922,100,100098,100,99913,100
2019-06-28 09:36:40.000000000,100019,192,99985,192,100020,192,99979,192,100034,192,99975,192,100037,192,99968,192,100059,192,99953,192,100070,100,99941,100,100077,100,99940,100,100078,100,99927,100,100083,100,99922,100,100098,100,99913,100
2019-06-28 09:36:50.000000000,100019,216,99985,216,100020,216,99979,216,100034,216,99975,216,100037,216,99968,216,100059,100,99953,100,100070,100,99941,100,100077,100,99940,100,100078,100,99927,100,100083,100,99922,100,100098,100,99913,100
2019-06-28 09:36:51.067462496,100019,216,99985,216,100020,216,99979,216,100034,216,99975,216,100037,216,99968,216,100059,100,99953,100,100070,100,99941,100,100077,100,99940,100,100078,100,99927,100,100083,100,99922,100,100098,100,99913,100
2019-06-28 09:36:59.898491525,100019,116,99985,216,100020,216,99979,216,100034,216,99975,216,100037,216,99968,216,100059,100,99953,100,100070,100,99941,100,100077,100,99940,100,100078,100,99927,100,100083,100,99922,100,100098,100,99913,100
2019-06-28 09:37:00.000000000,100020,257,99985,257,100034,252,99979,252,100037,252,99975,252,100059,100,99968,100,100070,100,99953,100,100077,100,99941,100,100078,100,99940,100,100083,100,99927,100,100098,100,99922,100,100139,100,99913,100
2019-06-28 09:37:04.415875651,100020,257,99985,257,100034,252,99979,252,100037,252,99975,252,100059,100,99968,100,100070,100,99953,100,100077,100,99941,200,100078,100,99940,100,100083,100,99927,100,100098,100,99922,100,100139,100,99913,100
2019-06-28 09:37:10.000000000,100020,257,99985,257,100034,252,99979,252,100037,252,99975,252,100059,100,99968,100,100070,100,99953,100,100077,100,99941,200,100078,100,99940,100,100083,100,99927,100,100098,100,99922,100,100139,100,99913,100
2019-06-28 09:37:11.660376024,100020,257,99985,257,100034,252,99979,252,100037,252,99975,252,100059,100,99968,100,100070,100,99953,100,100077,100,99941,200,100078,100,99927,100,100083,100,99922,100,100098,100,99913,100,100139,100,99898,100
2019-06-28 09:37:17.669718639,100020,257,99985,257,100034,252,99979,252,100037,252,99975,252,100059,100,99968,100,100070,100,99953,100,100077,100,99941,200,100078,100,99927,100,100083,100,99922,100,100098,100,99913,100,100139,100,99898,100
2019-06-28 09:37:20.000000000,100020,562,99985,562,100034,100,99979,100,100037,100,99975,100,100059,100,99968,100,100070,100,99953,100,100077,100,99941,200,100078,100,99927,100,100083,100,99922,100,100098,100,99913,100,100139,100,99898,100
2019-06-28 09:37:30.000000000,100020,257,99985,257,100034,252,99979,252,100037,252,99975,252,100059,100,99968,100,100070,100,99953,100,100077,100,99941,200,100078,100,99927,100,100083,100,99922,100,100098,100,99913,100,100139,100,99898,100
2019-06-28 09:37:36.654920450,100020,157,99985,257,100034,252,99979,252,100037,252,99975,252,100059,100,99968,100,100070,100,99953,100,100077,100,99941,200,100078,100,99927,100,100083,100,99922,100,100098,100,99913,100,100139,100,99898,100
2019-06-28 09:37:40.000000000,100034,562,99985,562,100037,100,99979,100,100059,100,99975,100,100070,100,99968,100,100077,100,99953,100,100078,100,99941,200,100083,100,99927,100,100098,100,99922,100,100139,100,99913,100,100149,100,99898,100
2019-06-28 09:37:43.374437522,100034,562,99985,562,100037,100,99979,100,100059,100,99975,100,100070,100,99968,100,100077,100,99953,100,100078,100,99941,200,100083,100,99927,100,100098,100,99922,100,100139,100,99913,100,100149,100,99898,100
2019-06-28 09:37:50.000000000,100034,257,99985,257,100037,252,99979,252,100059,252,99975,252,100070,100,99968,100,100077,100,99953,100,100078,100,99941,200,100083,100,99927,100,100098,100,99922,100,100139,100,99913,100,100149,100,99898,100
2019-06-28 09:38:00.000000000,100034,331,99985,331,100037,331,99979,331,100059,100,99975,100,100070,100,99968,100,100077,100,99953,100,100078,100,99941,200,100083,100,99927,100,100098,100,99922,100,100139,100,99913,100,100149,100,99898,100
2019-06-28 09:38:10.000000000,100034,257,99985,257,100037,252,99979,252,100059,252,99975,252,100070,100,99968,100,100077,100,99953,100,100078,100,99941,200,100083,100,99927,100,100098,100,99922,100,100139,100,99913,100,100149,100,99898,100
2019-06-28 09:38:20.000000000,100034,331,99985,331,100037,331,99979,331,100059,100,99975,100,100070,100,99968,100,100077,100,99953,100,100078,100,99941,200,100083,100,99927,100,100098,100,99922,100,100139,100,99913,100,100149,100,99898,100
2019-06-28 09:38:30.000000000,100034,562,99985,562,100037,100,99979,100,100059,100,99975,100,100070,100,99968,100,100077,100,99953,100,100078,100,99941,200,100083,100,99927,100,100098,100,99922,100,100139,100,99913,100,100149,100,99898,100
2019-06-28 09:38:32.610554884,100034,462,99985,562,100037,100,99979,100,100059,100,99975,100,100070,100,99968,100,100077,100,99953,100,100078,100,99941,200,100083,100,99927,100,100098,100,99922,100,100139,100,99913,100,100149,100,99898,100
2019-06-28 09:38:40.000000000,100037,192,99985,192,100059,192,99979,192,100070,192,99975,192,100077,192,99968,192,100078,192,99953,192,100083,100,99941,200,100098,100,99927,100,100139,100,99922,100,100149,100,99913,100,100176,100,99898,100
2019-06-28 09:38:50.000000000,100037,257,99985,257,100059,252,99979,252,100070,252,99975,252,100077,100,99968,100,100078,100,99953,100,100083,100,99941,200,100098,100,99927,100,100139,100,99922,100,100149,100,99913,100,100176,100,99898,100
2019-06-28 09:38:51.734507626,100037,257,100020,100,100059,252,99985,257,100070,252,99979,252,100077,100,99975,252,100078,100,99968,100,100083,100,99953,100,100098,100,99941,200,100139,100,99927,100,100149,100,99922,100,100176,100,99913,100
2019-06-28 09:39:00.000000000,100037,192,100020,192,100059,192,99985,192,100070,192,99979,192,100077,192,99975,192,100078,192,99968,192,100083,100,99953,100,100098,100,99941,200,100139,100,99927,100,100149,100,99922,100,100176,100,99913,100
2019-06-28 09:39:10.000000000,100037,192,100020,192,100059,192,99985,192,100070,192,99979,192,100077,192,99975,192,100078,192,99968,192,100083,100,99953,100,100098,100,99941,200,100139,100,99927,100,100149,100,99922,100,100176,100,99913,100
2019-06-28 09:39:20.000000000,100037,257,100020,257,100059,252,99985,252,100070,252,99979,252,100077,100,99975,100,100078,100,99968,100,100083,100,99953,100,100098,100,99941,200,100139,100,99927,100,100149,100,99922,100,100176,100,99913,100
2019-06-28 09:39:30.000000000,100037,331,100020,331,100059,331,99985,331,100070,100,99979,100,100077,100,99975,100,100078,100,99968,100,100083,100,99953,100,100098,100,99941,200,100139,100,99927,100,100149,100,99922,100,100176,100,99913,100
2019-06-28 09:39:32.042077870,100037,331,100020,331,100059,331,99985,331,100070,100,99979,100,100077,100,99975,100,100078,100,99968,100,100083,100,99953,100,100098,100,99941,200,100139,100,99927,100,100149,100,99922,100,100176,100,99913,100
2019-06-28 09:39:32.751724879,100037,331,100020,431,100059,331,99985,331,100070,100,99979,100,100077,100,99975,100,100078,100,99968,100,100083,100,99953,100,100098,100,99941,200,100139,100,99927,100,100149,100,99922,100,100176,100,99913,100
2019-06-28 09:39:40.000000000,100037,216,100020,316,100059,216,99985,216,100070,216,99979,216,100077,216,99975,216,100078,100,99968,100,100083,100,99953,100,100098,100,99941,200,100139,100,99927,100,100149,100,99922,100,100176,100,99913,100
2019-06-28 09:39:40.900700690,100037,216,100020,316,100059,216,99985,216,100070,216,99979,216,100077,216,99975,216,100078,100,99968,100,100083,100,99953,100,100098,100,99941,200,100139,100,99927,100,100149,100,99922,100,100176,100,99913,100
2019-06-28 09:39:47.011488907,100037,216,100020,216,100059,216,99985,216,100070,216,99979,216,100077,216,99975,216,100078,100,99968,100,100083,100,99953,100,100098,100,99941,200,100139,100,99927,100,100149,100,99922,100,100176,100,99913,100
2019-06-28 09:39:50.000000000,100037,331,100020,331,100059,331,99985,331,100070,100,99979,100,100077,100,99975,100,100078,100,99968,100,100083,100,99953,100,100098,100,99941,200,100139,100,99927,100,100149,100,99922,100,100176,100,99913,100
2019-06-28 09:40:00.000000000,100037,216,100020,216,100059,216,99985,216,100070,216,99979,216,100077,216,99975,216,100078,100,99968,100,100083,100,99953,100,100098,100,99941,200,100139,100,99927,100,100149,100,99922,100,100176,100,99913,100
2019-06-28 09:40:10.000000000,100037,192,100020,192,100059,192,99985,192,100070,192,99979,192,100077,192,99975,192,100078,192,99968,192,100083,100,99953,100,100098,100,99941,200,100139,100,99927,100,100149,100,99922,100,100176,100,99913,100
2019-06-28 09:40:20.000000000,100037,257,100020,257,100059,252,99985,252,100070,252,99979,252,100077,100,99975,100,100078,100,99968,100,100083,100,99953,100,100098,100,99941,200,100139,100,99927,100,100149,100,99922,100,100176,100,99913,100
2019-06-28 09:40:22.514075863,100037,157,100020,257,100059,252,99985,252,100070,252,99979,252,100077,100,99975,100,100078,100,99968,100,100083,100,99953,100,100098,100,99941,200,100149,100,99927,100,100176,100,99922,100,100221,100,99913,100
2019-06-28 09:40:30.000000000,100059,192,100020,192,100070,192,99985,192,100077,192,99979,192,100078,192,99975,192,100083,192,99968,192,100098,100,99953,100,100149,100,99941,200,100176,100,99927,100,100221,100,99922,100,100253,200,99913,100
2019-06-28 09:40:40.000000000,100059,331,100020,331,100070,331,99985,331,100077,100,99979,100,100078,100,99975,100,100083,100,99968,100,100098,100,99953,100,100149,100,99941,200,100176,100,99927,100,100221,100,99922,100,100253,200,99913,100
2019-06-28 09:40:50.000000000,100059,192,100020,192,100070,192,99985,192,100077,192,99979,192,100078,192,99975,192,100083,192,99968,192,100098,100,99953,100,100149,100,99941,200,100176,100,99927,100,100221,100,99922,100,100253,200,99913,100
2019-06-28 09:41:00.000000000,100059,562,100020,562,100070,100,99985,100,100077,100,99979,100,100078,100,99975,100,100083,100,99968,100,100098,100,99953,100,100149,100,99941,200,100176,100,99927,100,100221,100,99922,100,100253,200,99913,100
2019-06-28 09:41:10.000000000,100059,257,100020,257,100070,252,99985,252,100077,252,99979,252,100078,100,99975,100,100083,100,99968,100,100098,100,99953,100,100149,100,99941,200,100176,100,99927,100,100221,100,99922,100,100253,200,99913,100
2019-06-28 09:41:20.000000000,100059,216,100020,216,100070,216,99985,216,100077,216,99979,216,100078,216,99975,216,100083,100,99968,100,100098,100,99953,100,100149,100,99941,200,100176,100,99927,100,100221,100,99922,100,100253,200,99913,100
2019-06-28 09:41:29.922467349,100059,116,100020,216,100070,216,99985,216,100077,216,99979,116,100078,216,99975,216,100083,100,99968,100,100098,100,99953,100,100149,100,99941,200,100176,100,99927,100,100221,100,99922,100,100253,200,99913,100
2019-06-28 09:41:30.000000000,100070,257,100020,257,100077,252,99985,252,100078,252,99975,252,100083,100,99968,100,100098,100,99953,100,100149,100,99941,200,100176,100,99927,100,100221,100,99922,100,100253,200,99913,100,100259,100,99898,100
2019-06-28 09:41:38.792069953,100070,157,100020,257,100077,252,99985,252,100078,252,99975,252,100083,100,99968,100,100098,100,99953,100,100149,100,99941,200,100176,100,99927,100,100221,100,99922,100,100253,200,99913,100,100259,100,99898,100
2019-06-28 09:41:40.000000000,100077,331,100020,331,100078,331,99985,331,100083,100,99975,100,100098,100,99968,100,100149,100,99953,100,100176,100,99941,200,100221,100,99927,100,100253,200,99922,100,100259,100,99913,100,100334,100,99898,100
2019-06-28 09:41:50.000000000,100077,216,100020,216,100078,216,99985,216,100083,216,99975,216,100098,216,99968,216,100149,100,99953,100,100176,100,99941,200,100221,100,99927,100,100253,200,99922,100,100259,100,99913,100,100334,100,99898,100
2019-06-28 09:42:00.000000000,100077,331,100020,331,100078,331,99985,331,100083,100,99975,100,100098,100,99968,100,100149,100,99953,100,100176,100,99941,200,100221,100,99927,100,100253,200,99922,100,100259,100,99913,100,100334,100,99898,100
2019-06-28 09:42:10.000000000,100077,562,100020,562,100078,100,99985,100,100083,100,99975,100,100098,100,99968,100,100149,100,99953,100,100176,100,99941,200,100221,100,99927,100,100253,200,99922,100,100259,100,99913,100,100334,100,99898,100
2019-06-28 09:42:20.000000000,100077,257,100020,257,100078,252,99985,252,100083,252,99975,252,100098,100,99968,100,100149,100,99953,100,100176,100,99941,200,100221,100,99927,100,100253,200,99922,100,100259,100,99913,100,100334,100,99898,100
2019-06-28 09:42:30.000000000,100077,562,100020,562,100078,100,99985,100,100083,100,99975,100,100098,100,99968,100,100149,100,99953,100,100176,100,99941,200,100221,100,99927,100,100253,200,99922,100,100259,100,99913,100,100334,100,99898,100
2019-06-28 09:42:34.117790414,100077,562,100020,462,100078,100,99985,100,100083,100,99975,100,100098,100,99968,100,100149,100,99953,100,100176,100,99941,200,100221,100,99927,100,100253,200,99922,100,100259,100,99913,100,100334,100,99898,100
2019-06-28 09:42:40.000000000,100077,192,99985,192,100078,192,99975,192,100083,192,99968,192,100098,192,99953,192,100149,192,99941,292,100176,100,99927,100,100221,100,99922,100,100253,200,99913,100,100259,100,99898,100,100334,100,99891,100
2019-06-28 09:42:49.047814332,100069,100,99985,192,100077,192,99975,192,100078,192,99968,192,100083,192,99953,192,100098,192,99941,292,100149,192,99927,100,100176,100,99922,100,100221,100,99913,100,100253,200,99898,100,100259,100,99891,100
2019-06-28 09:42:50.000000000,100069,192,99985,192,100077,192,99975,192,100078,192,99968,192,100083,192,99953,192,100098,192,99941,292,100149,100,99927,100,100176,100,99922,100,100221,100,99913,100,100253,200,99898,100,100259,100,99891,100
2019-06-28 09:42:55.691043763,100069,192,99985,192,100077,192,99975,192,100078,192,99968,192,100083,192,99953,192,100098,192,99941,292,100149,100,99927,100,100176,100,99922,100,100221,100,99913,100,100253,200,99898,100,100259,100,99891,100
2019-06-28 09:43:00.000000000,100069,562,99985,562,100077,100,99975,100,100078,100,99968,100,100083,100,99953,100,100098,100,99941,200,100149,100,99927,100,100176,100,99922,100,100221,100,99913,100,100253,200,99898,100,100259,100,99891,100
2019-06-28 09:43:02.453102817,100069,562,100030,100,100077,100,99985,562,100078,100,99975,100,100083,100,99968,100,100098,100,99953,100,100149,100,99941,200,100176,100,99927,100,100221,100,99922,100,100253,200,99913,100,100259,100,99898,100
2019-06-28 09:43:10.000000000,100069,257,100030,257,100077,252,99985,252,100078,252,99975,252,100083,100,99968,100,100098,100,99953,100,100149,100,99941,200,100176,100,99927,100,100221,100,99922,100,100253,200,99913,100,100259,100,99898,100
2019-06-28 09:43:20.000000000,100069,562,100030,562,100077,100,99985,100,100078,100,99975,100,100083,100,99968,100,100098,100,99953,100,100149,100,99941,200,100176,100,99927,100,100221,100,99922,100,100253,200,99913,100,100259,100,99898,100
2019-06-28 09:43:29.331003120,100069,562,100030,562,100077,100,99985,100,100078,100,99975,100,100083,100,99968,100,100098,100,99953,100,100149,100,99941,200,100176,100,99927,100,100221,100,99922,100,100253,200,99913,100,100259,100,99898,100
2019-06-28 09:43:29.386337658,100069,562,100030,562,100077,100,99985,100,100078,100,99975,100,100083,100,99968,100,100098,100,99953,100,100149,100,99941,200,100176,100,99927,100,100221,100,99922,100,100253,200,99913,100,100259,100,99898,100
2019-06-28 09:43:30.000000000,100069,331,100030,331,100077,331,99985,331,100078,100,99975,100,100083,100,99968,100,100098,100,99953,100,100149,100,99941,200,100176,100,99927,100,100221,100,99922,100,100253,200,99913,100,100259,100,99898,100
2019-06-28 09:43:40.000000000,100069,331,100030,331,100077,331,99985,331,100078,100,99975,100,100083,100,99968,100,100098,100,99953,100,100149,100,99941,200,100176,100,99927,100,100221,100,99922,100,100253,200,99913,100,100259,100,99898,100
2019-06-28 09:43:50.000000000,100069,216,100030,216,100077,216,99985,216,100078,216,99975,216,100083,216,99968,216,100098,100,99953,100,100149,100,99941,200,100176,100,99927,100,100221,100,99922,100,100253,200,99913,100,100259,100,99898,100
2019-06-28 09:43:51.185217076,100069,216,100030,216,100077,216,99985,216,100078,216,99975,216,100083,216,99968,216,100098,100,99953,100,100149,100,99941,200,100176,100,99927,100,100221,100,99922,100,100253,200,99913,100,100334,100,99898,100
2019-06-28 09:44:00.000000000,100069,216,100030,216,100077,216,99985,216,100078,216,99975,216,100083,216,99968,216,100098,100,99953,100,100149,100,99941,200,100176,100,99927,100,100221,100,99922,100,100253,200,99913,100,100334,100,99898,100
2019-06-28 09:44:10.000000000,100069,192,100030,192,100077,192,99985,192,100078,192,99975,192,100083,192,99968,192,100098,192,99953,192,100149,100,99941,200,100176,100,99927,100,100221,100,99922,100,100253,200,99913,100,100334,100,99898,100
2019-06-28 09:44:10.427808910,100069,192,100030,92,100077,192,99985,192,100078,192,99975,192,100083,192,99968,192,100098,192,99953,192,100149,100,99941,200,100176,100,99927,100,100221,100,99922,100,100253,200,99913,100,100334,100,99898,100
2019-06-28 09:44:11.072111377,100030,8,99985,192,100069,192,99975,192,100077,192,99968,192,100078,192,99953,192,100083,192,99941,200,100098,192,99927,100,100149,100,99922,100,100176,100,99913,100,100221,100,99898,100,100253,200,99891,100
2019-06-28 09:44:20.000000000,100030,100,99985,192,100069,192,99975,192,100077,192,99968,192,100078,192,99953,192,100083,192,99941,292,100098,100,99927,100,100149,100,99922,100,100176,100,99913,100,100221,100,99898,100,100253,200,99891,100
2019-06-28 09:44:21.326847488,100030,100,99985,192,100069,192,99983,100,100077,192,99975,192,100078,192,99968,192,100083,192,99953,192,100098,100,99941,192,100149,100,99927,100,100176,100,99922,100,100221,100,99913,100,100253,200,99898,100
2019-06-28 09:44:26.469541891,100069,192,99985,192,100077,192,99983,100,100078,192,99975,192,100083,192,99968,192,100098,100,99953,192,100176,100,99941,192,100221,100,99927,100,100253,200,99922,100,100334,100,99913,100,100539,100,99898,100
2019-06-28 09:44:30.000000000,100069,562,99985,562,100077,100,99983,100,100078,100,99975,100,100083,100,99968,100,100098,100,99953,100,100176,100,99941,100,100221,100,99927,100,100253,200,99922,100,100334,100,99913,100,100539,100,99898,100
2019-06-28 09:44:31.286926175,100069,562,99985,562,100077,100,99983,100,100078,100,99975,100,100083,100,99968,100,100098,100,99941,100,100176,100,99927,100,100217,100,99922,100,100221,100,99913,100,100253,200,99898,100,100334,100,99891,100
2019-06-28 09:44:40.000000000,100069,331,99985,331,100077,331,99983,331,100078,100,99975,100,100083,100,99968,100,100098,100,99941,100,100176,100,99927,100,100217,100,99922,100,100221,100,99913,100,100253,200,99898,100,100334,100,99891,100
2019-06-28 09:44:50.000000000,100069,257,99985,257,100077,252,99983,252,100078,252,99975,252,100083,100,99968,100,100098,100,99941,100,100176,100,99927,100,100217,100,99922,100,100221,100,99913,100,100253,200,99898,100,100334,100,99891,100
2019-06-28 09:44:53.888387197,100069,157,99985,257,100077,252,99983,252,100078,252,99975,252,100083,100,99941,100,100098,100,99927,100,100176,100,99922,100,100217,100,99913,100,100221,100,99898,100,100253,200,99891,100,100334,100,99875,100
2019-06-28 09:45:00.000000000,100077,331,99985,331,100078,331,99983,331,100083,100,99975,100,100098,100,99941,100,100176,100,99927,100,100217,100,99922,100,100221,100,99913,100,100253,200,99898,100,100334,100,99891,100,100539,100,99875,100
2019-06-28 09:45:10.000000000,100077,257,99985,257,100078,252,99983,252,100083,252,99975,252,100098,100,99941,100,100176,100,99927,100,100217,100,99922,100,100221,100,99913,100,100253,200,99898,100,100334,100,99891,100,100539,100,99875,100
2019-06-28 09:45:20.000000000,100077,562,99985,562,100078,100,99983,100,100083,100,99975,100,100098,100,99941,100,100176,100,99927,100,100217,100,99922,100,100221,100,99913,100,100253,200,99898,100,100334,100,99891,100,100539,100,99875,100
2019-06-28 09:45:29.383483816,100077,462,99985,562,100083,100,99983,100,100098,100,99975,100,100176,100,99941,100,100217,100,99927,100,100221,100,99922,100,100253,200,99913,100,100334,100,99898,100,100539,100,99891,100,,,99875,100
2019-06-28 09:45:30.000000000,100083,192,99985,192,100098,192,99983,192,100176,192,99975,192,100217,192,99941,192,100221,192,99927,192,100253,200,99922,100,100334,100,99913,100,100539,100,99898,100,,,99891,100,,,99875,100
2019-06-28 09:45:36.536809828,100083,192,100069,100,100098,192,99985,192,100176,192,99983,192,100217,192,99975,192,100221,192,99941,192,100253,200,99927,192,100334,100,99922,100,100539,100,99913,100,,,99898,100,,,99891,100
2019-06-28 09:45:40.000000000,100083,331,100069,331,100098,331,99985,331,100176,100,99983,100,100217,100,99975,100,100221,100,99941,100,100253,200,99927,100,100334,100,99922,100,100539,100,99913,100,,,99898,100,,,99891,100
2019-06-28 09:45:41.080615218,100083,331,100069,331,100098,331,99985,331,100176,100,99983,100,100217,100,99975,100,100221,100,99941,100,100253,200,99927,100,100334,100,99922,100,100539,100,99913,100,101198,100,99898,100,,,99891,100
2019-06-28 09:45:46.308745853,100083,331,100069,431,100098,331,99985,331,100176,100,99983,100,100217,100,99975,100,100221,100,99941,100,100253,200,99927,100,100334,100,99922,100,100539,100,99913,100,101198,100,99898,100,,,99891,100
2019-06-28 09:45:50.000000000,100083,562,100069,662,100098,100,99985,100,100176,100,99983,100,100217,100,99975,100,100221,100,99941,100,100253,200,99927,100,100334,100,99922,100,100539,100,99913,100,101198,100,99898,100,,,99891,100
2019-06-28 09:46:00.000000000,100083,562,100069,662,100098,100,99985,100,100176,100,99983,100,100217,100,99975,100,100221,100,99941,100,100253,200,99927,100,100334,100,99922,100,100539,100,99913,100,101198,100,99898,100,,,99891,100
2019-06-28 09:46:10.000000000,100083,562,100069,662,100098,100,99985,100,100176,100,99983,100,100217,100,99975,100,100221,100,99941,100,100253,200,99927,100,100334,100,99922,100,100539,100,99913,100,101198,100,99898,100,,,99891,100
2019-06-28 09:46:13.759218610,100083,562,100069,762,100098,100,99985,100,100176,100,99983,100,100217,100,99975,100,100221,100,99941,100,100253,200,99927,100,100334,100,99922,100,100539,100,99913,100,101198,100,99898,100,,,99891,100
2019-06-28 09:46:17.219600667,100083,562,100069,762,100098,100,99985,100,100176,100,99983,100,100217,100,99975,100,100221,100,99941,100,100253,200,99927,100,100334,100,99922,100,100539,100,99913,100,101198,100,99898,100,,,99891,100
2019-06-28 09:46:20.000000000,100083,562,100069,762,100098,100,99985,100,100176,100,99983,100,100217,100,99975,100,100221,100,99941,100,100253,200,99927,100,100334,100,99922,100,100539,100,99913,100,101198,100,99898,100,,,99891,100
2019-06-28 09:46:23.267152032,100083,462,100069,762,100098,100,99985,100,100176,100,99983,100,100217,100,99975,100,100221,100,99941,100,100253,200,99927,100,100334,100,99922,100,100539,100,99913,100,100715,100,99898,100,101198,100,99891,100
2019-06-28 09:46:29.285743907,100083,462,100069,762,100098,100,99985,100,100176,100,99983,100,100217,100,99975,100,100221,100,99941,100,100253,200,99927,100,100334,100,99922,100,100539,100,99913,100,100643,100,99898,100,100715,100,99891,100
2019-06-28 09:46:30.000000000,100098,562,100069,762,100176,100,99985,100,100217,100,99983,100,100221,100,99975,100,100253,200,99941,100,100334,100,99927,100,100539,100,99922,100,100643,100,99913,100,100715,100,99898,100,101198,100,99891,100
2019-06-28 09:46:40.000000000,100098,562,100069,762,100176,100,99985,100,100217,100,99983,100,100221,100,99975,100,100253,200,99941,100,100334,100,99927,100,100539,100,99922,100,100643,100,99913,100,100715,100,99898,100,101198,100,99891,100
2019-06-28 09:46:41.187855581,100098,562,100069,762,100176,100,99985,100,100217,100,99983,100,100221,100,99975,100,100253,200,99941,100,100334,100,99927,100,100539,100,99922,100,100643,100,99913,100,100715,100,99898,100,101198,100,99891,100
2019-06-28 09:46:46.622713807,100098,462,100069,762,100176,100,99985,100,100217,100,99983,100,100221,100,99975,100,100253,200,99941,100,100539,100,99927,100,100643,100,99922,100,100715,100,99913,100,101198,100,99898,100,,,99891,100
2019-06-28 09:46:50.000000000,100176,192,100069,392,100217,192,99985,192,100221,192,99983,192,100253,292,99975,192,100539,192,99941,192,100643,100,99927,100,100715,100,99922,100,101198,100,99913,100,,,99898,100,,,99891,100
2019-06-28 09:46:53.003712387,100176,192,100069,392,100217,192,99985,192,100221,192,99983,192,100253,292,99975,192,100539,192,99941,192,100643,100,99927,100,100715,200,99922,100,101198,100,99913,100,,,99898,100,,,99891,100
2019-06-28 09:46:55.044486986,100176,192,100069,392,100217,192,99985,192,100221,192,99983,192,100253,292,99975,192,100539,192,99941,192,100643,100,99927,100,100715,200,99922,100,100831,100,99913,100,101198,100,99898,100,,,99891,100
2019-06-28 09:47:00.000000000,100176,257,100069,457,100217,252,99985,252,100221,252,99983,252,100253,200,99975,100,100539,100,99941,100,100643,100,99927,100,100715,200,99922,100,100831,100,99913,100,101198,100,99898,100,,,99891,100
2019-06-28 09:47:10.000000000,100176,562,100069,762,100217,100,99985,100,100221,100,99983,100,100253,200,99975,100,100539,100,99941,100,100643,100,99927,100,100715,200,99922,100,100831,100,99913,100,101198,100,99898,100,,,99891,100
2019-06-28 09:47:17.398009368,100176,562,100077,100,100217,100,100069,762,100221,100,99985,100,100253,200,99983,100,100539,100,99975,100,100643,100,99941,100,100715,200,99927,100,100831,100,99922,100,101198,100,99913,100,,,99898,100
2019-06-28 09:47:20.000000000,100176,257,100077,257,100217,252,100069,452,100221,252,99985,252,100253,200,99983,100,100539,100,99975,100,100643,100,99941,100,100715,200,99927,100,100831,100,99922,100,101198,100,99913,100,,,99898,100
2019-06-28 09:47:26.595748698,100176,157,100077,257,100217,252,100069,452,100221,252,99985,252,100253,200,99983,100,100539,100,99975,100,100643,100,99941,100,100715,200,99927,100,100831,100,99922,100,101198,100,99913,100,,,99891,100
2019-06-28 09:47:30.000000000,100217,216,100077,216,100221,216,100069,416,100253,316,99985,216,100539,216,99983,216,100643,100,99975,100,100715,200,99941,100,100831,100,99927,100,101198,100,99922,100,,,99913,100,,,99891,100
2019-06-28 09:47:40.000000000,100217,216,100077,216,100221,216,100069,416,100253,316,99985,216,100539,216,99983,216,100643,100,99975,100,100715,200,99941,100,100831,100,99927,100,101198,100,99922,100,,,99913,100,,,99891,100
2019-06-28 09:47:50.000000000,100217,331,100077,331,100221,331,100069,531,100253,200,99985,100,100539,100,99983,100,100643,100,99975,100,100715,200,99941,100,100831,100,99927,100,101198,100,99922,100,,,99913,100,,,99891,100
2019-06-28 09:47:55.053185328,100217,331,100077,331,100221,331,100069,531,100253,200,99985,100,100496,100,99983,100,100539,100,99975,100,100643,100,99941,100,100715,100,99927,100,100831,100,99922,100,101198,100,99913,100,,,99891,100
2019-06-28 09:47:56.016788493,100217,331,100077,331,100221,331,100069,531,100253,200,99985,100,100330,100,99983,100,100496,100,99975,100,100539,100,99941,100,100715,100,99927,100,100831,100,99922,100,101198,100,99913,100,,,99891,100
2019-06-28 09:47:57.236959019,100217,331,100077,331,100221,331,100069,531,100253,200,99985,100,100330,100,99983,100,100400,100,99975,100,100496,100,99941,100,100539,100,99927,100,100715,100,99922,100,100831,100,99913,100,101198,100,99891,100
2019-06-28 09:48:00.000000000,100217,192,100077,192,100221,192,100069,392,100253,292,99985,192,100330,192,99983,192,100400,192,99975,192,100496,100,99941,100,100539,100,99927,100,100715,100,99922,100,100831,100,99913,100,101198,100,99891,100
2019-06-28 09:48:10.000000000,100217,331,100077,331,100221,331,100069,531,100253,200,99985,100,100330,100,99983,100,100400,100,99975,100,100496,100,99941,100,100539,100,99927,100,100715,100,99922,100,100831,100,99913,100,101198,100,99891,100
2019-06-28 09:48:13.434944230,100217,331,100077,331,100221,331,100069,531,100253,200,99985,100,100400,100,99983,100,100496,100,99975,100,100539,100,99941,100,100715,100,99927,100,100831,100,99922,100,101198,100,99913,100,,,99896,100
2019-06-28 09:48:20.000000000,100217,562,100077,562,100221,100,100069,300,100253,200,99985,100,100400,100,99983,100,100496,100,99975,100,100539,100,99941,100,100715,100,99927,100,100831,100,99922,100,101198,100,99913,100,,,99896,100
2019-06-28 09:48:30.000000000,100217,257,100077,257,100221,252,100069,452,100253,352,99985,252,100400,100,99983,100,100496,100,99975,100,100539,100,99941,100,100715,100,99927,100,100831,100,99922,100,101198,100,99913,100,,,99896,100
2019-06-28 09:48:40.000000000,100217,331,100077,331,100221,331,100069,531,100253,200,99985,100,100400,100,99983,100,100496,100,99975,100,100539,100,99941,100,100715,100,99927,100,100831,100,99922,100,101198,100,99913,100,,,99896,100
2019-06-28 09:48:50.000000000,100217,257,100077,257,100221,252,100069,452,100253,352,99985,252,100400,100,99983,100,100496,100,99975,100,100539,100,99941,100,100715,100,99927,100,100831,100,99922,100,101198,100,99913,100,,,99896,100
2019-06-28 09:48:59.369951055,100217,157,100077,257,100221,252,100069,452,100253,352,99985,252,100400,100,99983,100,100496,100,99975,100,100539,100,99941,100,100715,100,99927,100,100831,100,99922,100,101198,100,99913,100,,,99896,100
2019-06-28 09:49:00.000000000,100221,192,100077,192,100253,292,100069,392,100400,192,99985,192,100496,192,99983,192,100539,192,99975,192,100715,100,99941,100,100831,100,99927,100,101198,100,99922,100,,,99913,100,,,99896,100
2019-06-28 09:49:10.000000000,100221,331,100077,331,100253,431,100069,531,100400,100,99985,100,100496,100,99983,100,100539,100,99975,100,100715,100,99941,100,100831,100,99927,100,101198,100,99922,100,,,99913,100,,,99896,100
2019-06-28 09:49:18.639991838,100221,331,100077,331,100253,431,100069,531,100345,100,99985,100,100400,100,99983,100,100496,100,99975,100,100539,100,99941,100,100831,100,99927,100,101198,100,99922,100,,,99913,100,,,99896,100
2019-06-28 09:49:20.000000000,100221,216,100077,216,100253,316,100069,416,100345,216,99985,216,100400,216,99983,216,100496,100,99975,100,100539,100,99941,100,100831,100,99927,100,101198,100,99922,100,,,99913,100,,,99896,100
2019-06-28 09:49:30.000000000,100221,192,100077,192,100253,292,100069,392,100345,192,99985,192,100400,192,99983,192,100496,192,99975,192,100539,100,99941,100,100831,100,99927,100,101198,100,99922,100,,,99913,100,,,99896,100
2019-06-28 09:49:33.019642013,100216,100,100077,192,100221,192,100069,392,100253,292,99985,192,100345,192,99983,192,100400,192,99975,192,100496,192,99941,100,100539,100,99927,100,100831,100,99922,100,101198,100,99913,100,,,99896,100
2019-06-28 09:49:35.894041479,100176,100,100077,192,100216,100,100069,392,100221,192,99985,192,100253,292,99983,192,100345,192,99975,192,100400,192,99941,100,100496,192,99927,100,100539,100,99922,100,100831,100,99913,100,101198,100,99896,100
2019-06-28 09:49:40.000000000,100176,331,100077,331,100216,331,100069,531,100221,100,99985,100,100253,200,99983,100,100345,100,99975,100,100400,100,99941,100,100496,100,99927,100,100539,100,99922,100,100831,100,99913,100,101198,100,99896,100
2019-06-28 09:49:50.000000000,100176,562,100077,562,100216,100,100069,300,100221,100,99985,100,100253,200,99983,100,100345,100,99975,100,100400,100,99941,100,100496,100,99927,100,100539,100,99922,100,100831,100,99913,100,101198,100,99896,100
2019-06-28 09:49:57.100421894,100176,562,100077,562,100216,100,100069,300,100221,100,99985,100,100253,200,99983,100,100345,100,99975,100,100400,100,99941,100,100496,100,99927,100,100539,100,99922,100,100831,100,99913,100,101198,100,99896,100
2019-06-28 09:50:00.000000000,100176,216,100077,216,100216,216,100069,416,100221,216,99985,216,100253,316,99983,216,100345,100,99975,100,100400,100,99941,100,100496,100,99927,100,100539,100,99922,100,100831,100,99913,100,101198,100,99896,100
2019-06-28 09:50:10.000000000,100176,192,100077,192,100216,192,100069,392,100221,192,99985,192,100253,292,99983,192,100345,192,99975,192,100400,100,99941,100,100496,100,99927,100,100539,100,99922,100,100831,100,99913,100,101198,100,99896,100
2019-06-28 09:50:18.643040647,100176,192,100077,92,100216,192,100069,392,100221,192,99985,192,100253,292,99983,192,100345,192,99975,192,100400,100,99941,100,100496,100,99927,100,100539,100,99922,100,100831,100,99913,100,101198,100,99896,100
2019-06-28 09:50:20.000000000,100176,192,100069,392,100216,192,99985,192,100221,192,99983,192,100253,292,99975,192,100345,192,99941,192,100400,100,99927,100,100496,100,99922,100,100539,100,99913,100,100831,100,99896,100,101198,100,99891,100
2019-06-28 09:50:21.771710540,100175,100,100069,392,100176,192,99985,192,100216,192,99983,192,100221,192,99975,192,100253,292,99941,192,100345,192,99927,100,100400,100,99922,100,100496,100,99913,100,100539,100,99896,100,100831,100,99891,100
2019-06-28 09:50:22.749550141,100175,100,100069,292,100176,192,99985,192,100216,192,99983,192,100221,192,99975,192,100253,292,99941,192,100345,192,99927,100,100400,100,99922,100,100539,100,99913,100,100831,100,99896,100,101198,100,99891,100
2019-06-28 09:50:22.858883187,100175,100,100069,292,100176,192,99985,192,100216,192,99983,192,100221,192,99975,192,100253,292,99941,192,100345,192,99927,100,100400,100,99922,100,100539,100,99913,100,100831,100,99896,100,101198,100,99891,100
2019-06-28 09:50:30.000000000,100175,562,100069,662,100176,100,99985,100,100216,100,99983,100,100221,100,99975,100,100253,200,99941,100,100345,100,99927,100,100400,100,99922,100,100539,100,99913,100,100831,100,99896,100,101198,100,99891,100
2019-06-28 09:50:40.000000000,100175,257,100069,357,100176,252,99985,252,100216,252,99983,252,100221,100,99975,100,100253,200,99941,100,100345,100,99927,100,100400,100,99922,100,100539,100,99913,100,100831,100,99896,100,101198,100,99891,100
2019-06-28 09:50:50.000000000,100175,562,100069,662,100176,100,99985,100,100216,100,99983,100,100221,100,99975,100,100253,200,99941,100,100345,100,99927,100,100400,100,99922,100,100539,100,99913,100,100831,100,99896,100,101198,100,99891,100
2019-06-28 09:50:51.284964343,100175,562,100069,562,100176,100,99985,100,100216,100,99983,100,100221,100,99975,100,100253,200,99941,100,100345,100,99927,100,100400,100,99922,100,100539,100,99913,100,100831,100,99896,100,101198,100,99891,100
2019-06-28 09:51:00.000000000,100175,331,100069,331,100176,331,99985,331,100216,100,99983,100,100221,100,99975,100,100253,200,99941,100,100345,100,99927,100,100400,100,99922,100,100539,100,99913,100,100831,100,99896,100,101198,100,99891,100
2019-06-28 09:51:04.880721773,100133,100,100069,331,100175,331,99985,331,100176,331,99983,100,100216,100,99975,100,100221,100,99941,100,100253,200,99927,100,100345,100,99922,100,100400,100,99913,100,100539,100,99896,100,100831,100,99891,100
2019-06-28 09:51:04.998600327,100133,100,100069,231,100175,331,99985,331,100176,331,99983,100,100216,100,99975,100,100253,200,99941,100,100345,100,99927,100,100400,100,99922,100,100539,100,99913,100,100831,100,99896,100,101198,100,99891,100
2019-06-28 09:51:10.000000000,100133,216,99985,216,100175,216,99983,216,100176,216,99975,216,100216,216,99941,216,100253,200,99927,100,100345,100,99922,100,100400,100,99913,100,100539,100,99896,100,100831,100,99891,100,101198,100,99875,100
2019-06-28 09:51:20.000000000,100133,331,99985,331,100175,331,99983,331,100176,100,99975,100,100216,100,99941,100,100253,200,99927,100,100345,100,99922,100,100400,100,99913,100,100539,100,99896,100,100831,100,99891,100,101198,100,99875,100
2019-06-28 09:51:28.785356271,100069,100,99985,331,100133,331,99983,331,100175,331,99975,100,100176,100,99941,100,100216,100,99927,100,100253,200,99922,100,100345,100,99913,100,100400,100,99896,100,100539,100,99891,100,100831,100,99875,100
2019-06-28 09:51:29.120154466,100069,100,99985,331,100133,331,99983,331,100175,331,99975,100,100176,100,99941,100,100216,100,99927,100,100253,200,99922,100,100345,100,99913,100,100400,100,99896,100,100539,100,99891,100,100831,100,99868,100
2019-06-28 09:51:30.000000000,100069,331,99985,331,100133,331,99983,331,100175,100,99975,100,100176,100,99941,100,100216,100,99927,100,100253,200,99922,100,100345,100,99913,100,100400,100,99896,100,100539,100,99891,100,100831,100,99868,100
2019-06-28 09:51:40.000000000,100069,562,99985,562,100133,100,99983,100,100175,100,99975,100,100176,100,99941,100,100216,100,99927,100,100253,200,99922,100,100345,100,99913,100,100400,100,99896,100,100539,100,99891,100,100831,100,99868,100
2019-06-28 09:51:50.000000000,100069,216,99985,216,100133,216,99983,216,100175,216,99975,216,100176,216,99941,216,100216,100,99927,100,100253,200,99922,100,100345,100,99913,100,100400,100,99896,100,100539,100,99891,100,100831,100,99868,100
2019-06-28 09:52:00.000000000,100069,257,99985,257,100133,252,99983,252,100175,252,99975,252,100176,100,99941,100,100216,100,99927,100,100253,200,99922,100,100345,100,99913,100,100400,100,99896,100,100539,100,99891,100,100831,100,99868,100
2019-06-28 09:52:08.230052592,100069,257,99985,257,100133,252,99983,252,100175,252,99975,252,100176,100,99941,100,100216,100,99927,100,100253,200,99922,100,100345,100,99913,100,100400,100,99896,100,100539,100,99891,100,100831,100,99874,100
2019-06-28 09:52:10.000000000,100069,562,99985,562,100133,100,99983,100,100175,100,99975,100,100176,100,99941,100,100216,100,99927,100,100253,200,99922,100,100345,100,99913,100,100400,100,99896,100,100539,100,99891,100,100831,100,99874,100
2019-06-28 09:52:20.000000000,100069,216,99985,216,100133,216,99983,216,100175,216,99975,216,100176,216,99941,216,100216,100,99927,100,100253,200,99922,100,100345,100,99913,100,100400,100,99896,100,100539,100,99891,100,100831,100,99874,100
2019-06-28 09:52:30.000000000,100069,257,99985,257,100133,252,99983,252,100175,252,99975,252,100176,100,99941,100,100216,100,99927,100,100253,200,99922,100,100345,100,99913,100,100400,100,99896,100,100539,100,99891,100,100831,100,99874,100
2019-06-28 09:52:40.000000000,100069,216,99985,216,100133,216,99983,216,100175,216,99975,216,100176,216,99941,216,100216,100,99927,100,100253,200,99922,100,100345,100,99913,100,100400,100,99896,100,100539,100,99891,100,100831,100,99874,100
2019-06-28 09:52:41.560304492,100069,216,99985,216,100133,216,99983,216,100175,216,99975,116,100176,216,99941,216,100216,100,99927,100,100253,200,99922,100,100345,100,99913,100,100400,100,99896,100,100539,100,99891,100,100831,100,99874,100
2019-06-28 09:52:43.929532876,100069,216,99985,216,100133,216,99983,216,100175,216,99975,116,100176,216,99941,216,100216,100,99927,100,100253,200,99922,100,100345,100,99913,100,100400,100,99896,100,100539,100,99891,100,100831,100,99874,100
2019-06-28 09:52:50.000000000,100069,562,99985,562,100133,100,99983,100,100175,100,99941,100,100176,100,99927,100,100216,100,99922,100,100253,200,99913,100,100345,100,99896,100,100400,100,99891,100,100539,100,99874,100,100831,100,99868,100
2019-06-28 09:52:51.940091498,100069,562,99985,562,100133,100,99983,100,100175,100,99941,100,100176,100,99927,100,100216,100,99922,100,100253,200,99913,100,100345,100,99896,100,100400,100,99891,100,100539,100,99874,100,100831,100,99868,100
2019-06-28 09:52:55.101588403,100069,562,99985,462,100133,100,99983,100,100175,100,99941,100,100176,100,99927,100,100216,100,99922,100,100253,100,99913,100,100345,100,99896,100,100400,100,99891,100,100539,100,99874,100,100831,100,99868,100
2019-06-28 09:53:00.000000000,100069,216,99983,216,100133,216,99941,216,100175,216,99927,216,100176,216,99922,216,100216,100,99913,100,100253,100,99896,100,100345,100,99891,100,100400,100,99874,100,100539,100,99868,100,100831,100,99827,100
2019-06-28 09:53:10.000000000,100069,562,99983,562,100133,100,99941,100,100175,100,99927,100,100176,100,99922,100,100216,100,99913,100,100253,100,99896,100,100345,100,99891,100,100400,100,99874,100,100539,100,99868,100,100831,100,99827,100
2019-06-28 09:53:16.241008380,100069,562,99983,462,100133,100,99941,100,100175,100,99927,100,100176,100,99922,100,100216,100,99913,100,100253,100,99896,100,100400,100,99891,100,100539,100,99874,100,100831,100,99868,100,101198,100,99827,100
2019-06-28 09:53:19.597711171,100069,562,99983,462,100133,100,99941,100,100175,100,99927,100,100176,100,99922,100,100216,100,99913,100,100253,100,99896,100,100400,100,99874,100,100539,100,99868,100,100831,100,99827,100,101198,100,99743,100
2019-06-28 09:53:20.000000000,100069,216,99941,216,100133,216,99927,216,100175,216,99922,216,100176,216,99913,216,100216,100,99896,100,100253,100,99874,100,100400,100,99868,100,100539,100,99827,100,100831,100,99743,100,101198,100,99735,100
2019-06-28 09:53:30.000000000,100069,192,99941,192,100133,192,99927,192,100175,192,99922,192,100176,192,99913,192,100216,192,99896,192,100253,100,99874,100,100400,100,99868,100,100539,100,99827,100,100831,100,99743,100,101198,100,99735,100
2019-06-28 09:53:36.088437011,100069,192,99941,192,100133,192,99927,92,100175,192,99922,192,100176,192,99913,192,100216,192,99896,192,100253,100,99880,100,100400,100,99874,100,100539,100,99868,100,100831,100,99827,100,101198,100,99743,100
2019-06-28 09:53:36.714738989,100069,192,99941,192,100133,192,99927,92,100175,192,99922,192,100176,192,99913,192,100216,192,99896,192,100253,100,99880,100,100400,100,99875,100,100539,100,99874,100,100831,100,99868,100,101198,100,99827,100
2019-06-28 09:53:38.241595857,100069,192,99941,192,100100,100,99927,92,100133,192,99922,192,100175,192,99913,192,100176,192,99896,192,100216,192,99880,100,100253,100,99875,100,100400,100,99874,100,100539,100,99868,100,100831,100,99827,100
2019-06-28 09:53:40.000000000,100069,331,99941,331,100100,331,99922,331,100133,100,99913,100,100175,100,99896,100,100176,100,99880,100,100216,100,99875,100,100253,100,99874,100,100400,100,99868,100,100539,100,99827,100,100831,100,99743,100
2019-06-28 09:53:50.000000000,100069,192,99941,192,100100,192,99922,192,100133,192,99913,192,100175,192,99896,192,100176,192,99880,192,100216,100,99875,100,100253,100,99874,100,100400,100,99868,100,100539,100,99827,100,100831,100,99743,100
2019-06-28 09:54:00.000000000,100069,216,99941,216,100100,216,99922,216,100133,216,99913,216,100175,216,99896,216,100176,100,99880,100,100216,100,99875,100,100253,100,99874,100,100400,100,99868,100,100539,100,99827,100,100831,100,99743,100
2019-06-28 09:54:10.000000000,100069,562,99941,562,100100,100,99922,100,100133,100,99913,100,100175,100,99896,100,100176,100,99880,100,100216,100,99875,100,100253,100,99874,100,100400,100,99868,100,100539,100,99827,100,100831,100,99743,100
2019-06-28 09:54:10.776758477,100069,462,99941,562,100100,100,99922,100,100133,100,99913,100,100175,100,99896,100,100176,100,99875,100,100216,100,99874,100,100253,100,99868,100,100400,100,99827,100,100539,100,99743,100,100831,100,99735,100
2019-06-28 09:54:20.000000000,100100,331,99941,331,100133,331,99922,331,100175,100,99913,100,100176,100,99896,100,100216,100,99875,100,100253,100,99874,100,100400,100,99868,100,100539,100,99827,100,100831,100,99743,100,101198,100,99735,100
2019-06-28 09:54:30.000000000,100100,562,99941,562,100133,100,99922,100,100175,100,99913,100,100176,100,99896,100,100216,100,99875,100,100253,100,99874,100,100400,100,99868,100,100539,100,99827,100,100831,100,99743,100,101198,100,99735,100
2019-06-28 09:54:37.213245828,100100,562,99984,100,100133,100,99941,562,100175,100,99922,100,100176,100,99913,100,100216,100,99896,100,100253,100,99875,100,100400,100,99874,100,100539,100,99868,100,100831,100,99827,100,101198,100,99743,100
2019-06-28 09:54:40.000000000,100100,331,99984,331,100133,331,99941,331,100175,100,99922,100,100176,100,99913,100,100216,100,99896,100,100253,100,99875,100,100400,100,99874,100,100539,100,99868,100,100831,100,99827,100,101198,100,99743,100
2019-06-28 09:54:50.000000000,100100,192,99984,192,100133,192,99941,192,100175,192,99922,192,100176,192,99913,192,100216,192,99896,192,100253,100,99875,100,100400,100,99874,100,100539,100,99868,100,100831,100,99827,100,101198,100,99743,100
2019-06-28 09:55:00.000000000,100100,216,99984,216,100133,216,99941,216,100175,216,99922,216,100176,216,99913,216,100216,100,99896,100,100253,100,99875,100,100400,100,99874,100,100539,100,99868,100,100831,100,99827,100,101198,100,99743,100
2019-06-28 09:55:10.000000000,100100,216,99984,216,100133,216,99941,216,100175,216,99922,216,100176,216,99913,216,100216,100,99896,100,100253,100,99875,100,100400,100,99874,100,100539,100,99868,100,100831,100,99827,100,101198,100,99743,100
2019-06-28 09:55:20.000000000,100100,562,99984,562,100133,100,99941,100,100175,100,99922,100,100176,100,99913,100,100216,100,99896,100,100253,100,99875,100,100400,100,99874,100,100539,100,99868,100,100831,100,99827,100,101198,100,99743,100
2019-06-28 09:55:30.000000000,100100,562,99984,562,100133,100,99941,100,100175,100,99922,100,100176,100,99913,100,100216,100,99896,100,100253,100,99875,100,100400,100,99874,100,100539,100,99868,100,100831,100,99827,100,101198,100,99743,100
2019-06-28 09:55:38.371456087,100100,562,99984,562,100133,100,99941,100,100175,100,99922,100,100216,100,99913,100,100253,100,99896,100,100400,100,99875,100,100539,100,99874,100,100831,100,99868,100,101198,100,99827,100,,,99743,100
2019-06-28 09:55:40.000000000,100100,216,99984,216,100133,216,99941,216,100175,216,99922,216,100216,216,99913,216,100253,100,99896,100,100400,100,99875,100,100539,100,99874,100,100831,100,99868,100,101198,100,99827,100,,,99743,100
2019-06-28 09:55:43.006911960,100100,216,99984,116,100133,216,99941,116,100175,216,99922,216,100216,216,99913,216,100253,100,99896,100,100400,100,99875,100,100539,100,99874,100,100831,100,99868,100,101198,100,99827,100,,,99743,100
2019-06-28 09:55:50.000000000,100100,192,99922,192,100133,192,99913,192,100175,192,99896,192,100216,192,99875,192,100253,192,99874,192,100400,100,99868,100,100539,100,99827,100,100831,100,99743,100,101198,100,99735,100,,,99710,100
2019-06-28 09:56:00.000000000,100100,257,99922,257,100133,252,99913,252,100175,252,99896,252,100216,100,99875,100,100253,100,99874,100,100400,100,99868,100,100539,100,99827,100,100831,100,99743,100,101198,100,99735,100,,,99710,100
2019-06-28 09:56:02.728114930,100100,257,99922,257,100133,252,99913,252,100175,252,99896,252,100216,100,99875,100,100253,100,99874,100,100400,100,99868,100,100539,100,99827,100,100831,100,99743,100,101198,100,99735,100,,,99716,100
2019-06-28 09:56:08.813560629,100100,257,99922,257,100133,252,99913,252,100175,252,99896,252,100216,100,99875,100,100253,100,99874,100,100400,100,99868,100,100831,100,99827,100,101198,100,99743,100,,,99735,100,,,99716,100
2019-06-28 09:56:10.000000000,100100,331,99922,331,100133,331,99913,331,100175,100,99896,100,100216,100,99875,100,100253,100,99874,100,100400,100,99868,100,100831,100,99827,100,101198,100,99743,100,,,99735,100,,,99716,100
2019-06-28 09:56:20.000000000,100100,562,99922,562,100133,100,99913,100,100175,100,99896,100,100216,100,99875,100,100253,100,99874,100,100400,100,99868,100,100831,100,99827,100,101198,100,99743,100,,,99735,100,,,99716,100
2019-06-28 09:56:22.769193468,100068,100,99922,562,100100,562,99913,100,100133,100,99896,100,100175,100,99875,100,100216,100,99874,100,100253,100,99868,100,100400,100,99827,100,100831,100,99743,100,101198,100,99735,100,,,99716,100
2019-06-28 09:56:30.000000000,100068,216,99922,216,100100,216,99913,216,100133,216,99896,216,100175,216,99875,216,100216,100,99874,100,100253,100,99868,100,100400,100,99827,100,100831,100,99743,100,101198,100,99735,100,,,99716,100
2019-06-28 09:56:35.318268767,100068,116,99922,216,100100,216,99913,216,100133,216,99896,216,100175,216,99875,216,100216,100,99874,100,100253,100,99868,100,100400,100,99827,100,100831,100,99743,100,101198,100,99735,100,,,99716,100
2019-06-28 09:56:40.000000000,100100,331,99922,331,100133,331,99913,331,100175,100,99896,100,100216,100,99875,100,100253,100,99874,100,100400,100,99868,100,100831,100,99827,100,101198,100,99743,100,,,99735,100,,,99716,100
2019-06-28 09:56:40.848597782,100100,331,99922,331,100133,331,99913,331,100175,100,99896,100,100216,100,99875,100,100253,100,99874,100,100400,100,99868,100,100831,100,99827,100,101198,100,99743,100,,,99735,100,,,99716,100
2019-06-28 09:56:50.000000000,100100,331,99922,331,100133,331,99913,331,100175,100,99896,100,100216,100,99875,100,100253,100,99874,100,100400,100,99868,100,100831,100,99827,100,101198,100,99743,100,,,99735,100,,,99716,100
2019-06-28 09:57:00.000000000,100100,216,99922,216,100133,216,99913,216,100175,216,99896,216,100216,216,99875,216,100253,100,99874,100,100400,100,99868,100,100831,100,99827,100,101198,100,99743,100,,,99735,100,,,99716,100
2019-06-28 09:57:00.490469684,100100,216,99922,116,100133,216,99913,216,100175,216,99896,216,100216,216,99875,216,100253,100,99874,100,100400,100,99868,100,100831,100,99827,100,101198,100,99735,100,,,99716,100,,,99710,100
2019-06-28 09:57:02.574137650,99984,100,99922,116,100100,216,99913,216,100133,216,99896,216,100175,216,99875,216,100216,216,99874,100,100253,100,99868,100,100400,100,99827,100,100831,100,99735,100,101198,100,99716,100,,,99710,100
2019-06-28 09:57:09.980690620,99984,100,99922,116,100100,216,99913,216,100133,216,99896,216,100175,116,99875,216,100216,216,99874,100,100253,100,99868,100,100400,100,99827,100,100831,100,99735,100,101198,100,99716,100,,,99710,100
2019-06-28 09:57:10.000000000,99984,331,99913,331,100100,331,99896,331,100133,100,99875,100,100216,100,99874,100,100253,100,99868,100,100400,100,99827,100,100831,100,99735,100,101198,100,99716,100,,,99710,100,,,99667,100
2019-06-28 09:57:20.000000000,99984,331,99913,331,100100,331,99896,331,100133,100,99875,100,100216,100,99874,100,100253,100,99868,100,100400,100,99827,100,100831,100,99735,100,101198,100,99716,100,,,99710,100,,,99667,100
2019-06-28 09:57:21.387924075,99984,331,99913,231,100100,331,99896,331,100133,100,99875,100,100216,100,99874,100,100253,100,99868,100,100400,100,99827,100,100831,100,99735,100,101198,100,99716,100,,,99710,100,,,99667,100
2019-06-28 09:57:25.646870584,99984,331,99913,231,100100,331,99896,331,100133,100,99875,100,100216,100,99874,100,100253,100,99868,100,100400,100,99827,100,100831,100,99735,100,101198,100,99716,100,,,99667,100,,,99625,100
2019-06-28 09:57:30.000000000,99984,192,99896,192,100100,192,99875,192,100133,192,99874,192,100216,192,99868,192,100253,192,99827,192,100400,100,99735,100,100831,100,99716,100,101198,100,99667,100,,,99625,100,,,99599,100
2019-06-28 09:57:40.000000000,99984,562,99896,562,100100,100,99875,100,100133,100,99874,100,100216,100,99868,100,100253,100,99827,100,100400,100,99735,100,100831,100,99716,100,101198,100,99667,100,,,99625,100,,,99599,100
2019-06-28 09:57:41.790813317,99922,100,99896,562,99984,562,99875,100,100100,100,99874,100,100133,100,99868,100,100253,100,99827,100,100400,100,99735,100,100831,100,99716,100,101198,100,99667,100,,,99625,100,,,99599,100
2019-06-28 09:57:44.756948971,99922,100,99896,462,99984,562,99875,100,100100,100,99874,100,100133,100,99868,100,100253,100,99827,100,100400,100,99735,100,100831,100,99716,100,101198,100,99667,100,,,99625,100,,,99599,100
2019-06-28 09:57:45.357030160,99922,100,99896,462,99984,562,99875,100,100100,100,99874,100,100133,100,99868,100,100253,100,99827,100,100400,100,99735,100,100831,100,99716,100,101198,100,99667,100,,,99625,100,,,99599,100
2019-06-28 09:57:50.000000000,99922,562,99875,562,99984,100,99874,100,100100,100,99868,100,100133,100,99827,100,100253,100,99735,100,100400,100,99716,100,100831,100,99667,100,101198,100,99625,100,,,99599,100,,,99589,100
2019-06-28 09:58:00.000000000,99922,192,99875,192,99984,192,99874,192,100100,192,99868,192,100133,192,99827,192,100253,192,99735,192,100400,100,99716,100,100831,100,99667,100,101198,100,99625,100,,,99599,100,,,99589,100
2019-06-28 09:58:00.620824971,99922,192,99875,192,99984,192,99874,192,100100,192,99868,192,100133,192,99827,192,100253,192,99735,192,100400,100,99716,100,100831,100,99667,100,101198,100,99625,100,,,99599,100,,,99589,100
2019-06-28 09:58:05.880783436,99913,100,99875,192,99922,192,99874,192,99984,192,99868,192,100100,192,99827,192,100133,192,99735,192,100253,192,99716,100,100400,100,99667,100,100831,100,99625,100,101198,100,99599,100,,,99589,100
2019-06-28 09:58:10.000000000,99913,216,99875,216,99922,216,99874,216,99984,216,99868,216,100100,216,99827,216,100133,100,99735,100,100253,100,99716,100,100400,100,99667,100,100831,100,99625,100,101198,100,99599,100,,,99589,100
2019-06-28 09:58:20.000000000,99913,257,99875,257,99922,252,99874,252,99984,252,99868,252,100100,100,99827,100,100133,100,99735,100,100253,100,99716,100,100400,100,99667,100,100831,100,99625,100,101198,100,99599,100,,,99589,100
2019-06-28 09:58:30.000000000,99913,562,99875,562,99922,100,99874,100,99984,100,99868,100,100100,100,99827,100,100133,100,99735,100,100253,100,99716,100,100400,100,99667,100,100831,100,99625,100,101198,100,99599,100,,,99589,100
2019-06-28 09:58:40.000000000,99913,331,99875,331,99922,331,99874,331,99984,100,99868,100,100100,100,99827,100,100133,100,99735,100,100253,100,99716,100,100400,100,99667,100,100831,100,99625,100,101198,100,99599,100,,,99589,100
2019-06-28 09:58:46.132745925,99913,431,99875,331,99922,331,99874,331,99984,100,99868,100,100100,100,99827,100,100133,100,99735,100,100253,100,99716,100,100400,100,99667,100,100831,100,99625,100,101198,100,99599,100,,,99589,100
2019-06-28 09:58:50.000000000,99913,431,99875,331,99922,331,99874,331,99984,100,99868,100,100100,100,99827,100,100133,100,99735,100,100253,100,99716,100,100400,100,99667,100,100831,100,99625,100,101198,100,99599,100,,,99589,100
2019-06-28 09:58:58.669874127,99913,431,99875,231,99922,331,99874,331,99984,100,99868,100,100100,100,99827,100,100133,100,99735,100,100253,100,99716,100,100400,100,99625,100,100831,100,99599,100,101198,100,99589,100,,,99571,100
2019-06-28 09:58:58.712891255,99896,100,99875,231,99913,431,99874,331,99922,331,99868,100,99984,100,99827,100,100100,100,99735,100,100133,100,99716,100,100253,100,99625,100,100400,100,99599,100,100831,100,99589,100,101198,100,99571,100
2019-06-28 09:58:59.494465224,99896,100,99875,131,99913,431,99874,331,99922,331,99868,100,99984,100,99827,100,100100,100,99735,100,100133,100,99716,100,100253,100,99625,100,100400,100,99599,100,100831,100,99589,100,101198,100,99571,100
2019-06-28 09:59:00.000000000,99896,216,99874,216,99913,316,99868,216,99922,216,99827,216,99984,216,99735,216,100100,100,99716,100,100133,100,99625,100,100253,100,99599,100,100400,100,99589,100,100831,100,99571,100,101198,100,99569,100
2019-06-28 09:59:06.527968693,99896,216,99874,216,99913,316,99868,216,99922,216,99827,216,99984,216,99735,216,100100,100,99716,100,100133,100,99625,100,100253,100,99589,100,100400,100,99571,100,100831,100,99569,100,101198,100,99553,100
2019-06-28 09:59:07.949284937,99896,216,99874,216,99913,316,99868,216,99922,216,99827,216,99984,216,99735,216,100100,100,99716,100,100133,100,99625,100,100253,100,99589,100,100400,100,99571,100,100831,100,99569,100,101198,100,99553,100
2019-06-28 09:59:10.000000000,99896,257,99874,257,99913,352,99868,252,99922,252,99827,252,99984,100,99735,100,100100,100,99716,100,100133,100,99625,100,100253,100,99589,100,100400,100,99571,100,100831,100,99569,100,101198,100,99553,100
2019-06-28 09:59:20.000000000,99896,562,99874,562,99913,200,99868,100,99922,100,99827,100,99984,100,99735,100,100100,100,99716,100,100133,100,99625,100,100253,100,99589,100,100400,100,99571,100,100831,100,99569,100,101198,100,99553,100
2019-06-28 09:59:22.975754962,99875,100,99874,562,99896,562,99868,100,99913,200,99827,100,99922,100,99735,100,99984,100,99716,100,100100,100,99625,100,100133,100,99589,100,100253,100,99571,100,100400,100,99569,100,100831,100,99553,100
2019-06-28 09:59:30.000000000,99875,562,99874,562,99896,100,99868,100,99913,200,99827,100,99922,100,99735,100,99984,100,99716,100,100100,100,99625,100,100133,100,99589,100,100253,100,99571,100,100400,100,99569,100,100831,100,99553,100
2019-06-28 09:59:37.251456884,99875,562,99874,462,99896,100,99868,100,99913,200,99827,100,99922,100,99735,100,99984,100,99716,100,100100,100,99625,100,100133,100,99589,100,100253,100,99571,100,100400,100,99569,100,100831,100,99553,100
2019-06-28 09:59:40.000000000,99875,216,99868,216,99896,216,99827,216,99913,316,99735,216,99922,216,99716,216,99984,100,99625,100,100100,100,99589,100,100133,100,99571,100,100253,100,99569,100,100400,100,99553,100,100831,100,99523,100
2019-06-28 09:59:50.000000000,99875,216,99868,216,99896,216,99827,216,99913,316,99735,216,99922,216,99716,216,99984,100,99625,100,100100,100,99589,100,100133,100,99571,100,100253,100,99569,100,100400,100,99553,100,100831,100,99523,100
2019-06-28 10:00:00.000000000,99875,257,99868,257,99896,252,99827,252,99913,352,99735,252,99922,100,99716,100,99984,100,99625,100,100100,100,99589,100,100133,100,99571,100,100253,100,99569,100,100400,100,99553,100,100831,100,99523,100
2019-06-28 10:00:10.000000000,99875,216,99868,216,99896,216,99827,216,99913,316,99735,216,99922,216,99716,216,99984,100,99625,100,100100,100,99589,100,100133,100,99571,100,100253,100,99569,100,100400,100,99553,100,100831,100,99523,100
2019-06-28 10:00:13.492332733,99875,216,99868,216,99896,216,99827,216,99913,316,99735,216,99922,216,99716,116,99984,100,99625,100,100100,100,99589,100,100133,100,99571,100,100253,100,99569,100,100400,100,99553,100,100831,100,99523,100
2019-06-28 10:00:16.876436106,99875,216,99868,116,99896,216,99827,216,99913,316,99735,216,99922,216,99716,116,99984,100,99625,100,100100,100,99589,100,100133,100,99571,100,100253,100,99569,100,100400,100,99553,100,100831,100,99523,100
2019-06-28 10:00:20.000000000,99875,216,99827,216,99896,216,99735,216,99913,316,99625,216,99922,216,99589,216,99984,100,99571,100,100100,100,99569,100,100133,100,99553,100,100253,100,99523,100,100400,100,99510,100,100831,100,99482,100
2019-06-28 10:00:30.000000000,99875,192,99827,192,99896,192,99735,192,99913,292,99625,192,99922,192,99589,192,99984,192,99571,192,100100,100,99569,100,100133,100,99553,100,100253,100,99523,100,100400,100,99510,100,100831,100,99482,100
2019-06-28 10:00:35.680712461,99875,192,99827,192,99896,192,99735,192,99913,292,99625,192,99922,192,99589,192,99984,192,99571,192,100100,100,99569,100,100133,100,99553,100,100253,100,99523,100,100400,100,99510,100,100831,100,99482,100
2019-06-28 10:00:40.000000000,99875,257,99827,257,99896,252,99735,252,99913,352,99625,252,99922,100,99589,100,99984,100,99571,100,100100,100,99569,100,100133,100,99553,100,100253,100,99523,100,100400,100,99510,100,100831,100,99482,100
2019-06-28 10:00:47.599745941,99875,257,99827,157,99896,252,99735,252,99913,352,99625,252,99922,100,99589,100,99984,100,99571,100,100100,100,99569,100,100133,100,99553,100,100253,100,99523,100,100400,100,99510,100,100831,100,99482,100
2019-06-28 10:00:50.000000000,99875,562,99735,562,99896,100,99625,100,99913,200,99589,100,99922,100,99571,100,99984,100,99569,100,100100,100,99553,100,100133,100,99523,100,100253,100,99510,100,100400,100,99482,100,100831,100,99401,100
2019-06-28 10:01:00.000000000,99875,331,99735,331,99896,331,99625,331,99913,200,99589,100,99922,100,99571,100,99984,100,99569,100,100100,100,99553,100,100133,100,99523,100,100253,100,99510,100,100400,100,99482,100,100831,100,99401,100
2019-06-28 10:01:08.138617887,99868,100,99735,331,99875,331,99625,331,99896,331,99589,100,99913,200,99571,100,99922,100,99569,100,99984,100,99553,100,100100,100,99523,100,100133,100,99510,100,100253,100,99482,100,100400,100,99401,100
2019-06-28 10:01:10.000000000,99868,257,99735,257,99875,252,99625,252,99896,252,99589,252,99913,200,99571,100,99922,100,99569,100,99984,100,99553,100,100100,100,99523,100,100133,100,99510,100,100253,100,99482,100,100400,100,99401,100
2019-06-28 10:01:11.871498516,99868,257,99735,257,99875,252,99625,252,99896,252,99589,252,99913,200,99571,100,99922,100,99569,100,99984,100,99553,100,100100,100,99523,100,100133,100,99510,100,100253,100,99482,100,100400,100,99401,100
2019-06-28 10:01:20.000000000,99868,562,99735,562,99875,100,99625,100,99896,100,99589,100,99913,200,99571,100,99922,100,99569,100,99984,100,99553,100,100100,100,99523,100,100133,100,99510,100,100253,100,99482,100,100400,100,99401,100
2019-06-28 10:01:30.000000000,99868,216,99735,216,99875,216,99625,216,99896,216,99589,216,99913,316,99571,216,99922,100,99569,100,99984,100,99553,100,100100,100,99523,100,100133,100,99510,100,100253,100,99482,100,100400,100,99401,100
2019-06-28 10:01:40.000000000,99868,331,99735,331,99875,331,99625,331,99896,100,99589,100,99913,200,99571,100,99922,100,99569,100,99984,100,99553,100,100100,100,99523,100,100133,100,99510,100,100253,100,99482,100,100400,100,99401,100
2019-06-28 10:01:41.339785176,99868,331,99735,331,99875,331,99625,331,99896,100,99589,100,99913,200,99571,100,99922,100,99569,100,99984,100,99523,100,100100,100,99510,100,100133,100,99482,100,100253,100,99401,100,100400,100,99394,100
2019-06-28 10:01:43.634075647,99868,331,99735,331,99875,331,99625,331,99896,100,99589,100,99913,200,99571,100,99922,100,99569,100,99984,100,99523,100,100100,100,99510,100,100133,100,99482,100,100253,100,99401,100,100400,100,99354,100
2019-06-28 10:01:50.000000000,99868,216,99735,216,99875,216,99625,216,99896,216,99589,216,99913,316,99571,216,99922,100,99569,100,99984,100,99523,100,100100,100,99510,100,100133,100,99482,100,100253,100,99401,100,100400,100,99354,100
2019-06-28 10:01:59.307117017,99868,116,99735,216,99875,216,99625,216,99896,216,99589,216,99913,316,99571,216,99922,100,99569,100,99984,100,99523,100,100100,100,99510,100,100133,100,99482,100,100253,100,99401,100,100400,100,99354,100
2019-06-28 10:02:00.000000000,99875,216,99735,216,99896,216,99625,216,99913,316,99589,216,99922,216,99571,216,99984,100,99569,100,100100,100,99523,100,100133,100,99510,100,100253,100,99482,100,100400,100,99401,100,100831,100,99354,100
2019-06-28 10:02:03.917852205,99875,216,99735,216,99896,216,99625,216,99913,316,99589,216,99922,216,99571,216,99984,100,99569,100,100100,100,99523,100,100133,100,99510,100,100253,100,99482,100,100400,100,99401,100,100831,100,99198,100
2019-06-28 10:02:10.000000000,99875,216,99735,216,99896,216,99625,216,99913,316,99589,216,99922,216,99571,216,99984,100,99569,100,100100,100,99523,100,100133,100,99510,100,100253,100,99482,100,100400,100,99401,100,100831,100,99198,100
2019-06-28 10:02:20.000000000,99875,562,99735,562,99896,100,99625,100,99913,200,99589,100,99922,100,99571,100,99984,100,99569,100,100100,100,99523,100,100133,100,99510,100,100253,100,99482,100,100400,100,99401,100,100831,100,99198,100
2019-06-28 10:02:30.000000000,99875,257,99735,257,99896,252,99625,252,99913,352,99589,252,99922,100,99571,100,99984,100,99569,100,100100,100,99523,100,100133,100,99510,100,100253,100,99482,100,100400,100,99401,100,100831,100,99198,100
2019-06-28 10:02:40.000000000,99875,562,99735,562,99896,100,99625,100,99913,200,99589,100,99922,100,99571,100,99984,100,99569,100,100100,100,99523,100,100133,100,99510,100,100253,100,99482,100,100400,100,99401,100,100831,100,99198,100
2019-06-28 10:02:46.938634937,99875,562,99735,562,99896,100,99625,100,99913,200,99589,100,99922,100,99571,100,99984,100,99569,100,100100,100,99523,100,100133,100,99510,100,100253,100,99482,100,100400,100,99422,100,100831,100,99401,100
2019-06-28 10:02:50.000000000,99875,562,99735,562,99896,100,99625,100,99913,200,99589,100,99922,100,99571,100,99984,100,99569,100,100100,100,99523,100,100133,100,99510,100,100253,100,99482,100,100400,100,99422,100,100831,100,99401,100
2019-06-28 10:03:00.000000000,99875,257,99735,257,99896,252,99625,252,99913,352,99589,252,99922,100,99571,100,99984,100,99569,100,100100,100,99523,100,100133,100,99510,100,100253,100,99482,100,100400,100,99422,100,100831,100,99401,100
2019-06-28 10:03:00.613749570,99875,257,99735,257,99896,252,99625,252,99913,352,99589,152,99922,100,99571,100,99984,100,99569,100,100100,100,99523,100,100133,100,99510,100,100253,100,99482,100,100400,100,99422,100,100831,100,99401,100
2019-06-28 10:03:02.243555821,99875,257,99735,257,99896,252,99625,252,99913,352,99589,152,99922,100,99571,100,99984,100,99569,100,100100,100,99523,100,100133,100,99510,100,100253,100,99482,100,100400,100,99422,100,100831,100,99401,100
2019-06-28 10:03:10.000000000,99875,257,99735,257,99896,252,99625,252,99913,352,99571,252,99922,100,99569,100,99984,100,99523,100,100100,100,99510,100,100133,100,99482,100,100253,100,99422,100,100400,100,99401,100,100831,100,99286,100
2019-06-28 10:03:20.000000000,99875,562,99735,562,99896,100,99625,100,99913,200,99571,100,99922,100,99569,100,99984,100,99523,100,100100,100,99510,100,100133,100,99482,100,100253,100,99422,100,100400,100,99401,100,100831,100,99286,100
2019-06-28 10:03:26.251809048,99875,562,99735,462,99896,100,99625,100,99913,200,99571,100,99922,100,99569,100,99984,100,99523,100,100100,100,99510,100,100133,100,99482,100,100253,100,99422,100,100400,100,99401,100,100831,100,99286,100
2019-06-28 10:03:30.000000000,99875,216,99625,216,99896,216,99571,216,99913,316,99569,216,99922,216,99523,216,99984,100,99510,100,100100,100,99482,100,100133,100,99422,100,100253,100,99401,100,100400,100,99286,100,100831,100,99198,100
2019-06-28 10:03:31.615479675,99875,216,99625,216,99896,216,99571,216,99913,316,99569,216,99922,216,99536,100,99984,100,99523,216,100100,100,99510,100,100133,100,99482,100,100253,100,99422,100,100400,100,99401,100,100831,100,99286,100
2019-06-28 10:03:40.000000000,99875,216,99625,216,99896,216,99571,216,99913,316,99569,216,99922,216,99536,216,99984,100,99523,100,100100,100,99510,100,100133,100,99482,100,100253,100,99422,100,100400,100,99401,100,100831,100,99286,100
2019-06-28 10:03:46.995615453,99875,216,99625,216,99896,216,99571,116,99913,316,99569,216,99922,216,99536,216,99984,100,99523,100,100100,100,99510,100,100133,100,99496,100,100253,100,99482,100,100400,100,99422,100,100831,100,99401,100
2019-06-28 10:03:50.000000000,99875,331,99625,331,99896,331,99569,331,99913,200,99536,100,99922,100,99523,100,99984,100,99510,100,100100,100,99496,100,100133,100,99482,100,100253,100,99422,100,100400,100,99401,100,100831,100,99286,100
2019-06-28 10:04:00.000000000,99875,192,99625,192,99896,192,99569,192,99913,292,99536,192,99922,192,99523,192,99984,192,99510,192,100100,100,99496,100,100133,100,99482,100,100253,100,99422,100,100400,100,99401,100,100831,100,99286,100
2019-06-28 10:04:07.469918736,99875,192,99625,192,99896,192,99569,192,99913,292,99536,192,99922,192,99523,192,99965,100,99510,192,99984,192,99496,100,100100,100,99482,100,100133,100,99422,100,100253,100,99401,100,100400,100,99286,100
2019-06-28 10:04:10.000000000,99875,562,99625,562,99896,100,99569,100,99913,200,99536,100,99922,100,99523,100,99965,100,99510,100,99984,100,99496,100,100100,100,99482,100,100133,100,99422,100,100253,100,99401,100,100400,100,99286,100
2019-06-28 10:04:17.839438213,99875,562,99736,100,99896,100,99625,562,99913,100,99569,100,99922,100,99536,100,99965,100,99523,100,99984,100,99510,100,100100,100,99496,100,100133,100,99482,100,100253,100,99422,100,100400,100,99401,100
2019-06-28 10:04:19.680884129,99836,100,99736,100,99875,562,99625,562,99896,100,99569,100,99913,100,99536,100,99922,100,99523,100,99965,100,99510,100,99984,100,99496,100,100100,100,99482,100,100133,100,99422,100,100253,100,99401,100
2019-06-28 10:04:20.000000000,99836,257,99736,257,99875,252,99625,252,99896,252,99569,252,99913,100,99536,100,99922,100,99523,100,99965,100,99510,100,99984,100,99496,100,100100,100,99482,100,100133,100,99422,100,100253,100,99401,100
2019-06-28 10:04:30.000000000,99836,562,99736,562,99875,100,99625,100,99896,100,99569,100,99913,100,99536,100,99922,100,99523,100,99965,100,99510,100,99984,100,99496,100,100100,100,99482,100,100133,100,99422,100,100253,100,99401,100
2019-06-28 10:04:32.272122530,99827,100,99736,562,99836,562,99625,100,99875,100,99569,100,99896,100,99536,100,99913,100,99523,100,99922,100,99510,100,99965,100,99496,100,99984,100,99482,100,100100,100,99422,100,100133,100,99401,100
2019-06-28 10:04:37.315508401,99827,100,99736,562,99836,562,99625,100,99875,100,99569,100,99896,100,99536,100,99913,100,99522,100,99922,100,99510,100,99965,100,99496,100,99984,100,99482,100,100100,100,99422,100,100133,100,99401,100
2019-06-28 10:04:38.665812008,99827,100,99736,562,99836,562,99625,100,99875,100,99569,100,99896,100,99536,100,99913,100,99522,100,99922,100,99510,100,99959,100,99496,100,99965,100,99482,100,99984,100,99422,100,100100,100,99401,100
2019-06-28 10:04:40.000000000,99827,257,99736,257,99836,252,99625,252,99875,252,99569,252,99896,100,99536,100,99913,100,99522,100,99922,100,99510,100,99959,100,99496,100,99965,100,99482,100,99984,100,99422,100,100100,100,99401,100
2019-06-28 10:04:42.383032998,99827,357,99736,257,99836,252,99625,252,99875,252,99569,252,99896,100,99536,100,99913,100,99522,100,99922,100,99510,100,99959,100,99496,100,99965,100,99482,100,99984,100,99422,100,100100,100,99401,100
2019-06-28 10:04:42.411222820,99827,357,99736,357,99836,252,99625,252,99875,252,99569,252,99896,100,99536,100,99913,100,99522,100,99922,100,99510,100,99959,100,99496,100,99965,100,99482,100,99984,100,99422,100,100100,100,99401,100
2019-06-28 10:04:50.000000000,99827,357,99736,357,99836,252,99625,252,99875,252,99569,252,99896,100,99536,100,99913,100,99522,100,99922,100,99510,100,99959,100,99496,100,99965,100,99482,100,99984,100,99422,100,100100,100,99401,100
2019-06-28 10:05:00.000000000,99827,357,99736,357,99836,252,99625,252,99875,252,99569,252,99896,100,99536,100,99913,100,99522,100,99922,100,99510,100,99959,100,99496,100,99965,100,99482,100,99984,100,99422,100,100100,100,99401,100
2019-06-28 10:05:10.000000000,99827,316,99736,316,99836,216,99625,216,99875,216,99569,216,99896,216,99536,216,99913,100,99522,100,99922,100,99510,100,99959,100,99496,100,99965,100,99482,100,99984,100,99422,100,100100,100,99401,100
2019-06-28 10:05:11.666949407,99827,216,99736,316,99836,216,99625,216,99875,216,99569,216,99896,216,99536,216,99913,100,99522,100,99922,100,99510,100,99959,100,99496,100,99984,100,99482,100,100100,100,99422,100,100133,100,99401,100
2019-06-28 10:05:20.000000000,99827,562,99736,662,99836,100,99625,100,99875,100,99569,100,99896,100,99536,100,99913,100,99522,100,99922,100,99510,100,99959,100,99496,100,99984,100,99482,100,100100,100,99422,100,100133,100,99401,100
2019-06-28 10:05:30.000000000,99827,562,99736,662,99836,100,99625,100,99875,100,99569,100,99896,100,99536,100,99913,100,99522,100,99922,100,99510,100,99959,100,99496,100,99984,100,99482,100,100100,100,99422,100,100133,100,99401,100
2019-06-28 10:05:40.000000000,99827,257,99736,357,99836,252,99625,252,99875,252,99569,252,99896,100,99536,100,99913,100,99522,100,99922,100,99510,100,99959,100,99496,100,99984,100,99482,100,100100,100,99422,100,100133,100,99401,100
2019-06-28 10:05:40.279360622,99827,257,99736,357,99836,252,99625,252,99873,100,99569,252,99875,252,99536,100,99896,100,99522,100,99913,100,99510,100,99922,100,99496,100,99959,100,99482,100,99984,100,99422,100,100133,100,99401,100
2019-06-28 10:05:46.478167436,99827,257,99736,357,99836,252,99625,252,99873,100,99579,100,99875,252,99569,252,99896,100,99536,100,99913,100,99522,100,99922,100,99510,100,99959,100,99496,100,99984,100,99482,100,100133,100,99422,100
2019-06-28 10:05:50.000000000,99827,192,99736,292,99836,192,99625,192,99873,192,99579,192,99875,192,99569,192,99896,192,99536,192,99913,100,99522,100,99922,100,99510,100,99959,100,99496,100,99984,100,99482,100,100133,100,99422,100
2019-06-28 10:05:50.110148494,99827,192,99736,292,99836,192,99625,192,99873,192,99579,192,99875,192,99569,192,99896,192,99536,192,99913,100,99522,200,99922,100,99510,100,99959,100,99496,100,99984,100,99482,100,100133,100,99422,100
2019-06-28 10:06:00.000000000,99827,192,99736,292,99836,192,99625,192,99873,192,99579,192,99875,192,99569,192,99896,192,99536,192,99913,100,99522,200,99922,100,99510,100,99959,100,99496,100,99984,100,99482,100,100133,100,99422,100
2019-06-28 10:06:10.000000000,99827,257,99736,357,99836,252,99625,252,99873,252,99579,252,99875,100,99569,100,99896,100,99536,100,99913,100,99522,200,99922,100,99510,100,99959,100,99496,100,99984,100,99482,100,100133,100,99422,100
2019-06-28 10:06:20.000000000,99827,562,99736,662,99836,100,99625,100,99873,100,99579,100,99875,100,99569,100,99896,100,99536,100,99913,100,99522,200,99922,100,99510,100,99959,100,99496,100,99984,100,99482,100,100133,100,99422,100
2019-06-28 10:06:30.000000000,99827,192,99736,292,99836,192,99625,192,99873,192,99579,192,99875,192,99569,192,99896,192,99536,192,99913,100,99522,200,99922,100,99510,100,99959,100,99496,100,99984,100,99482,100,100133,100,99422,100
2019-06-28 10:06:31.758779004,99827,192,99737,100,99836,192,99736,292,99873,192,99625,192,99875,192,99579,192,99896,192,99569,192,99913,100,99536,192,99922,100,99522,200,99959,100,99510,100,99984,100,99496,100,100133,100,99482,100
2019-06-28 10:06:37.660437206,99827,92,99737,100,99836,192,99736,292,99873,192,99625,192,99875,192,99579,192,99896,192,99569,192,99913,100,99536,192,99922,100,99522,200,99959,100,99510,100,99984,100,99482,100,100133,100,99422,100
2019-06-28 10:06:40.000000000,99836,192,99737,192,99873,192,99736,292,99875,192,99625,192,99896,192,99579,192,99913,192,99569,192,99922,100,99536,100,99959,100,99522,200,99984,100,99510,100,100133,100,99482,100,100253,100,99422,100
2019-06-28 10:06:50.000000000,99836,216,99737,216,99873,216,99736,316,99875,216,99625,216,99896,216,99579,216,99913,100,99569,100,99922,100,99536,100,99959,100,99522,200,99984,100,99510,100,100133,100,99482,100,100253,100,99422,100
2019-06-28 10:07:00.000000000,99836,562,99737,562,99873,100,99736,200,99875,100,99625,100,99896,100,99579,100,99913,100,99569,100,99922,100,99536,100,99959,100,99522,200,99984,100,99510,100,100133,100,99482,100,100253,100,99422,100
2019-06-28 10:07:10.000000000,99836,216,99737,216,99873,216,99736,316,99875,216,99625,216,99896,216,99579,216,99913,100,99569,100,99922,100,99536,100,99959,100,99522,200,99984,100,99510,100,100133,100,99482,100,100253,100,99422,100
2019-06-28 10:07:20.000000000,99836,257,99737,257,99873,252,99736,352,99875,252,99625,252,99896,100,99579,100,99913,100,99569,100,99922,100,99536,100,99959,100,99522,200,99984,100,99510,100,100133,100,99482,100,100253,100,99422,100
2019-06-28 10:07:30.000000000,99836,216,99737,216,99873,216,99736,316,99875,216,99625,216,99896,216,99579,216,99913,100,99569,100,99922,100,99536,100,99959,100,99522,200,99984,100,99510,100,100133,100,99482,100,100253,100,99422,100
2019-06-28 10:07:33.032680482,99836,216,99737,216,99873,216,99736,316,99875,216,99625,216,99896,216,99579,216,99902,100,99569,100,99913,100,99536,100,99922,100,99522,200,99959,100,99510,100,99984,100,99482,100,100133,100,99422,100
