,ask_price_1,ask_size_1,bid_price_1,bid_size_1,ask_price_2,ask_size_2,bid_price_2,bid_size_2,ask_price_3,ask_size_3,bid_price_3,bid_size_3,ask_price_4,ask_size_4,bid_price_4,bid_size_4,ask_price_5,ask_size_5,bid_price_5,bid_size_5,ask_price_6,ask_size_6,bid_price_6,bid_size_6,ask_price_7,ask_size_7,bid_price_7,bid_size_7,ask_price_8,ask_size_8,bid_price_8,bid_size_8,ask_price_9,ask_size_9,bid_price_9,bid_size_9,ask_price_10,ask_size_10,bid_price_10,bid_size_10
2019-06-28 09:30:00.000000000,,,99959,100,,,,,,,,,,,,,,,,,,,,,,,,,,,,,,,,,,,,
2019-06-28 09:30:00.000000001,100026,100,99959,100,100123,100,,,,,,,,,,,,,,,,,,,,,,,,,,,,,,,,,,
2019-06-28 09:30:00.000000002,100026,100,99959,100,100123,100,99883,100,,,,,,,,,,,,,,,,,,,,,,,,,,,,,,,,
2019-06-28 09:30:00.000000003,100026,100,99959,100,100123,100,99943,100,,,99883,100,,,,,,,,,,,,,,,,,,,,,,,,,,,,
2019-06-28 09:30:00.000000004,100026,100,99959,100,100123,100,99943,100,,,99917,100,,,99883,100,,,,,,,,,,,,,,,,,,,,,,,,
2019-06-28 09:30:00.000000006,100026,100,99959,100,100043,100,99943,100,100123,100,99917,100,,,99883,100,,,,,,,,,,,,,,,,,,,,,,,,
2019-06-28 09:30:00.000000008,100026,100,100012,100,100029,100,99959,100,100043,100,99943,100,100123,100,99917,100,,,99883,100,,,,,,,,,,,,,,,,,,,,
2019-06-28 09:30:00.000000009,100026,100,100012,100,100029,100,99959,100,100043,100,99943,100,100046,100,99917,100,100123,100,99883,100,,,,,,,,,,,,,,,,,,,,
2019-06-28 09:30:00.000000014,100026,100,100012,100,100029,100,99959,100,100043,100,99943,100,100046,100,99917,100,100066,100,99883,100,100123,100,,,,,,,,,,,,,,,,,,
2019-06-28 09:30:00.000000015,100026,100,100012,100,100029,100,99959,100,100043,100,99943,100,100046,100,99917,100,100066,100,99883,100,100123,100,99875,100,,,,,,,,,,,,,,,,
2019-06-28 09:30:00.000000017,100026,100,100012,100,100029,100,99959,100,100037,100,99943,100,100043,100,99917,100,100046,100,99883,100,100066,100,99875,100,100123,100,99865,100,,,,,,,,,,,,
2019-06-28 09:30:00.000000018,100026,100,100012,100,100029,100,99959,100,100037,100,99943,100,100039,100,99917,100,100043,100,99883,100,100046,100,99875,100,100066,100,99865,100,100123,100,,,,,,,,,,
2019-06-28 09:30:00.000000019,100026,100,100012,100,100029,100,99959,100,100037,100,99943,100,100039,100,99917,100,100043,100,99883,100,100046,100,99875,100,100066,100,99865,100,100123,100,99854,100,100152,100,,,,,,
2019-06-28 09:30:00.000000020,100026,100,100012,100,100029,100,99959,100,100037,100,99943,100,100039,100,99917,100,100043,100,99883,100,100044,100,99875,100,100046,100,99865,100,100066,100,99854,100,100123,100,,,100152,100,,
2019-06-28 09:30:00.000000021,100026,100,100012,100,100029,100,99959,100,100037,100,99943,100,100039,100,99917,100,100043,100,99883,100,100044,100,99875,100,100046,100,99865,100,100059,100,99854,100,100061,100,,,100066,100,,
2019-06-28 09:30:00.000000022,100026,100,100012,100,100029,100,99959,100,100037,100,99943,100,100039,100,99917,100,100043,100,99883,100,100044,100,99875,100,100046,100,99865,100,100059,100,99854,100,100061,100,,,100066,100,,
2019-06-28 09:30:00.000000024,100026,100,100012,100,100029,100,99959,100,100037,100,99943,100,100039,100,99917,100,100043,100,99885,100,100044,100,99883,100,100046,100,99875,100,100059,100,99865,100,100061,100,99854,100,100066,100,,
2019-06-28 09:30:00.000000031,100029,100,100012,100,100037,100,99959,100,100039,100,99943,100,100043,100,99917,100,100044,100,99894,100,100046,100,99885,100,100050,100,99883,100,100059,100,99875,100,100061,100,99865,100,100066,100,99854,100
2019-06-28 09:30:00.000000032,100029,100,100012,100,100037,100,100002,100,100039,100,99976,100,100043,100,99959,100,100044,100,99943,100,100046,100,99917,100,100050,100,99894,100,100059,100,99885,100,100061,100,99883,100,100066,100,99875,100
2019-06-28 09:30:00.000000033,100029,100,100012,100,100037,100,100002,100,100039,100,99987,100,100043,100,99976,100,100044,100,99959,100,100046,100,99943,100,100050,100,99917,100,100059,100,99894,100,100061,100,99885,100,100066,100,99883,100
2019-06-28 09:30:00.000000034,100029,100,100012,100,100037,100,100002,100,100039,100,99987,100,100043,100,99976,100,100044,100,99959,100,100046,100,99943,100,100050,100,99917,100,100059,100,99894,100,100061,100,99885,100,100066,100,99883,100
2019-06-28 09:30:00.000000035,100029,100,100012,100,100037,100,100002,100,100039,100,99987,100,100043,100,99976,100,100044,100,99959,100,100046,100,99943,100,100050,100,99917,100,100059,100,99894,100,100061,100,99885,100,100066,100,99883,100
2019-06-28 09:30:00.000000039,100029,100,100002,100,100037,100,99987,100,100039,100,99976,100,100043,100,99959,100,100044,100,99943,100,100046,100,99917,100,100050,100,99894,100,100059,100,99885,100,100061,100,99883,100,100066,100,99875,100
2019-06-28 09:30:00.000000042,100029,100,100002,100,100037,100,99987,100,100039,100,99976,100,100043,100,99959,100,100044,100,99943,100,100046,100,99917,100,100050,100,99894,100,100059,100,99885,100,100061,100,99883,100,100066,100,99875,100
2019-06-28 09:30:00.000000044,100018,100,100002,100,100029,100,99987,100,100037,100,99976,100,100039,100,99959,100,100043,100,99943,100,100044,100,99917,100,100046,100,99894,100,100050,100,99885,100,100059,100,99883,100,100061,100,99875,100
2019-06-28 09:30:00.000000046,100018,100,100002,100,100029,100,99987,100,100037,100,99976,100,100039,100,99959,100,100043,100,99943,100,100044,100,99917,100,100046,100,99894,100,100050,100,99885,100,100059,100,99883,100,100061,100,99875,100
2019-06-28 09:30:00.000000048,100018,100,100002,100,100029,100,99987,100,100037,100,99976,100,100039,100,99959,100,100043,100,99957,100,100044,100,99943,100,100046,100,99917,100,100050,100,99894,100,100059,100,99885,100,100061,100,99883,100
2019-06-28 09:30:00.000000050,100018,100,99987,100,100029,100,99976,100,100037,100,99959,100,100039,100,99957,100,100043,100,99943,100,100044,100,99917,100,100046,100,99894,100,100050,100,99885,100,100059,100,99883,100,100061,100,99875,100
2019-06-28 09:30:00.000000051,100018,100,99987,100,100029,100,99976,100,100037,100,99959,100,100039,100,99957,100,100043,100,99943,100,100044,100,99917,100,100046,100,99894,100,100050,100,99885,100,100059,100,99883,100,100061,100,99875,100
2019-06-28 09:30:00.000000052,100012,100,99987,100,100018,100,99976,100,100029,100,99959,100,100037,100,99957,100,100039,100,99943,100,100043,100,99917,100,100044,100,99894,100,100046,100,99885,100,100050,100,99883,100,100059,100,99875,100
2019-06-28 09:30:00.000000057,100012,200,99987,100,100018,100,99976,100,100029,100,99959,100,100037,100,99957,100,100039,100,99943,100,100043,100,99917,100,100044,100,99894,100,100046,100,99885,100,100050,100,99883,100,100059,100,99875,100
2019-06-28 09:30:00.000000058,100012,200,99987,100,100018,100,99976,100,100027,100,99959,100,100029,100,99957,100,100037,100,99943,100,100039,100,99917,100,100043,100,99894,100,100044,100,99885,100,100046,100,99883,100,100050,100,99875,100
2019-06-28 09:30:00.000000061,100012,200,99987,100,100018,100,99976,100,100027,100,99959,100,100029,100,99957,100,100037,100,99943,100,100039,100,99936,100,100043,100,99917,100,100044,100,99894,100,100046,100,99885,100,100050,100,99883,100
2019-06-28 09:30:00.000000064,100012,200,99987,100,100018,100,99976,100,100027,100,99959,100,100029,100,99957,100,100037,100,99943,100,100039,100,99936,100,100043,100,99917,100,100044,100,99894,100,100046,100,99885,100,100050,100,99883,100
2019-06-28 09:30:00.000000065,100012,200,99987,100,100018,100,99976,100,100027,100,99959,100,100029,100,99957,100,100037,100,99943,100,100039,100,99936,100,100043,100,99917,100,100044,100,99894,100,100046,100,99885,100,100050,100,99883,100
2019-06-28 09:30:00.000000067,100012,200,99976,100,100018,100,99959,100,100027,100,99957,100,100029,100,99943,100,100037,100,99936,100,100039,100,99917,100,100043,100,99894,100,100044,100,99885,100,100046,100,99883,100,100050,100,99879,100
2019-06-28 09:30:00.000000068,100012,200,99959,100,100018,100,99957,100,100027,100,99943,100,100029,100,99936,100,100037,100,99917,100,100039,100,99894,100,100043,100,99885,100,100044,100,99883,100,100046,100,99879,100,100050,100,99875,100
2019-06-28 09:30:00.000000069,100012,200,99959,100,100018,100,99957,100,100027,100,99943,100,100029,100,99936,100,100037,100,99931,100,100039,100,99917,100,100043,100,99894,100,100044,100,99885,100,100046,100,99883,100,100050,100,99879,100
2019-06-28 09:30:00.000000071,100012,200,99976,100,100018,100,99959,100,100027,100,99957,100,100029,100,99943,100,100037,100,99936,100,100039,100,99931,100,100043,100,99917,100,100044,100,99894,100,100046,100,99885,100,100050,100,99883,100
2019-06-28 09:30:00.000000073,100012,200,99976,100,100018,100,99959,100,100027,100,99957,100,100029,100,99943,100,100037,100,99936,100,100039,100,99931,100,100043,100,99917,100,100044,100,99895,100,100046,100,99894,100,100050,100,99885,100
2019-06-28 09:30:00.000000075,100012,200,99985,100,100018,100,99976,100,100027,100,99959,100,100029,100,99957,100,100037,100,99943,100,100039,100,99936,100,100043,100,99931,100,100044,100,99917,100,100046,100,99895,100,100050,100,99894,100
2019-06-28 09:30:00.000000076,99987,100,99985,100,100012,200,99976,200,100018,100,99959,100,100027,100,99957,100,100029,100,99943,100,100037,100,99936,100,100039,100,99931,100,100043,100,99917,100,100044,100,99895,100,100046,100,99894,100
2019-06-28 09:30:00.000000077,99987,100,99985,100,100012,200,99976,300,100018,100,99959,100,100027,100,99957,100,100029,100,99943,100,100037,100,99936,100,100039,100,99931,100,100043,100,99917,100,100044,100,99895,100,100046,100,99894,100
2019-06-28 09:30:00.000000078,99987,100,99985,100,100012,200,99976,300,100018,100,99959,100,100027,100,99957,100,100029,100,99943,100,100037,100,99936,100,100039,100,99931,100,100043,100,99917,100,100044,100,99895,100,100046,100,99894,100
2019-06-28 09:30:00.000000080,99987,200,99985,100,100012,200,99976,300,100018,100,99959,100,100027,100,99957,100,100029,100,99943,100,100037,100,99936,100,100039,100,99933,100,100043,100,99931,100,100044,100,99917,100,100046,100,99895,100
2019-06-28 09:30:00.000000082,99987,200,99985,100,100012,200,99976,300,100018,100,99959,100,100027,100,99957,100,100029,100,99943,100,100037,100,99936,100,100039,100,99933,100,100043,100,99931,100,100044,100,99917,100,100046,100,99895,100
2019-06-28 09:30:00.000000083,99987,200,99985,100,100012,200,99976,300,100018,100,99959,100,100027,100,99957,100,100029,100,99943,100,100037,100,99936,100,100039,100,99933,100,100043,100,99931,100,100044,100,99917,100,100046,100,99895,100
2019-06-28 09:30:00.000000088,99987,200,99985,100,100012,200,99976,300,100018,100,99959,100,100027,100,99957,100,100029,100,99943,100,100037,100,99936,100,100039,100,99933,100,100043,100,99931,100,100044,100,99917,100,100046,100,99895,100
2019-06-28 09:30:00.000000091,99987,200,99985,100,100012,200,99976,400,100018,100,99959,100,100027,100,99957,100,100029,100,99943,100,100037,100,99936,100,100039,100,99933,100,100043,100,99931,100,100044,100,99917,100,100046,100,99895,100
2019-06-28 09:30:00.000000092,99987,200,99985,100,100012,200,99976,400,100018,100,99959,100,100027,100,99957,100,100029,100,99943,100,100037,100,99936,100,100039,100,99933,100,100043,100,99931,100,100044,100,99927,100,100046,100,99917,100
2019-06-28 09:30:00.000000094,99987,200,99976,400,100012,200,99959,100,100018,100,99957,100,100027,100,99943,100,100029,100,99936,100,100037,100,99933,100,100039,100,99931,100,100043,100,99927,100,100044,100,99917,100,100046,100,99895,100
2019-06-28 09:30:00.000000099,99987,200,99976,400,100012,200,99959,100,100018,100,99957,100,100027,100,99943,100,100029,100,99936,100,100037,100,99933,100,100039,100,99931,100,100043,100,99927,100,100044,100,99917,100,100046,100,99895,100
2019-06-28 09:30:09.105158919,99987,200,99976,400,100012,100,99959,100,100018,100,99957,100,100027,100,99943,100,100029,100,99936,100,100037,100,99933,100,100039,100,99931,100,100043,100,99927,100,100044,100,99917,100,100046,100,99895,100
2019-06-28 09:30:10.000000000,99987,302,99976,502,100012,202,99959,202,100018,202,99957,202,100027,202,99943,202,100029,100,99936,100,100037,100,99933,100,100039,100,99931,100,100043,100,99927,100,100044,100,99917,100,100046,100,99895,100
2019-06-28 09:30:20.000000000,99987,281,99976,481,100012,181,99959,181,100018,181,99957,181,100027,181,99943,181,100029,181,99936,181,100037,100,99933,100,100039,100,99931,100,100043,100,99927,100,100044,100,99917,100,100046,100,99895,100
2019-06-28 09:30:20.230060752,99987,281,99976,481,100012,181,99959,181,100018,181,99957,181,100027,181,99943,181,100029,181,99936,181,100037,100,99933,100,100039,100,99931,100,100043,100,99927,100,100044,100,99917,100,100046,100,99895,100
2019-06-28 09:30:30.000000000,99987,403,99976,603,100012,303,99959,303,100018,100,99957,100,100027,100,99943,100,100029,100,99936,100,100037,100,99933,100,100039,100,99931,100,100043,100,99927,100,100044,100,99917,100,100046,100,99895,100
2019-06-28 09:30:40.000000000,99987,281,99976,481,100012,181,99959,181,100018,181,99957,181,100027,181,99943,181,100029,181,99936,181,100037,100,99933,100,100039,100,99931,100,100043,100,99927,100,100044,100,99917,100,100046,100,99895,100
2019-06-28 09:30:50.000000000,99987,606,99976,806,100012,100,99959,100,100018,100,99957,100,100027,100,99943,100,100029,100,99936,100,100037,100,99933,100,100039,100,99931,100,100043,100,99927,100,100044,100,99917,100,100046,100,99895,100
2019-06-28 09:30:52.199840640,99987,506,99976,806,100012,100,99959,100,100018,100,99957,100,100027,100,99943,100,100029,100,99936,100,100037,100,99933,100,100039,100,99931,100,100043,100,99927,100,100044,100,99917,100,100046,100,99894,100
2019-06-28 09:31:00.000000000,99987,303,99976,603,100012,303,99959,303,100018,100,99957,100,100027,100,99943,100,100029,100,99936,100,100037,100,99933,100,100039,100,99931,100,100043,100,99927,100,100044,100,99917,100,100046,100,99894,100
2019-06-28 09:31:10.000000000,99987,202,99976,502,100012,202,99959,202,100018,202,99957,202,100027,202,99943,202,100029,100,99936,100,100037,100,99933,100,100039,100,99931,100,100043,100,99927,100,100044,100,99917,100,100046,100,99894,100
2019-06-28 09:31:20.000000000,99987,181,99976,481,100012,181,99959,181,100018,181,99957,181,100027,181,99943,181,100029,181,99936,181,100037,100,99933,100,100039,100,99931,100,100043,100,99927,100,100044,100,99917,100,100046,100,99894,100
2019-06-28 09:31:30.000000000,99987,506,99976,806,100012,100,99959,100,100018,100,99957,100,100027,100,99943,100,100029,100,99936,100,100037,100,99933,100,100039,100,99931,100,100043,100,99927,100,100044,100,99917,100,100046,100,99894,100
2019-06-28 09:31:40.000000000,99987,238,99976,538,100012,234,99959,234,100018,234,99957,234,100027,100,99943,100,100029,100,99936,100,100037,100,99933,100,100039,100,99931,100,100043,100,99927,100,100044,100,99917,100,100046,100,99894,100
2019-06-28 09:31:50.000000000,99987,303,99976,603,100012,303,99959,303,100018,100,99957,100,100027,100,99943,100,100029,100,99936,100,100037,100,99933,100,100039,100,99931,100,100043,100,99927,100,100044,100,99917,100,100046,100,99894,100
2019-06-28 09:32:00.000000000,99987,181,99976,481,100012,181,99959,181,100018,181,99957,181,100027,181,99943,181,100029,181,99936,181,100037,100,99933,100,100039,100,99931,100,100043,100,99927,100,100044,100,99917,100,100046,100,99894,100
2019-06-28 09:32:00.645503778,99987,181,99976,481,100012,181,99959,181,100018,181,99957,181,100027,181,99943,181,100029,181,99936,181,100037,100,99933,100,100039,100,99931,100,100043,100,99927,100,100044,100,99917,100,100046,100,99907,100
2019-06-28 09:32:03.930176086,99987,181,99976,381,100012,181,99959,181,100018,181,99957,181,100027,181,99943,181,100029,181,99936,181,100037,100,99933,100,100039,100,99931,100,100043,100,99927,100,100044,100,99917,100,100046,100,99907,100
2019-06-28 09:32:06.462922311,99987,181,99976,381,100012,181,99959,181,100018,181,99957,181,100027,181,99943,181,100029,181,99936,181,100037,100,99933,100,100039,100,99931,100,100043,100,99927,100,100044,100,99917,100,100046,100,99907,100
2019-06-28 09:32:09.399930593,99987,181,99976,281,100012,181,99959,181,100018,181,99957,181,100027,181,99943,181,100029,181,99936,181,100037,100,99933,100,100039,100,99931,100,100043,100,99927,100,100044,100,99917,100,100046,100,99907,100
2019-06-28 09:32:10.000000000,99987,506,99976,606,100012,100,99959,100,100018,100,99957,100,100027,100,99943,100,100029,100,99936,100,100037,100,99933,100,100039,100,99931,100,100043,100,99927,100,100044,100,99917,100,100046,100,99907,100
2019-06-28 09:32:20.000000000,99987,181,99976,281,100012,181,99959,181,100018,181,99957,181,100027,181,99943,181,100029,181,99936,181,100037,100,99933,100,100039,100,99931,100,100043,100,99927,100,100044,100,99917,100,100046,100,99907,100
2019-06-28 09:32:26.843221304,99987,181,99976,281,100012,181,99959,181,100018,181,99957,181,100027,181,99943,181,100029,181,99936,181,100037,100,99933,100,100039,100,99931,100,100043,100,99930,100,100044,100,99927,100,100046,100,99917,100
2019-06-28 09:32:30.000000000,99987,506,99976,606,100012,100,99959,100,100018,100,99957,100,100027,100,99943,100,100029,100,99936,100,100037,100,99933,100,100039,100,99931,100,100043,100,99930,100,100044,100,99927,100,100046,100,99917,100
2019-06-28 09:32:36.470918997,99986,100,99976,606,99987,506,99959,100,100012,100,99957,100,100018,100,99943,100,100027,100,99936,100,100029,100,99933,100,100037,100,99931,100,100039,100,99930,100,100043,100,99927,100,100044,100,99917,100
2019-06-28 09:32:40.000000000,99986,506,99976,606,99987,100,99959,100,100012,100,99957,100,100018,100,99943,100,100027,100,99936,100,100029,100,99933,100,100037,100,99931,100,100039,100,99930,100,100043,100,99927,100,100044,100,99917,100
2019-06-28 09:32:45.284878841,99986,506,99976,606,99987,100,99959,100,100012,100,99957,100,100018,100,99943,100,100027,100,99936,100,100029,100,99933,100,100037,100,99931,100,100039,100,99927,100,100043,100,99917,100,100044,100,99907,100
2019-06-28 09:32:50.000000000,99986,303,99976,403,99987,303,99959,303,100012,100,99957,100,100018,100,99943,100,100027,100,99936,100,100029,100,99933,100,100037,100,99931,100,100039,100,99927,100,100043,100,99917,100,100044,100,99907,100
2019-06-28 09:33:00.000000000,99986,202,99976,302,99987,202,99959,202,100012,202,99957,202,100018,202,99943,202,100027,100,99936,100,100029,100,99933,100,100037,100,99931,100,100039,100,99927,100,100043,100,99917,100,100044,100,99907,100
2019-06-28 09:33:03.586668859,99986,202,99976,302,99987,202,99959,202,100007,100,99957,202,100012,202,99943,202,100018,202,99936,100,100027,100,99933,100,100029,100,99931,100,100037,100,99927,100,100039,100,99917,100,100043,100,99907,100
2019-06-28 09:33:10.000000000,99986,303,99976,403,99987,303,99959,303,100007,100,99957,100,100012,100,99943,100,100018,100,99936,100,100027,100,99933,100,100029,100,99931,100,100037,100,99927,100,100039,100,99917,100,100043,100,99907,100
2019-06-28 09:33:20.000000000,99986,506,99976,606,99987,100,99959,100,100007,100,99957,100,100012,100,99943,100,100018,100,99936,100,100027,100,99933,100,100029,100,99931,100,100037,100,99927,100,100039,100,99917,100,100043,100,99907,100
2019-06-28 09:33:24.133688520,99986,506,99976,606,99987,100,99959,100,100007,100,99957,100,100012,100,99943,100,100018,100,99936,100,100027,100,99933,100,100029,100,99931,100,100037,100,99927,100,100039,100,99917,100,100043,100,99907,100
2019-06-28 09:33:29.505351748,99986,606,99976,506,99987,100,99959,100,100007,100,99957,100,100012,100,99943,100,100018,100,99936,100,100027,100,99933,100,100029,100,99931,100,100037,100,99927,100,100039,100,99917,100,100043,100,99907,100
2019-06-28 09:33:29.952665793,99986,606,99976,506,99987,100,99959,100,100007,100,99957,100,100012,100,99943,100,100018,100,99936,100,100027,100,99933,100,100029,100,99931,100,100037,100,99927,100,100043,100,99917,100,100046,100,99907,100
2019-06-28 09:33:30.000000000,99986,338,99976,238,99987,234,99959,234,100007,234,99957,234,100012,100,99943,100,100018,100,99936,100,100027,100,99933,100,100029,100,99931,100,100037,100,99927,100,100043,100,99917,100,100046,100,99907,100
2019-06-28 09:33:40.000000000,99986,606,99976,506,99987,100,99959,100,100007,100,99957,100,100012,100,99943,100,100018,100,99936,100,100027,100,99933,100,100029,100,99931,100,100037,100,99927,100,100043,100,99917,100,100046,100,99907,100
2019-06-28 09:33:40.426023930,99986,606,99976,406,99987,100,99959,100,100007,100,99943,100,100012,100,99936,100,100018,100,99933,100,100027,100,99931,100,100029,100,99927,100,100037,100,99917,100,100043,100,99907,100,100046,100,99894,100
2019-06-28 09:33:44.163802310,99986,606,99976,306,99987,100,99959,100,100007,100,99943,100,100012,100,99936,100,100018,100,99933,100,100027,100,99931,100,100029,100,99927,100,100037,100,99917,100,100043,100,99907,100,100046,100,99894,100
2019-06-28 09:33:50.000000000,99986,403,99959,303,99987,303,99943,303,100007,100,99936,100,100012,100,99933,100,100018,100,99931,100,100027,100,99927,100,100029,100,99917,100,100037,100,99907,100,100043,100,99894,100,100046,100,99891,100
2019-06-28 09:34:00.000000000,99986,281,99959,181,99987,181,99943,181,100007,181,99936,181,100012,181,99933,181,100018,181,99931,181,100027,100,99927,100,100029,100,99917,100,100037,100,99907,100,100043,100,99894,100,100046,100,99891,100
2019-06-28 09:34:00.709839781,99982,100,99959,181,99986,281,99943,181,99987,181,99936,181,100007,81,99933,181,100012,181,99931,181,100018,181,99927,100,100027,100,99917,100,100029,100,99907,100,100037,100,99894,100,100043,100,99891,100
2019-06-28 09:34:04.125451826,99982,100,99959,81,99986,281,99943,181,99987,181,99936,181,100007,81,99933,181,100012,181,99931,181,100018,181,99927,100,100027,100,99907,100,100029,100,99894,100,100037,100,99891,100,100043,100,99885,100
2019-06-28 09:34:10.000000000,99982,506,99943,506,99986,200,99936,100,99987,100,99933,100,100012,100,99931,100,100018,100,99927,100,100027,100,99907,100,100029,100,99894,100,100037,100,99891,100,100043,100,99885,100,100046,100,99883,100
2019-06-28 09:34:20.000000000,99982,303,99943,303,99986,403,99936,303,99987,100,99933,100,100012,100,99931,100,100018,100,99927,100,100027,100,99907,100,100029,100,99894,100,100037,100,99891,100,100043,100,99885,100,100046,100,99883,100
2019-06-28 09:34:30.000000000,99982,303,99943,303,99986,403,99936,303,99987,100,99933,100,100012,100,99931,100,100018,100,99927,100,100027,100,99907,100,100029,100,99894,100,100037,100,99891,100,100043,100,99885,100,100046,100,99883,100
2019-06-28 09:34:30.486368880,99982,303,99943,303,99986,403,99936,303,99987,100,99933,100,100012,100,99931,100,100018,100,99927,100,100027,100,99907,100,100029,100,99894,100,100037,100,99891,100,100046,100,99885,100,100050,100,99883,100
2019-06-28 09:34:40.000000000,99982,238,99943,238,99986,334,99936,234,99987,234,99933,234,100012,100,99931,100,100018,100,99927,100,100027,100,99907,100,100029,100,99894,100,100037,100,99891,100,100046,100,99885,100,100050,100,99883,100
2019-06-28 09:34:48.859819245,99982,238,99943,238,99986,334,99936,234,99987,234,99933,234,100006,100,99931,100,100012,100,99927,100,100018,100,99907,100,100027,100,99894,100,100029,100,99891,100,100037,100,99885,100,100046,100,99883,100
2019-06-28 09:34:50.000000000,99982,238,99943,238,99986,334,99936,234,99987,234,99933,234,100006,100,99931,100,100012,100,99927,100,100018,100,99907,100,100027,100,99894,100,100029,100,99891,100,100037,100,99885,100,100046,100,99883,100
2019-06-28 09:35:00.000000000,99982,238,99943,238,99986,334,99936,234,99987,234,99933,234,100006,100,99931,100,100012,100,99927,100,100018,100,99907,100,100027,100,99894,100,100029,100,99891,100,100037,100,99885,100,100046,100,99883,100
2019-06-28 09:35:01.915644108,99982,238,99943,238,99986,334,99936,234,99987,234,99933,234,99993,100,99931,100,100006,100,99927,100,100012,100,99907,100,100018,100,99894,100,100027,100,99891,100,100029,100,99885,100,100037,100,99883,100
2019-06-28 09:35:10.000000000,99982,202,99943,202,99986,302,99936,202,99987,202,99933,202,99993,202,99931,202,100006,100,99927,100,100012,100,99907,100,100018,100,99894,100,100027,100,99891,100,100029,100,99885,100,100037,100,99883,100
2019-06-28 09:35:20.000000000,99982,181,99943,181,99986,281,99936,181,99987,181,99933,181,99993,181,99931,181,100006,181,99927,181,100012,100,99907,100,100018,100,99894,100,100027,100,99891,100,100029,100,99885,100,100037,100,99883,100
2019-06-28 09:35:27.143117233,99976,100,99943,181,99982,181,99936,181,99986,281,99933,181,99987,181,99931,181,99993,181,99927,181,100006,181,99907,100,100012,100,99894,100,100018,100,99891,100,100027,100,99885,100,100029,100,99883,100
2019-06-28 09:35:30.000000000,99976,506,99943,506,99982,100,99936,100,99986,200,99933,100,99987,100,99931,100,99993,100,99927,100,100006,100,99907,100,100012,100,99894,100,100018,100,99891,100,100027,100,99885,100,100029,100,99883,100
2019-06-28 09:35:40.000000000,99976,238,99943,238,99982,234,99936,234,99986,334,99933,234,99987,100,99931,100,99993,100,99927,100,100006,100,99907,100,100012,100,99894,100,100018,100,99891,100,100027,100,99885,100,100029,100,99883,100
2019-06-28 09:35:50.000000000,99976,181,99943,181,99982,181,99936,181,99986,281,99933,181,99987,181,99931,181,99993,181,99927,181,100006,100,99907,100,100012,100,99894,100,100018,100,99891,100,100027,100,99885,100,100029,100,99883,100
2019-06-28 09:36:00.000000000,99976,238,99943,238,99982,234,99936,234,99986,334,99933,234,99987,100,99931,100,99993,100,99927,100,100006,100,99907,100,100012,100,99894,100,100018,100,99891,100,100027,100,99885,100,100029,100,99883,100
2019-06-28 09:36:10.000000000,99976,181,99943,181,99982,181,99936,181,99986,281,99933,181,99987,181,99931,181,99993,181,99927,181,100006,100,99907,100,100012,100,99894,100,100018,100,99891,100,100027,100,99885,100,100029,100,99883,100
2019-06-28 09:36:20.000000000,99976,202,99943,202,99982,202,99936,202,99986,302,99933,202,99987,202,99931,202,99993,100,99927,100,100006,100,99907,100,100012,100,99894,100,100018,100,99891,100,100027,100,99885,100,100029,100,99883,100
2019-06-28 09:36:28.286098127,99976,202,99943,102,99982,202,99936,202,99986,302,99933,202,99987,202,99931,202,99993,100,99927,100,100006,100,99907,100,100012,100,99894,100,100018,100,99891,100,100027,100,99885,100,100029,100,99883,100
2019-06-28 09:36:29.630034563,99976,202,99943,102,99982,202,99936,202,99986,302,99933,202,99987,202,99931,202,99993,100,99927,100,100006,100,99907,100,100012,100,99894,100,100018,100,99891,100,100027,100,99885,100,100029,100,99883,100
2019-06-28 09:36:30.000000000,99976,303,99936,303,99982,303,99933,303,99986,200,99931,100,99987,100,99927,100,99993,100,99907,100,100006,100,99894,100,100012,100,99891,100,100018,100,99885,100,100027,100,99883,100,100029,100,99879,100
2019-06-28 09:36:32.905189474,99976,303,99936,303,99982,303,99933,303,99986,200,99931,100,99987,100,99927,100,99993,100,99907,100,100006,100,99894,100,100012,100,99891,100,100018,100,99885,100,100027,100,99883,100,100029,100,99879,100
2019-06-28 09:36:40.000000000,99976,506,99936,506,99982,100,99933,100,99986,200,99931,100,99987,100,99927,100,99993,100,99907,100,100006,100,99894,100,100012,100,99891,100,100018,100,99885,100,100027,100,99883,100,100029,100,99879,100
2019-06-28 09:36:46.440196009,99959,100,99936,506,99976,506,99933,100,99982,100,99931,100,99986,200,99927,100,99987,100,99907,100,99993,100,99894,100,100006,100,99891,100,100012,100,99885,100,100018,100,99883,100,100027,100,99879,100
2019-06-28 09:36:50.000000000,99959,506,99936,506,99976,100,99933,100,99982,100,99931,100,99986,200,99927,100,99987,100,99907,100,99993,100,99894,100,100006,100,99891,100,100012,100,99885,100,100018,100,99883,100,100027,100,99879,100
2019-06-28 09:37:00.000000000,99959,303,99936,303,99976,303,99933,303,99982,100,99931,100,99986,200,99927,100,99987,100,99907,100,99993,100,99894,100,100006,100,99891,100,100012,100,99885,100,100018,100,99883,100,100027,100,99879,100
2019-06-28 09:37:06.776384795,99959,303,99936,203,99976,303,99933,303,99982,100,99931,100,99986,200,99927,100,99987,100,99907,100,99993,100,99894,100,100006,100,99891,100,100012,100,99885,100,100018,100,99883,100,100027,100,99879,100
2019-06-28 09:37:10.000000000,99959,202,99933,202,99976,202,99931,202,99982,202,99927,202,99986,302,99907,202,99987,100,99894,100,99993,100,99891,100,100006,100,99885,100,100012,100,99883,100,100018,100,99879,100,100027,100,99865,100
2019-06-28 09:37:20.000000000,99959,202,99933,202,99976,202,99931,202,99982,202,99927,202,99986,302,99907,202,99987,100,99894,100,99993,100,99891,100,100006,100,99885,100,100012,100,99883,100,100018,100,99879,100,100027,100,99865,100
2019-06-28 09:37:30.000000000,99959,202,99933,202,99976,202,99931,202,99982,202,99927,202,99986,302,99907,202,99987,100,99894,100,99993,100,99891,100,100006,100,99885,100,100012,100,99883,100,100018,100,99879,100,100027,100,99865,100
2019-06-28 09:37:32.182855804,99959,202,99933,202,99976,202,99931,202,99982,202,99927,202,99986,302,99907,202,99987,100,99894,100,99993,100,99891,100,100006,100,99885,100,100012,100,99883,100,100018,100,99879,100,100027,100,99865,100
2019-06-28 09:37:40.000000000,99959,238,99933,238,99976,234,99931,234,99982,234,99927,234,99986,200,99907,100,99987,100,99894,100,99993,100,99891,100,100006,100,99885,100,100012,100,99883,100,100018,100,99879,100,100027,100,99865,100
2019-06-28 09:37:40.163934005,99959,238,99933,138,99976,234,99931,234,99982,234,99927,234,99986,200,99907,100,99987,100,99894,100,99993,100,99891,100,100006,100,99885,100,100012,100,99883,100,100018,100,99879,100,100027,100,99865,100
2019-06-28 09:37:46.622944422,99959,238,99933,38,99976,234,99931,234,99982,234,99927,234,99986,200,99907,100,99987,100,99894,100,99993,100,99891,100,100006,100,99885,100,100012,100,99883,100,100018,100,99879,100,100027,100,99865,100
2019-06-28 09:37:46.909639001,99959,238,99933,38,99976,234,99931,234,99982,234,99927,234,99986,200,99907,100,99987,100,99894,100,99993,100,99891,100,100006,100,99885,100,100012,100,99883,100,100018,100,99879,100,100027,100,99865,100
2019-06-28 09:37:50.000000000,99959,506,99931,506,99976,100,99927,100,99982,100,99907,100,99986,200,99894,100,99987,100,99891,100,99993,100,99885,100,100006,100,99883,100,100012,100,99879,100,100018,100,99865,100,100027,100,99854,100
2019-06-28 09:38:00.000000000,99959,181,99931,181,99976,181,99927,181,99982,181,99907,181,99986,281,99894,181,99987,181,99891,181,99993,100,99885,100,100006,100,99883,100,100012,100,99879,100,100018,100,99865,100,100027,100,99854,100
2019-06-28 09:38:10.000000000,99959,181,99931,181,99976,181,99927,181,99982,181,99907,181,99986,281,99894,181,99987,181,99891,181,99993,100,99885,100,100006,100,99883,100,100012,100,99879,100,100018,100,99865,100,100027,100,99854,100
2019-06-28 09:38:15.776748611,99959,81,99931,181,99976,181,99927,181,99982,181,99907,181,99986,281,99894,181,99987,181,99891,181,99993,100,99885,100,100006,100,99883,100,100012,100,99879,100,100018,100,99865,100,100027,100,99854,100
2019-06-28 09:38:20.000000000,99976,202,99931,202,99982,202,99927,202,99986,302,99907,202,99987,202,99894,202,99993,100,99891,100,100006,100,99885,100,100012,100,99883,100,100018,100,99879,100,100027,100,99865,100,100029,100,99854,100
2019-06-28 09:38:20.589123260,99976,202,99931,202,99982,202,99927,202,99986,302,99907,202,99987,202,99894,202,99993,100,99891,100,100006,100,99885,100,100012,100,99883,100,100018,100,99879,100,100027,100,99865,100,100029,100,99854,100
2019-06-28 09:38:25.520024965,99976,102,99931,202,99982,202,99927,202,99986,302,99907,202,99987,202,99894,202,99993,100,99891,100,100006,100,99885,100,100012,100,99883,100,100018,100,99879,100,100027,100,99865,100,100029,100,99854,100
2019-06-28 09:38:27.710635792,99976,2,99931,202,99982,202,99927,202,99986,302,99907,202,99987,202,99894,202,99993,100,99891,100,100006,100,99885,100,100012,100,99883,100,100018,100,99879,100,100027,100,99865,100,100029,100,99854,100
2019-06-28 09:38:30.000000000,99982,238,99931,238,99986,334,99927,234,99987,234,99907,234,99993,100,99894,100,100006,100,99891,100,100012,100,99885,100,100018,100,99883,100,100027,100,99879,100,100029,100,99865,100,100037,100,99854,100
2019-06-28 09:38:40.000000000,99982,506,99931,506,99986,200,99927,100,99987,100,99907,100,99993,100,99894,100,100006,100,99891,100,100012,100,99885,100,100018,100,99883,100,100027,100,99879,100,100029,100,99865,100,100037,100,99854,100
2019-06-28 09:38:45.484225301,99982,406,99931,506,99986,200,99927,100,99987,100,99907,100,99993,100,99894,100,100006,100,99885,100,100012,100,99883,100,100018,100,99879,100,100027,100,99865,100,100029,100,99854,100,100037,100,99840,100
2019-06-28 09:38:50.000000000,99986,281,99931,181,99987,181,99927,181,99993,181,99907,181,100006,181,99894,181,100012,181,99885,181,100018,100,99883,100,100027,100,99879,100,100029,100,99865,100,100037,100,99854,100,100050,100,99840,100
2019-06-28 09:39:00.000000000,99986,302,99931,202,99987,202,99927,202,99993,202,99907,202,100006,202,99894,202,100012,100,99885,100,100018,100,99883,100,100027,100,99879,100,100029,100,99865,100,100037,100,99854,100,100050,100,99840,100
2019-06-28 09:39:10.000000000,99986,606,99931,506,99987,100,99927,100,99993,100,99907,100,100006,100,99894,100,100012,100,99885,100,100018,100,99883,100,100027,100,99879,100,100029,100,99865,100,100037,100,99854,100,100050,100,99840,100
2019-06-28 09:39:20.000000000,99986,302,99931,202,99987,202,99927,202,99993,202,99907,202,100006,202,99894,202,100012,100,99885,100,100018,100,99883,100,100027,100,99879,100,100029,100,99865,100,100037,100,99854,100,100050,100,99840,100
2019-06-28 09:39:30.000000000,99986,302,99931,202,99987,202,99927,202,99993,202,99907,202,100006,202,99894,202,100012,100,99885,100,100018,100,99883,100,100027,100,99879,100,100029,100,99865,100,100037,100,99854,100,100050,100,99840,100
2019-06-28 09:39:40.000000000,99986,302,99931,202,99987,202,99927,202,99993,202,99907,202,100006,202,99894,202,100012,100,99885,100,100018,100,99883,100,100027,100,99879,100,100029,100,99865,100,100037,100,99854,100,100050,100,99840,100
2019-06-28 09:39:50.000000000,99986,606,99931,506,99987,100,99927,100,99993,100,99907,100,100006,100,99894,100,100012,100,99885,100,100018,100,99883,100,100027,100,99879,100,100029,100,99865,100,100037,100,99854,100,100050,100,99840,100
2019-06-28 09:39:57.423999451,99986,606,99931,506,99987,100,99927,100,99993,100,99907,100,100006,100,99894,100,100012,100,99885,100,100018,100,99883,100,100027,100,99879,100,100029,100,99865,100,100037,100,99854,100,100050,100,99840,100
2019-06-28 09:40:00.000000000,99986,338,99931,238,99987,234,99927,234,99993,234,99907,234,100006,100,99894,100,100012,100,99885,100,100018,100,99883,100,100027,100,99879,100,100029,100,99865,100,100037,100,99854,100,100050,100,99840,100
2019-06-28 09:40:04.450445275,99986,338,99976,100,99987,234,99931,238,99993,234,99927,234,100006,100,99907,234,100012,100,99894,100,100018,100,99885,100,100027,100,99883,100,100029,100,99879,100,100037,100,99865,100,100052,100,99854,100
2019-06-28 09:40:04.769163834,99986,238,99976,100,99987,234,99931,238,99993,134,99927,234,100006,100,99907,234,100012,100,99894,100,100018,100,99885,100,100027,100,99883,100,100029,100,99879,100,100037,100,99865,100,100052,100,99854,100
2019-06-28 09:40:10.000000000,99986,303,99976,303,99987,303,99931,303,100006,100,99927,100,100012,100,99907,100,100018,100,99894,100,100027,100,99885,100,100029,100,99883,100,100037,100,99879,100,100052,100,99865,100,100059,100,99854,100
2019-06-28 09:40:20.000000000,99986,202,99976,202,99987,202,99931,202,100006,202,99927,202,100012,202,99907,202,100018,100,99894,100,100027,100,99885,100,100029,100,99883,100,100037,100,99879,100,100052,100,99865,100,100059,100,99854,100
2019-06-28 09:40:30.000000000,99986,303,99976,303,99987,303,99931,303,100006,100,99927,100,100012,100,99907,100,100018,100,99894,100,100027,100,99885,100,100029,100,99883,100,100037,100,99879,100,100052,100,99865,100,100059,100,99854,100
2019-06-28 09:40:40.000000000,99986,303,99976,303,99987,303,99931,303,100006,100,99927,100,100012,100,99907,100,100018,100,99894,100,100027,100,99885,100,100029,100,99883,100,100037,100,99879,100,100052,100,99865,100,100059,100,99854,100
2019-06-28 09:40:48.299654872,99986,203,99976,303,99987,303,99931,303,100006,100,99927,100,100012,100,99907,100,100018,100,99894,100,100027,100,99885,100,100029,100,99883,100,100037,100,99879,100,100052,100,99865,100,100059,100,99854,100
2019-06-28 09:40:50.000000000,99987,202,99976,202,100006,202,99931,202,100012,202,99927,202,100018,202,99907,202,100027,100,99894,100,100029,100,99885,100,100037,100,99883,100,100052,100,99879,100,100059,100,99865,100,100061,100,99854,100
2019-06-28 09:40:53.376846930,99987,202,99976,202,100006,202,99931,202,100012,202,99927,202,100018,202,99907,202,100027,100,99894,100,100029,100,99885,100,100037,100,99883,100,100052,100,99865,100,100059,100,99854,100,100061,100,99840,100
2019-06-28 09:41:00.000000000,99987,202,99976,202,100006,202,99931,202,100012,202,99927,202,100018,202,99907,202,100027,100,99894,100,100029,100,99885,100,100037,100,99883,100,100052,100,99865,100,100059,100,99854,100,100061,100,99840,100
2019-06-28 09:41:01.377436991,99987,202,99976,202,100006,202,99931,202,100012,102,99927,202,100018,202,99907,202,100027,100,99894,100,100029,100,99885,100,100037,100,99883,100,100052,100,99865,100,100059,100,99854,100,100061,100,99840,100
2019-06-28 09:41:10.000000000,99987,181,99976,181,100006,181,99931,181,100018,181,99927,181,100027,181,99907,181,100029,181,99894,181,100037,100,99885,100,100052,100,99883,100,100059,100,99865,100,100061,100,99854,100,100066,100,99840,100
2019-06-28 09:41:20.000000000,99987,202,99976,202,100006,202,99931,202,100018,202,99927,202,100027,202,99907,202,100029,100,99894,100,100037,100,99885,100,100052,100,99883,100,100059,100,99865,100,100061,100,99854,100,100066,100,99840,100
2019-06-28 09:41:30.000000000,99987,303,99976,303,100006,303,99931,303,100018,100,99927,100,100027,100,99907,100,100029,100,99894,100,100037,100,99885,100,100052,100,99883,100,100059,100,99865,100,100061,100,99854,100,100066,100,99840,100
2019-06-28 09:41:35.388932433,99987,303,99976,303,100006,303,99931,303,100018,100,99927,100,100027,100,99907,100,100029,100,99894,100,100037,100,99885,100,100052,100,99883,100,100059,100,99865,100,100061,100,99854,100,100066,100,99840,100
2019-06-28 09:41:39.343362802,99987,203,99976,303,100006,303,99931,303,100018,100,99927,100,100027,100,99907,100,100029,100,99894,100,100052,100,99885,100,100059,100,99883,100,100061,100,99865,100,100066,100,99854,100,100078,100,99840,100
2019-06-28 09:41:40.000000000,100006,181,99976,181,100018,181,99931,181,100027,181,99927,181,100029,181,99907,181,100052,181,99894,181,100059,100,99885,100,100061,100,99883,100,100066,100,99865,100,100078,100,99854,100,100087,100,99840,100
2019-06-28 09:41:41.383677766,100006,181,99976,181,100018,181,99931,181,100027,181,99927,181,100029,181,99907,181,100052,181,99894,181,100059,100,99885,100,100061,100,99883,100,100066,100,99865,100,100078,100,99854,100,100087,100,99840,100
2019-06-28 09:41:43.934018343,100006,181,99976,181,100018,181,99931,181,100027,181,99927,181,100029,181,99907,181,100052,181,99894,181,100059,100,99885,100,100061,100,99883,100,100066,100,99865,100,100078,100,99854,100,100087,100,99840,100
2019-06-28 09:41:50.000000000,100006,181,99976,181,100018,181,99931,181,100027,181,99927,181,100029,181,99907,181,100052,181,99894,181,100059,100,99885,100,100061,100,99883,100,100066,100,99865,100,100078,100,99854,100,100087,100,99840,100
2019-06-28 09:41:58.142060214,100006,81,99976,181,100018,181,99931,181,100027,181,99927,181,100029,181,99907,181,100052,181,99894,181,100059,100,99885,100,100061,100,99883,100,100066,100,99865,100,100078,100,99854,100,100087,100,99840,100
2019-06-28 09:42:00.000000000,100018,202,99976,202,100027,202,99931,202,100029,202,99927,202,100052,202,99907,202,100059,100,99894,100,100061,100,99885,100,100066,100,99883,100,100078,100,99865,100,100087,100,99854,100,100090,100,99840,100
2019-06-28 09:42:10.000000000,100018,506,99976,506,100027,100,99931,100,100029,100,99927,100,100052,100,99907,100,100059,100,99894,100,100061,100,99885,100,100066,100,99883,100,100078,100,99865,100,100087,100,99854,100,100090,100,99840,100
2019-06-28 09:42:12.909112102,100018,506,99976,506,100027,100,99931,100,100029,100,99927,100,100052,100,99907,100,100059,100,99894,100,100061,100,99885,100,100066,100,99883,100,100078,100,99865,100,100087,100,99854,100,100090,100,99840,100
2019-06-28 09:42:20.000000000,100018,238,99976,238,100027,234,99931,234,100029,234,99927,234,100052,100,99907,100,100059,100,99894,100,100061,100,99885,100,100066,100,99883,100,100078,100,99865,100,100087,100,99854,100,100090,100,99840,100
2019-06-28 09:42:21.188793088,100018,238,99976,238,100027,234,99931,234,100029,234,99927,234,100052,100,99907,100,100059,100,99894,100,100061,100,99885,100,100066,100,99883,100,100078,100,99865,100,100087,100,99854,100,100090,100,99840,100
2019-06-28 09:42:23.474735302,100018,138,99976,238,100027,234,99931,234,100029,234,99927,234,100052,100,99907,100,100059,100,99894,100,100061,100,99885,100,100066,100,99883,100,100078,100,99865,100,100087,100,99854,100,100090,100,99840,100
2019-06-28 09:42:28.726455286,100018,138,99976,238,100027,234,99931,234,100029,234,99927,234,100052,100,99907,100,100059,100,99894,100,100061,100,99885,100,100066,100,99883,100,100078,100,99865,100,100087,100,99854,100,100090,100,99840,100
2019-06-28 09:42:29.318764912,100018,138,100006,100,100027,234,99976,238,100029,234,99931,234,100052,100,99927,234,100059,100,99907,100,100061,100,99894,100,100066,100,99885,100,100078,100,99883,100,100087,100,99865,100,100090,100,99854,100
2019-06-28 09:42:30.000000000,100027,181,100006,181,100029,181,99976,181,100052,181,99931,181,100059,181,99927,181,100061,181,99907,181,100066,100,99894,100,100078,100,99885,100,100087,100,99883,100,100090,100,99865,100,100093,100,99854,100
2019-06-28 09:42:40.000000000,100027,506,100006,506,100029,100,99976,100,100052,100,99931,100,100059,100,99927,100,100061,100,99907,100,100066,100,99894,100,100078,100,99885,100,100087,100,99883,100,100090,100,99865,100,100093,100,99854,100
2019-06-28 09:42:41.687592380,100027,506,100006,506,100029,100,99976,100,100052,100,99931,100,100059,100,99927,100,100061,100,99907,100,100066,100,99894,100,100078,100,99885,100,100087,100,99883,100,100090,100,99865,100,100093,100,99854,100
2019-06-28 09:42:50.000000000,100027,506,100006,506,100029,100,99976,100,100052,100,99931,100,100059,100,99927,100,100061,100,99907,100,100066,100,99894,100,100078,100,99885,100,100087,100,99883,100,100090,100,99865,100,100093,100,99854,100
2019-06-28 09:42:56.078118728,100027,506,100006,406,100029,100,99976,100,100052,100,99931,100,100059,100,99927,100,100061,100,99907,100,100066,100,99894,100,100078,100,99885,100,100087,100,99883,100,100090,100,99865,100,100093,100,99854,100
2019-06-28 09:43:00.000000000,100027,181,99976,181,100029,181,99931,181,100052,181,99927,181,100059,181,99907,181,100061,181,99894,181,100066,100,99885,100,100078,100,99883,100,100087,100,99865,100,100090,100,99854,100,100093,100,99814,100
2019-06-28 09:43:10.000000000,100027,202,99976,202,100029,202,99931,202,100052,202,99927,202,100059,202,99907,202,100061,100,99894,100,100066,100,99885,100,100078,100,99883,100,100087,100,99865,100,100090,100,99854,100,100093,100,99814,100
2019-06-28 09:43:20.000000000,100027,238,99976,238,100029,234,99931,234,100052,234,99927,234,100059,100,99907,100,100061,100,99894,100,100066,100,99885,100,100078,100,99883,100,100087,100,99865,100,100090,100,99854,100,100093,100,99814,100
2019-06-28 09:43:29.067041404,100027,238,99976,138,100029,234,99931,234,100052,234,99927,234,100059,100,99907,100,100061,100,99894,100,100066,100,99885,100,100078,100,99883,100,100087,100,99865,100,100090,100,99854,100,100093,100,99814,100
2019-06-28 09:43:30.000000000,100027,303,99931,303,100029,303,99927,303,100052,100,99907,100,100059,100,99894,100,100061,100,99885,100,100066,100,99883,100,100078,100,99865,100,100087,100,99854,100,100090,100,99814,100,100093,100,99803,100
2019-06-28 09:43:30.410830277,100027,303,99931,303,100029,303,99927,303,100052,100,99907,100,100059,100,99894,100,100061,100,99885,100,100066,100,99883,100,100078,100,99865,100,100087,100,99854,100,100090,100,99834,100,100093,100,99814,100
2019-06-28 09:43:34.705643609,100027,303,99931,303,100029,303,99927,303,100050,100,99907,100,100052,100,99894,100,100059,100,99885,100,100061,100,99883,100,100066,100,99865,100,100078,100,99854,100,100087,100,99834,100,100090,100,99814,100
2019-06-28 09:43:37.799494534,100027,303,99931,203,100029,303,99927,303,100050,100,99907,100,100052,100,99894,100,100059,100,99885,100,100061,100,99883,100,100066,100,99865,100,100078,100,99854,100,100087,100,99814,100,100090,100,99803,100
2019-06-28 09:43:40.000000000,100027,303,99927,303,100029,303,99907,303,100050,100,99894,100,100052,100,99885,100,100059,100,99883,100,100061,100,99865,100,100066,100,99854,100,100078,100,99814,100,100087,100,99803,100,100090,100,99788,100
2019-06-28 09:43:50.000000000,100027,238,99927,238,100029,234,99907,234,100050,234,99894,234,100052,100,99885,100,100059,100,99883,100,100061,100,99865,100,100066,100,99854,100,100078,100,99814,100,100087,100,99803,100,100090,100,99788,100
2019-06-28 09:44:00.000000000,100027,238,99927,238,100029,234,99907,234,100050,234,99894,234,100052,100,99885,100,100059,100,99883,100,100061,100,99865,100,100066,100,99854,100,100078,100,99814,100,100087,100,99803,100,100090,100,99788,100
2019-06-28 09:44:10.000000000,100027,506,99927,506,100029,100,99907,100,100050,100,99894,100,100052,100,99885,100,100059,100,99883,100,100061,100,99865,100,100066,100,99854,100,100078,100,99814,100,100087,100,99803,100,100090,100,99788,100
2019-06-28 09:44:20.000000000,100027,303,99927,303,100029,303,99907,303,100050,100,99894,100,100052,100,99885,100,100059,100,99883,100,100061,100,99865,100,100066,100,99854,100,100078,100,99814,100,100087,100,99803,100,100090,100,99788,100
2019-06-28 09:44:30.000000000,100027,181,99927,181,100029,181,99907,181,100050,181,99894,181,100052,181,99885,181,100059,181,99883,181,100061,100,99865,100,100066,100,99854,100,100078,100,99814,100,100087,100,99803,100,100090,100,99788,100
2019-06-28 09:44:31.249204686,100027,181,99932,100,100029,81,99927,181,100050,181,99907,181,100052,181,99894,181,100059,181,99885,181,100061,100,99883,181,100066,100,99865,100,100078,100,99854,100,100087,100,99814,100,100090,100,99803,100
2019-06-28 09:44:36.385803861,100027,181,99932,100,100029,81,99927,281,100050,181,99907,181,100052,181,99894,181,100059,181,99885,181,100061,100,99883,181,100066,100,99865,100,100087,100,99854,100,100090,100,99814,100,100093,100,99803,100
2019-06-28 09:44:40.000000000,100027,181,99932,181,100050,181,99927,281,100052,181,99907,181,100059,181,99894,181,100061,181,99885,181,100066,100,99883,100,100087,100,99865,100,100090,100,99854,100,100093,100,99814,100,100102,100,99803,100
2019-06-28 09:44:50.000000000,100027,202,99932,202,100050,202,99927,302,100052,202,99907,202,100059,202,99894,202,100061,100,99885,100,100066,100,99883,100,100087,100,99865,100,100090,100,99854,100,100093,100,99814,100,100102,100,99803,100
2019-06-28 09:45:00.000000000,100027,181,99932,181,100050,181,99927,281,100052,181,99907,181,100059,181,99894,181,100061,181,99885,181,100066,100,99883,100,100087,100,99865,100,100090,100,99854,100,100093,100,99814,100,100102,100,99803,100
2019-06-28 09:45:10.000000000,100027,506,99932,506,100050,100,99927,200,100052,100,99907,100,100059,100,99894,100,100061,100,99885,100,100066,100,99883,100,100087,100,99865,100,100090,100,99854,100,100093,100,99814,100,100102,100,99803,100
2019-06-28 09:45:20.000000000,100027,202,99932,202,100050,202,99927,302,100052,202,99907,202,100059,202,99894,202,100061,100,99885,100,100066,100,99883,100,100087,100,99865,100,100090,100,99854,100,100093,100,99814,100,100102,100,99803,100
2019-06-28 09:45:24.788205916,100027,202,99932,202,100050,202,99927,302,100052,202,99907,202,100059,202,99894,202,100061,100,99885,100,100066,100,99883,100,100087,100,99865,100,100090,100,99854,100,100093,100,99814,100,100102,100,99803,100
2019-06-28 09:45:28.041397349,99966,100,99932,202,100027,202,99927,302,100050,202,99907,202,100052,202,99894,202,100059,202,99885,100,100061,100,99883,100,100066,100,99865,100,100087,100,99854,100,100090,100,99814,100,100093,100,99803,100
2019-06-28 09:45:30.000000000,99966,303,99932,303,100027,303,99927,403,100050,100,99907,100,100052,100,99894,100,100059,100,99885,100,100061,100,99883,100,100066,100,99865,100,100087,100,99854,100,100090,100,99814,100,100093,100,99803,100
2019-06-28 09:45:40.000000000,99966,506,99932,506,100027,100,99927,200,100050,100,99907,100,100052,100,99894,100,100059,100,99885,100,100061,100,99883,100,100066,100,99865,100,100087,100,99854,100,100090,100,99814,100,100093,100,99803,100
2019-06-28 09:45:40.574828691,99933,100,99932,506,99966,506,99927,200,100027,100,99907,100,100050,100,99894,100,100052,100,99885,100,100059,100,99883,100,100061,100,99865,100,100066,100,99854,100,100087,100,99814,100,100090,100,99803,100
2019-06-28 09:45:50.000000000,99933,238,99932,238,99966,234,99927,334,100027,234,99907,234,100050,100,99894,100,100052,100,99885,100,100059,100,99883,100,100061,100,99865,100,100066,100,99854,100,100087,100,99814,100,100090,100,99803,100
2019-06-28 09:46:00.000000000,99933,303,99932,303,99966,303,99927,403,100027,100,99907,100,100050,100,99894,100,100052,100,99885,100,100059,100,99883,100,100061,100,99865,100,100066,100,99854,100,100087,100,99814,100,100090,100,99803,100
2019-06-28 09:46:10.000000000,99933,238,99932,238,99966,234,99927,334,100027,234,99907,234,100050,100,99894,100,100052,100,99885,100,100059,100,99883,100,100061,100,99865,100,100066,100,99854,100,100087,100,99814,100,100090,100,99803,100
2019-06-28 09:46:10.137120671,99933,238,99932,138,99966,234,99927,334,100027,234,99907,234,100050,100,99894,100,100052,100,99885,100,100059,100,99883,100,100061,100,99865,100,100066,100,99854,100,100087,100,99814,100,100090,100,99803,100
2019-06-28 09:46:20.000000000,99933,303,99927,403,99966,303,99907,303,100027,100,99894,100,100050,100,99885,100,100052,100,99883,100,100059,100,99865,100,100061,100,99854,100,100066,100,99814,100,100087,100,99803,100,100090,100,99788,100
2019-06-28 09:46:21.339485587,99933,303,99927,403,99966,303,99907,303,100027,100,99894,100,100050,100,99885,100,100052,100,99883,100,100059,100,99865,100,100061,100,99854,100,100066,100,99814,100,100087,100,99803,100,100090,100,99788,100
2019-06-28 09:46:30.000000000,99933,506,99927,606,99966,100,99907,100,100027,100,99894,100,100050,100,99885,100,100052,100,99883,100,100059,100,99865,100,100061,100,99854,100,100066,100,99814,100,100087,100,99803,100,100090,100,99788,100
2019-06-28 09:46:34.946821409,99933,506,99927,506,99966,100,99907,100,100027,100,99894,100,100050,100,99885,100,100052,100,99883,100,100059,100,99865,100,100061,100,99854,100,100066,100,99814,100,100087,100,99803,100,100090,100,99788,100
2019-06-28 09:46:40.000000000,99933,238,99927,238,99966,234,99907,234,100027,234,99894,234,100050,100,99885,100,100052,100,99883,100,100059,100,99865,100,100061,100,99854,100,100066,100,99814,100,100087,100,99803,100,100090,100,99788,100
2019-06-28 09:46:45.061274738,99933,238,99927,238,99966,234,99907,234,100027,234,99894,234,100050,100,99885,100,100052,100,99883,100,100059,100,99865,100,100061,100,99854,100,100066,100,99814,100,100087,100,99803,100,100090,100,99788,100
2019-06-28 09:46:50.000000000,99933,238,99927,238,99966,234,99907,234,100027,234,99894,234,100050,100,99885,100,100052,100,99883,100,100059,100,99865,100,100061,100,99854,100,100066,100,99814,100,100087,100,99803,100,100090,100,99788,100
2019-06-28 09:47:00.000000000,99933,506,99927,506,99966,100,99907,100,100027,100,99894,100,100050,100,99885,100,100052,100,99883,100,100059,100,99865,100,100061,100,99854,100,100066,100,99814,100,100087,100,99803,100,100090,100,99788,100
2019-06-28 09:47:09.487351550,99933,506,99927,506,99966,100,99907,100,100027,100,99894,100,100050,100,99885,100,100052,100,99883,100,100061,100,99865,100,100066,100,99854,100,100087,100,99814,100,100090,100,99803,100,100093,100,99788,100
2019-06-28 09:47:10.000000000,99933,506,99927,506,99966,100,99907,100,100027,100,99894,100,100050,100,99885,100,100052,100,99883,100,100061,100,99865,100,100066,100,99854,100,100087,100,99814,100,100090,100,99803,100,100093,100,99788,100
2019-06-28 09:47:11.763723244,99933,506,99927,406,99966,100,99907,100,100027,100,99894,100,100050,100,99885,100,100052,100,99883,100,100061,100,99865,100,100066,100,99854,100,100087,100,99814,100,100090,100,99803,100,100093,100,99788,100
2019-06-28 09:47:20.000000000,99933,202,99907,202,99966,202,99894,202,100027,202,99885,202,100050,202,99883,202,100052,100,99865,100,100061,100,99854,100,100066,100,99814,100,100087,100,99803,100,100090,100,99788,100,100093,100,99758,100
2019-06-28 09:47:30.000000000,99933,303,99907,303,99966,303,99894,303,100027,100,99885,100,100050,100,99883,100,100052,100,99865,100,100061,100,99854,100,100066,100,99814,100,100087,100,99803,100,100090,100,99788,100,100093,100,99758,100
2019-06-28 09:47:40.000000000,99933,238,99907,238,99966,234,99894,234,100027,234,99885,234,100050,100,99883,100,100052,100,99865,100,100061,100,99854,100,100066,100,99814,100,100087,100,99803,100,100090,100,99788,100,100093,100,99758,100
2019-06-28 09:47:49.376040497,99933,238,99907,138,99966,234,99894,234,100027,234,99885,234,100050,100,99883,100,100052,100,99865,100,100061,100,99854,100,100066,100,99814,100,100087,100,99803,100,100090,100,99788,100,100093,100,99758,100
2019-06-28 09:47:50.000000000,99933,202,99894,202,99966,202,99885,202,100027,202,99883,202,100050,202,99865,202,100052,100,99854,100,100061,100,99814,100,100066,100,99803,100,100087,100,99788,100,100090,100,99758,100,100093,100,99739,100
2019-06-28 09:48:00.000000000,99933,238,99894,238,99966,234,99885,234,100027,234,99883,234,100050,100,99865,100,100052,100,99854,100,100061,100,99814,100,100066,100,99803,100,100087,100,99788,100,100090,100,99758,100,100093,100,99739,100
2019-06-28 09:48:06.268544980,99933,238,99894,238,99966,234,99885,234,100027,234,99883,234,100050,100,99865,100,100052,100,99854,100,100061,100,99814,100,100066,100,99803,100,100087,100,99788,100,100090,100,99758,100,100093,100,99739,100
2019-06-28 09:48:10.000000000,99933,202,99894,202,99966,202,99885,202,100027,202,99883,202,100050,202,99865,202,100052,100,99854,100,100061,100,99814,100,100066,100,99803,100,100087,100,99788,100,100090,100,99758,100,100093,100,99739,100
2019-06-28 09:48:16.587332779,99933,202,99894,102,99966,202,99885,202,100027,202,99883,202,100050,202,99865,202,100052,100,99854,100,100061,100,99814,100,100066,100,99803,100,100087,100,99788,100,100090,100,99758,100,100093,100,99739,100
2019-06-28 09:48:20.000000000,99933,202,99885,202,99966,202,99883,202,100027,202,99865,202,100050,202,99854,202,100052,100,99814,100,100061,100,99803,100,100066,100,99788,100,100087,100,99758,100,100090,100,99739,100,100093,100,99688,100
2019-06-28 09:48:29.283980306,99907,100,99885,202,99933,202,99883,202,99966,202,99865,202,100027,202,99854,202,100050,202,99814,100,100052,100,99803,100,100061,100,99788,100,100066,100,99758,100,100087,100,99739,100,100090,100,99688,100
2019-06-28 09:48:30.000000000,99907,202,99885,202,99933,202,99883,202,99966,202,99865,202,100027,202,99854,202,100050,100,99814,100,100052,100,99803,100,100061,100,99788,100,100066,100,99758,100,100087,100,99739,100,100090,100,99688,100
2019-06-28 09:48:30.622220976,99907,202,99885,102,99933,202,99883,202,99966,202,99865,202,100027,202,99854,202,100050,100,99814,100,100052,100,99803,100,100061,100,99788,100,100066,100,99758,100,100087,100,99739,100,100090,100,99688,100
2019-06-28 09:48:40.000000000,99907,303,99883,303,99933,303,99865,303,99966,100,99854,100,100027,100,99814,100,100050,100,99803,100,100052,100,99788,100,100061,100,99758,100,100066,100,99739,100,100087,100,99688,100,100090,100,99486,100
2019-06-28 09:48:50.000000000,99907,506,99883,506,99933,100,99865,100,99966,100,99854,100,100027,100,99814,100,100050,100,99803,100,100052,100,99788,100,100061,100,99758,100,100066,100,99739,100,100087,100,99688,100,100090,100,99486,100
2019-06-28 09:48:55.674578030,99907,506,99883,506,99933,100,99865,100,99966,100,99854,100,100027,100,99814,100,100050,100,99803,100,100052,100,99788,100,100061,100,99758,100,100066,100,99739,100,100087,100,99688,100,100090,100,99486,100
2019-06-28 09:49:00.000000000,99907,303,99883,303,99933,303,99865,303,99966,100,99854,100,100027,100,99814,100,100050,100,99803,100,100052,100,99788,100,100061,100,99758,100,100066,100,99739,100,100087,100,99688,100,100090,100,99486,100
2019-06-28 09:49:10.000000000,99907,202,99883,202,99933,202,99865,202,99966,202,99854,202,100027,202,99814,202,100050,100,99803,100,100052,100,99788,100,100061,100,99758,100,100066,100,99739,100,100087,100,99688,100,100090,100,99486,100
2019-06-28 09:49:16.998382004,99907,202,99883,102,99933,202,99865,202,99966,202,99854,202,100027,202,99814,202,100050,100,99803,100,100052,100,99788,100,100061,100,99758,100,100066,100,99739,100,100087,100,99688,100,100090,100,99486,100
2019-06-28 09:49:20.000000000,99907,202,99865,202,99933,202,99854,202,99966,202,99814,202,100027,202,99803,202,100050,100,99788,100,100052,100,99758,100,100061,100,99739,100,100066,100,99688,100,100087,100,99486,100,100090,100,99460,100
2019-06-28 09:49:30.000000000,99907,506,99865,506,99933,100,99854,100,99966,100,99814,100,100027,100,99803,100,100050,100,99788,100,100052,100,99758,100,100061,100,99739,100,100066,100,99688,100,100087,100,99486,100,100090,100,99460,100
2019-06-28 09:49:32.440944773,99907,506,99865,506,99933,100,99854,100,99966,100,99814,100,100027,100,99803,100,100052,100,99788,100,100061,100,99758,100,100066,100,99739,100,100087,100,99688,100,100090,100,99486,100,100093,100,99460,100
2019-06-28 09:49:40.000000000,99907,303,99865,303,99933,303,99854,303,99966,100,99814,100,100027,100,99803,100,100052,100,99788,100,100061,100,99758,100,100066,100,99739,100,100087,100,99688,100,100090,100,99486,100,100093,100,99460,100
2019-06-28 09:49:50.000000000,99907,506,99865,506,99933,100,99854,100,99966,100,99814,100,100027,100,99803,100,100052,100,99788,100,100061,100,99758,100,100066,100,99739,100,100087,100,99688,100,100090,100,99486,100,100093,100,99460,100
2019-06-28 09:50:00.000000000,99907,238,99865,238,99933,234,99854,234,99966,234,99814,234,100027,100,99803,100,100052,100,99788,100,100061,100,99758,100,100066,100,99739,100,100087,100,99688,100,100090,100,99486,100,100093,100,99460,100
2019-06-28 09:50:10.000000000,99907,506,99865,506,99933,100,99854,100,99966,100,99814,100,100027,100,99803,100,100052,100,99788,100,100061,100,99758,100,100066,100,99739,100,100087,100,99688,100,100090,100,99486,100,100093,100,99460,100
2019-06-28 09:50:12.127783117,99907,506,99865,406,99933,100,99854,100,99966,100,99814,100,100027,100,99803,100,100052,100,99788,100,100061,100,99758,100,100066,100,99739,100,100087,100,99688,100,100090,100,99486,100,100093,100,99460,100
2019-06-28 09:50:20.000000000,99907,181,99854,181,99933,181,99814,181,99966,181,99803,181,100027,181,99788,181,100052,181,99758,181,100061,100,99739,100,100066,100,99688,100,100087,100,99486,100,100090,100,99460,100,100093,100,99308,100
2019-06-28 09:50:25.200814242,99907,181,99854,81,99933,181,99814,181,99966,181,99803,181,100027,181,99788,181,100052,181,99758,181,100061,100,99739,100,100066,100,99688,100,100087,100,99486,100,100090,100,99308,100,100093,100,99266,100
2019-06-28 09:50:30.000000000,99907,303,99814,303,99933,303,99803,303,99966,100,99788,100,100027,100,99758,100,100052,100,99739,100,100061,100,99688,100,100066,100,99486,100,100087,100,99308,100,100090,100,99266,100,100093,100,99141,100
2019-06-28 09:50:40.000000000,99907,181,99814,181,99933,181,99803,181,99966,181,99788,181,100027,181,99758,181,100052,181,99739,181,100061,100,99688,100,100066,100,99486,100,100087,100,99308,100,100090,100,99266,100,100093,100,99141,100
2019-06-28 09:50:49.080876173,99907,181,99814,181,99933,181,99803,181,99966,181,99788,181,100027,181,99758,181,100052,181,99739,181,100061,100,99688,100,100066,100,99486,100,100087,100,99376,100,100090,100,99308,100,100093,100,99266,100
2019-06-28 09:50:49.696161824,99865,100,99814,181,99907,181,99803,181,99933,181,99788,181,99966,181,99758,181,100027,181,99739,181,100052,181,99688,100,100061,100,99486,100,100066,100,99376,100,100087,100,99308,100,100090,100,99266,100
2019-06-28 09:50:50.000000000,99865,506,99814,506,99907,100,99803,100,99933,100,99788,100,99966,100,99758,100,100027,100,99739,100,100052,100,99688,100,100061,100,99486,100,100066,100,99376,100,100087,100,99308,100,100090,100,99266,100
2019-06-28 09:50:51.001891473,99865,606,99814,506,99933,100,99803,100,99966,100,99788,100,100027,100,99758,100,100052,100,99739,100,100061,100,99688,100,100066,100,99486,100,100087,100,99376,100,100090,100,99308,100,100093,100,99266,100
2019-06-28 09:50:55.234157014,99865,606,99814,506,99933,100,99803,100,99966,100,99788,100,100027,100,99758,100,100052,100,99739,100,100061,100,99688,100,100066,100,99486,100,100087,100,99381,100,100090,100,99376,100,100093,100,99308,100
2019-06-28 09:51:00.000000000,99865,338,99814,238,99933,234,99803,234,99966,234,99788,234,100027,100,99758,100,100052,100,99739,100,100061,100,99688,100,100066,100,99486,100,100087,100,99381,100,100090,100,99376,100,100093,100,99308,100
2019-06-28 09:51:10.000000000,99865,338,99814,238,99933,234,99803,234,99966,234,99788,234,100027,100,99758,100,100052,100,99739,100,100061,100,99688,100,100066,100,99486,100,100087,100,99381,100,100090,100,99376,100,100093,100,99308,100
2019-06-28 09:51:20.000000000,99865,338,99814,238,99933,234,99803,234,99966,234,99788,234,100027,100,99758,100,100052,100,99739,100,100061,100,99688,100,100066,100,99486,100,100087,100,99381,100,100090,100,99376,100,100093,100,99308,100
2019-06-28 09:51:23.519052915,99865,438,99814,238,99933,234,99803,234,99966,234,99788,234,100027,100,99758,100,100052,100,99739,100,100061,100,99688,100,100066,100,99486,100,100087,100,99381,100,100090,100,99376,100,100093,100,99308,100
2019-06-28 09:51:30.000000000,99865,381,99814,181,99933,181,99803,181,99966,181,99788,181,100027,181,99758,181,100052,181,99739,181,100061,100,99688,100,100066,100,99486,100,100087,100,99381,100,100090,100,99376,100,100093,100,99308,100
2019-06-28 09:51:40.000000000,99865,706,99814,506,99933,100,99803,100,99966,100,99788,100,100027,100,99758,100,100052,100,99739,100,100061,100,99688,100,100066,100,99486,100,100087,100,99381,100,100090,100,99376,100,100093,100,99308,100
2019-06-28 09:51:50.000000000,99865,503,99814,303,99933,303,99803,303,99966,100,99788,100,100027,100,99758,100,100052,100,99739,100,100061,100,99688,100,100066,100,99486,100,100087,100,99381,100,100090,100,99376,100,100093,100,99308,100
2019-06-28 09:51:50.462864299,99865,503,99814,303,99933,303,99803,303,99966,100,99788,100,100027,100,99758,100,100052,100,99739,100,100061,100,99688,100,100066,100,99486,100,100087,100,99381,100,100090,100,99376,100,100093,100,99308,100
2019-06-28 09:52:00.000000000,99865,438,99814,238,99933,234,99803,234,99966,234,99788,234,100027,100,99758,100,100052,100,99739,100,100061,100,99688,100,100066,100,99486,100,100087,100,99381,100,100090,100,99376,100,100093,100,99308,100
2019-06-28 09:52:10.000000000,99865,706,99814,506,99933,100,99803,100,99966,100,99788,100,100027,100,99758,100,100052,100,99739,100,100061,100,99688,100,100066,100,99486,100,100087,100,99381,100,100090,100,99376,100,100093,100,99308,100
2019-06-28 09:52:15.910823629,99865,706,99814,306,99933,100,99803,100,99966,100,99788,100,100027,100,99758,100,100052,100,99739,100,100061,100,99688,100,100066,100,99486,100,100087,100,99381,100,100090,100,99376,100,100093,100,99308,100
2019-06-28 09:52:20.000000000,99865,706,99803,506,99933,100,99788,100,99966,100,99758,100,100027,100,99739,100,100052,100,99688,100,100061,100,99486,100,100066,100,99381,100,100087,100,99376,100,100090,100,99308,100,100093,100,99266,100
2019-06-28 09:52:28.512768081,99854,100,99803,506,99865,706,99788,100,99933,100,99758,100,99966,100,99739,100,100027,100,99688,100,100052,100,99486,100,100061,100,99381,100,100066,100,99376,100,100087,100,99308,100,100090,100,99266,100
2019-06-28 09:52:30.000000000,99854,238,99803,238,99865,434,99788,234,99933,234,99758,234,99966,100,99739,100,100027,100,99688,100,100052,100,99486,100,100061,100,99381,100,100066,100,99376,100,100087,100,99308,100,100090,100,99266,100
2019-06-28 09:52:40.000000000,99854,506,99803,506,99865,300,99788,100,99933,100,99758,100,99966,100,99739,100,100027,100,99688,100,100052,100,99486,100,100061,100,99381,100,100066,100,99376,100,100087,100,99308,100,100090,100,99266,100
2019-06-28 09:52:50.000000000,99854,303,99803,303,99865,503,99788,303,99933,100,99758,100,99966,100,99739,100,100027,100,99688,100,100052,100,99486,100,100061,100,99381,100,100066,100,99376,100,100087,100,99308,100,100090,100,99266,100
2019-06-28 09:53:00.000000000,99854,303,99803,303,99865,503,99788,303,99933,100,99758,100,99966,100,99739,100,100027,100,99688,100,100052,100,99486,100,100061,100,99381,100,100066,100,99376,100,100087,100,99308,100,100090,100,99266,100
2019-06-28 09:53:10.000000000,99854,181,99803,181,99865,381,99788,181,99933,181,99758,181,99966,181,99739,181,100027,181,99688,181,100052,100,99486,100,100061,100,99381,100,100066,100,99376,100,100087,100,99308,100,100090,100,99266,100
2019-06-28 09:53:20.000000000,99854,181,99803,181,99865,381,99788,181,99933,181,99758,181,99966,181,99739,181,100027,181,99688,181,100052,100,99486,100,100061,100,99381,100,100066,100,99376,100,100087,100,99308,100,100090,100,99266,100
2019-06-28 09:53:30.000000000,99854,506,99803,506,99865,300,99788,100,99933,100,99758,100,99966,100,99739,100,100027,100,99688,100,100052,100,99486,100,100061,100,99381,100,100066,100,99376,100,100087,100,99308,100,100090,100,99266,100
2019-06-28 09:53:40.000000000,99854,238,99803,238,99865,434,99788,234,99933,234,99758,234,99966,100,99739,100,100027,100,99688,100,100052,100,99486,100,100061,100,99381,100,100066,100,99376,100,100087,100,99308,100,100090,100,99266,100
2019-06-28 09:53:40.687898767,99854,238,99803,138,99865,434,99788,234,99933,234,99758,234,99966,100,99739,100,100027,100,99688,100,100052,100,99486,100,100061,100,99381,100,100066,100,99376,100,100087,100,99308,100,100090,100,99266,100
2019-06-28 09:53:50.000000000,99854,506,99788,506,99865,300,99758,100,99933,100,99739,100,99966,100,99688,100,100027,100,99486,100,100052,100,99381,100,100061,100,99376,100,100066,100,99308,100,100087,100,99266,100,100090,100,99141,100
2019-06-28 09:53:59.852208039,99814,100,99788,506,99854,506,99758,100,99865,300,99739,100,99933,100,99688,100,99966,100,99486,100,100027,100,99381,100,100052,100,99376,100,100061,100,99308,100,100066,100,99266,100,100087,100,99141,100
2019-06-28 09:54:00.000000000,99814,303,99788,303,99854,303,99758,303,99865,300,99739,100,99933,100,99688,100,99966,100,99486,100,100027,100,99381,100,100052,100,99376,100,100061,100,99308,100,100066,100,99266,100,100087,100,99141,100
2019-06-28 09:54:01.221366077,99814,303,99788,303,99854,303,99758,303,99865,300,99739,100,99933,100,99688,100,99966,100,99486,100,100027,100,99381,100,100052,100,99376,100,100061,100,99308,100,100066,100,99266,100,100087,100,99175,100
2019-06-28 09:54:10.000000000,99814,202,99788,202,99854,202,99758,202,99865,402,99739,202,99933,202,99688,202,99966,100,99486,100,100027,100,99381,100,100052,100,99376,100,100061,100,99308,100,100066,100,99266,100,100087,100,99175,100
2019-06-28 09:54:18.564521322,99814,302,99788,202,99854,202,99758,202,99865,402,99739,202,99933,202,99688,202,99966,100,99486,100,100027,100,99381,100,100052,100,99376,100,100061,100,99308,100,100066,100,99266,100,100087,100,99175,100
2019-06-28 09:54:20.000000000,99814,606,99788,506,99854,100,99758,100,99865,300,99739,100,99933,100,99688,100,99966,100,99486,100,100027,100,99381,100,100052,100,99376,100,100061,100,99308,100,100066,100,99266,100,100087,100,99175,100
2019-06-28 09:54:30.000000000,99814,281,99788,181,99854,181,99758,181,99865,381,99739,181,99933,181,99688,181,99966,181,99486,181,100027,100,99381,100,100052,100,99376,100,100061,100,99308,100,100066,100,99266,100,100087,100,99175,100
2019-06-28 09:54:40.000000000,99814,606,99788,506,99854,100,99758,100,99865,300,99739,100,99933,100,99688,100,99966,100,99486,100,100027,100,99381,100,100052,100,99376,100,100061,100,99308,100,100066,100,99266,100,100087,100,99175,100
2019-06-28 09:54:50.000000000,99814,302,99788,202,99854,202,99758,202,99865,402,99739,202,99933,202,99688,202,99966,100,99486,100,100027,100,99381,100,100052,100,99376,100,100061,100,99308,100,100066,100,99266,100,100087,100,99175,100
2019-06-28 09:54:55.134576274,99814,302,99788,202,99854,202,99758,202,99865,402,99739,202,99933,202,99688,202,99966,100,99486,100,100027,100,99381,100,100052,100,99376,100,100061,100,99308,100,100066,100,99266,100,100087,100,99175,100
2019-06-28 09:55:00.000000000,99814,338,99788,238,99854,234,99758,234,99865,434,99739,234,99933,100,99688,100,99966,100,99486,100,100027,100,99381,100,100052,100,99376,100,100061,100,99308,100,100066,100,99266,100,100087,100,99175,100
2019-06-28 09:55:03.142430935,99814,438,99788,238,99854,234,99758,234,99865,434,99739,234,99933,100,99688,100,99966,100,99486,100,100027,100,99381,100,100052,100,99376,100,100061,100,99308,100,100066,100,99266,100,100087,100,99175,100
2019-06-28 09:55:09.059289338,99814,438,99788,138,99854,234,99758,234,99865,434,99739,234,99933,100,99688,100,99966,100,99486,100,100027,100,99381,100,100052,100,99376,100,100061,100,99308,100,100066,100,99266,100,100087,100,99175,100
2019-06-28 09:55:10.000000000,99814,381,99758,181,99854,181,99739,181,99865,381,99688,181,99933,181,99486,181,99966,181,99381,181,100027,100,99376,100,100052,100,99308,100,100061,100,99266,100,100066,100,99175,100,100087,100,99141,100
2019-06-28 09:55:19.827529922,99814,381,99758,81,99854,181,99739,181,99865,381,99688,181,99933,181,99486,181,99966,181,99381,181,100027,100,99376,100,100052,100,99308,100,100061,100,99266,100,100066,100,99175,100,100087,100,99141,100
2019-06-28 09:55:20.000000000,99814,503,99739,303,99854,303,99688,303,99865,300,99486,100,99933,100,99381,100,99966,100,99376,100,100027,100,99308,100,100052,100,99266,100,100061,100,99175,100,100066,100,99141,100,100087,100,99120,100
2019-06-28 09:55:30.000000000,99814,503,99739,303,99854,303,99688,303,99865,300,99486,100,99933,100,99381,100,99966,100,99376,100,100027,100,99308,100,100052,100,99266,100,100061,100,99175,100,100066,100,99141,100,100087,100,99120,100
2019-06-28 09:55:40.000000000,99814,402,99739,202,99854,202,99688,202,99865,402,99486,202,99933,202,99381,202,99966,100,99376,100,100027,100,99308,100,100052,100,99266,100,100061,100,99175,100,100066,100,99141,100,100087,100,99120,100
2019-06-28 09:55:50.000000000,99814,381,99739,181,99854,181,99688,181,99865,381,99486,181,99933,181,99381,181,99966,181,99376,181,100027,100,99308,100,100052,100,99266,100,100061,100,99175,100,100066,100,99141,100,100087,100,99120,100
2019-06-28 09:55:51.119500789,99788,100,99739,181,99814,381,99688,181,99854,181,99486,181,99865,381,99381,181,99933,181,99376,181,99966,181,99308,100,100027,100,99266,100,100052,100,99175,100,100061,100,99141,100,100066,100,99120,100
2019-06-28 09:56:00.000000000,99788,506,99739,506,99814,300,99688,100,99854,100,99486,100,99865,300,99381,100,99933,100,99376,100,99966,100,99308,100,100027,100,99266,100,100052,100,99175,100,100061,100,99141,100,100066,100,99120,100
2019-06-28 09:56:00.122292178,99788,506,99739,406,99814,300,99688,100,99854,100,99486,100,99865,300,99381,100,99933,100,99376,100,99966,100,99308,100,100027,100,99266,100,100052,100,99175,100,100061,100,99120,100,100066,100,,
2019-06-28 09:56:10.000000000,99788,303,99688,303,99814,503,99486,303,99854,100,99381,100,99865,300,99376,100,99933,100,99308,100,99966,100,99266,100,100027,100,99175,100,100052,100,99120,100,100061,100,,,100066,100,,
2019-06-28 09:56:10.341004988,99788,303,99688,303,99814,503,99486,303,99854,100,99381,100,99865,300,99376,100,99933,100,99309,100,99966,100,99308,100,100027,100,99266,100,100052,100,99175,100,100061,100,,,100066,100,,
2019-06-28 09:56:10.470800947,99788,303,99688,303,99814,503,99486,303,99865,300,99381,100,99933,100,99376,100,99966,100,99309,100,100027,100,99308,100,100052,100,99266,100,100061,100,99175,100,100066,100,,,100087,100,,
2019-06-28 09:56:14.108940014,99758,100,99688,303,99788,303,99486,303,99814,503,99381,100,99865,300,99376,100,99933,100,99309,100,99966,100,99308,100,100027,100,99266,100,100052,100,99175,100,100061,100,,,100066,100,,
2019-06-28 09:56:15.118189444,99758,100,99688,303,99788,303,99486,303,99814,503,99381,100,99865,300,99376,100,99933,100,99308,100,99966,100,99266,100,100027,100,99175,100,100052,100,99173,100,100061,100,,,100066,100,,
2019-06-28 09:56:20.000000000,99758,238,99688,238,99788,234,99486,234,99814,434,99381,234,99865,300,99376,100,99933,100,99308,100,99966,100,99266,100,100027,100,99175,100,100052,100,99173,100,100061,100,,,100066,100,,
2019-06-28 09:56:20.067873531,99758,238,99688,238,99788,234,99620,100,99814,434,99486,234,99865,300,99381,234,99933,100,99376,100,99966,100,99308,100,100027,100,99266,100,100052,100,99175,100,100061,100,99173,100,100066,100,,
2019-06-28 09:56:30.000000000,99758,202,99688,202,99788,202,99620,202,99814,402,99486,202,99865,402,99381,202,99933,100,99376,100,99966,100,99308,100,100027,100,99266,100,100052,100,99175,100,100061,100,99173,100,100066,100,,
2019-06-28 09:56:40.000000000,99758,202,99688,202,99788,202,99620,202,99814,402,99486,202,99865,402,99381,202,99933,100,99376,100,99966,100,99308,100,100027,100,99266,100,100052,100,99175,100,100061,100,99173,100,100066,100,,
2019-06-28 09:56:44.077426693,99758,102,99688,202,99788,202,99620,202,99814,402,99486,202,99865,402,99381,202,99933,100,99376,100,99966,100,99308,100,100027,100,99266,100,100052,100,99175,100,100061,100,99173,100,100066,100,,
2019-06-28 09:56:50.000000000,99788,238,99688,238,99814,434,99620,234,99865,434,99486,234,99933,100,99381,100,99966,100,99376,100,100027,100,99308,100,100052,100,99266,100,100061,100,99175,100,100066,100,99173,100,100087,100,,
2019-06-28 09:57:00.000000000,99788,202,99688,202,99814,402,99620,202,99865,402,99486,202,99933,202,99381,202,99966,100,99376,100,100027,100,99308,100,100052,100,99266,100,100061,100,99175,100,100066,100,99173,100,100087,100,,
2019-06-28 09:57:10.000000000,99788,238,99688,238,99814,434,99620,234,99865,434,99486,234,99933,100,99381,100,99966,100,99376,100,100027,100,99308,100,100052,100,99266,100,100061,100,99175,100,100066,100,99173,100,100087,100,,
2019-06-28 09:57:20.000000000,99788,506,99688,506,99814,300,99620,100,99865,300,99486,100,99933,100,99381,100,99966,100,99376,100,100027,100,99308,100,100052,100,99266,100,100061,100,99175,100,100066,100,99173,100,100087,100,,
2019-06-28 09:57:26.573022308,99788,506,99688,406,99814,300,99620,100,99865,300,99486,100,99933,100,99381,100,99966,100,99376,100,100027,100,99308,100,100052,100,99266,100,100061,100,99175,100,100066,100,99173,100,100087,100,,
2019-06-28 09:57:30.000000000,99788,506,99620,506,99814,300,99486,100,99865,300,99381,100,99933,100,99376,100,99966,100,99308,100,100027,100,99266,100,100052,100,99175,100,100061,100,99173,100,100066,100,,,100087,100,,
2019-06-28 09:57:35.412668346,99788,506,99620,506,99814,300,99555,100,99865,300,99486,100,99933,100,99381,100,99966,100,99308,100,100027,100,99266,100,100052,100,99175,100,100061,100,99173,100,100066,100,,,100087,100,,
2019-06-28 09:57:38.204256287,99678,100,99620,506,99788,506,99555,100,99814,300,99486,100,99865,300,99381,100,99933,100,99308,100,99966,100,99266,100,100027,100,99175,100,100052,100,,,100061,100,,,100066,100,,
2019-06-28 09:57:40.000000000,99678,202,99620,202,99788,202,99555,202,99814,402,99486,202,99865,402,99381,202,99933,100,99308,100,99966,100,99266,100,100027,100,99175,100,100052,100,,,100061,100,,,100066,100,,
2019-06-28 09:57:48.472895473,99678,202,99620,202,99788,202,99555,202,99814,402,99486,202,99865,302,99381,202,99933,100,99308,100,99966,100,99266,100,100027,100,99175,100,100052,100,,,100061,100,,,100066,100,,
2019-06-28 09:57:50.000000000,99678,202,99620,202,99788,202,99555,202,99814,402,99486,202,99865,302,99381,202,99933,100,99308,100,99966,100,99266,100,100027,100,99175,100,100052,100,,,100061,100,,,100066,100,,
2019-06-28 09:57:57.625534205,99678,202,99620,202,99788,202,99590,100,99814,402,99555,202,99865,302,99486,202,99933,100,99381,202,99966,100,99308,100,100027,100,99266,100,100052,100,99175,100,100061,100,,,100066,100,,
2019-06-28 09:58:00.000000000,99678,181,99620,181,99788,181,99590,181,99814,381,99555,181,99865,281,99486,181,99933,181,99381,181,99966,100,99308,100,100027,100,99266,100,100052,100,99175,100,100061,100,,,100066,100,,
2019-06-28 09:58:03.648866853,99678,181,99620,181,99704,100,99590,181,99788,181,99555,181,99814,381,99486,181,99865,281,99381,181,99933,181,99308,100,99966,100,99266,100,100027,100,99175,100,100052,100,,,100061,100,,
2019-06-28 09:58:06.020353690,99678,181,99620,181,99704,100,99590,181,99788,181,99555,181,99814,381,99486,181,99865,281,99381,181,99881,100,99308,100,99933,181,99266,100,99966,100,99175,100,100027,100,,,100052,100,,
2019-06-28 09:58:09.724231049,99651,100,99620,181,99678,181,99590,181,99704,100,99555,181,99788,181,99486,181,99814,381,99381,181,99865,281,99308,100,99881,100,99266,100,99933,181,99175,100,99966,100,,,100027,100,,
2019-06-28 09:58:10.000000000,99651,303,99620,303,99678,303,99590,303,99704,100,99555,100,99788,100,99486,100,99814,300,99381,100,99865,200,99308,100,99881,100,99266,100,99933,100,99175,100,99966,100,,,100027,100,,
2019-06-28 09:58:20.000000000,99651,303,99620,303,99678,303,99590,303,99704,100,99555,100,99788,100,99486,100,99814,300,99381,100,99865,200,99308,100,99881,100,99266,100,99933,100,99175,100,99966,100,,,100027,100,,
2019-06-28 09:58:30.000000000,99651,506,99620,506,99678,100,99590,100,99704,100,99555,100,99788,100,99486,100,99814,300,99381,100,99865,200,99308,100,99881,100,99266,100,99933,100,99175,100,99966,100,,,100027,100,,
2019-06-28 09:58:35.747565622,99651,506,99620,506,99678,100,99590,100,99704,100,99555,100,99757,100,99486,100,99788,100,99381,100,99814,300,99308,100,99865,200,99266,100,99881,100,99175,100,99933,100,,,99966,100,,
2019-06-28 09:58:40.000000000,99651,303,99620,303,99678,303,99590,303,99704,100,99555,100,99757,100,99486,100,99788,100,99381,100,99814,300,99308,100,99865,200,99266,100,99881,100,99175,100,99933,100,,,99966,100,,
2019-06-28 09:58:50.000000000,99651,303,99620,303,99678,303,99590,303,99704,100,99555,100,99757,100,99486,100,99788,100,99381,100,99814,300,99308,100,99865,200,99266,100,99881,100,99175,100,99933,100,,,99966,100,,
2019-06-28 09:58:58.618187652,99651,303,99620,303,99678,303,99590,303,99704,100,99555,100,99757,200,99486,100,99788,100,99381,100,99814,300,99308,100,99865,200,99266,100,99881,100,99175,100,99933,100,,,99966,100,,
2019-06-28 09:59:00.000000000,99651,202,99620,202,99678,202,99590,202,99704,202,99555,202,99757,302,99486,202,99788,100,99381,100,99814,300,99308,100,99865,200,99266,100,99881,100,99175,100,99933,100,,,99966,100,,
2019-06-28 09:59:07.590035426,99651,202,99620,202,99678,202,99590,202,99704,202,99555,202,99757,302,99486,202,99788,100,99381,100,99814,200,99308,100,99865,200,99266,100,99881,100,99175,100,99933,100,,,99966,100,,
2019-06-28 09:59:10.000000000,99651,303,99620,303,99678,303,99590,303,99704,100,99555,100,99757,200,99486,100,99788,100,99381,100,99814,200,99308,100,99865,200,99266,100,99881,100,99175,100,99933,100,,,99966,100,,
2019-06-28 09:59:19.693704502,99651,303,99620,303,99656,100,99590,303,99678,303,99555,100,99704,100,99486,100,99757,200,99381,100,99788,100,99308,100,99814,200,99266,100,99865,200,99175,100,99881,100,,,99933,100,,
2019-06-28 09:59:20.000000000,99651,238,99620,238,99656,234,99590,234,99678,234,99555,234,99704,100,99486,100,99757,200,99381,100,99788,100,99308,100,99814,200,99266,100,99865,200,99175,100,99881,100,,,99933,100,,
2019-06-28 09:59:30.000000000,99651,238,99620,238,99656,234,99590,234,99678,234,99555,234,99704,100,99486,100,99757,200,99381,100,99788,100,99308,100,99814,200,99266,100,99865,200,99175,100,99881,100,,,99933,100,,
2019-06-28 09:59:40.000000000,99651,303,99620,303,99656,303,99590,303,99678,100,99555,100,99704,100,99486,100,99757,200,99381,100,99788,100,99308,100,99814,200,99266,100,99865,200,99175,100,99881,100,,,99933,100,,
2019-06-28 09:59:50.000000000,99651,506,99620,506,99656,100,99590,100,99678,100,99555,100,99704,100,99486,100,99757,200,99381,100,99788,100,99308,100,99814,200,99266,100,99865,200,99175,100,99881,100,,,99933,100,,
2019-06-28 09:59:57.719642071,99651,506,99620,506,99656,100,99590,100,99678,100,99555,100,99704,100,99486,100,99757,300,99381,100,99788,100,99308,100,99814,100,99266,100,99865,200,99175,100,99881,100,,,99933,100,,
2019-06-28 10:00:00.000000000,99651,303,99620,303,99656,303,99590,303,99678,100,99555,100,99704,100,99486,100,99757,300,99381,100,99788,100,99308,100,99814,100,99266,100,99865,200,99175,100,99881,100,,,99933,100,,
2019-06-28 10:00:10.000000000,99651,181,99620,181,99656,181,99590,181,99678,181,99555,181,99704,181,99486,181,99757,381,99381,181,99788,100,99308,100,99814,100,99266,100,99865,200,99175,100,99881,100,,,99933,100,,
2019-06-28 10:00:20.000000000,99651,506,99620,506,99656,100,99590,100,99678,100,99555,100,99704,100,99486,100,99757,300,99381,100,99788,100,99308,100,99814,100,99266,100,99865,200,99175,100,99881,100,,,99933,100,,
2019-06-28 10:00:27.442888031,99651,506,99620,406,99656,100,99590,100,99678,100,99555,100,99704,100,99486,100,99757,300,99381,100,99788,100,99308,100,99814,100,99266,100,99865,200,99175,100,99881,100,,,99933,100,,
2019-06-28 10:00:28.092819065,99651,506,99620,406,99656,100,99590,100,99678,100,99555,100,99757,300,99486,100,99788,100,99381,100,99814,100,99308,100,99865,200,99266,100,99881,100,99175,100,99933,100,99136,100,99966,100,,
2019-06-28 10:00:30.000000000,99651,181,99590,181,99656,181,99555,181,99678,181,99486,181,99757,381,99381,181,99788,181,99308,181,99814,100,99266,100,99865,200,99175,100,99881,100,99136,100,99933,100,,,99966,100,,
2019-06-28 10:00:40.000000000,99651,506,99590,506,99656,100,99555,100,99678,100,99486,100,99757,300,99381,100,99788,100,99308,100,99814,100,99266,100,99865,200,99175,100,99881,100,99136,100,99933,100,,,99966,100,,
2019-06-28 10:00:50.000000000,99651,202,99590,202,99656,202,99555,202,99678,202,99486,202,99757,402,99381,202,99788,100,99308,100,99814,100,99266,100,99865,200,99175,100,99881,100,99136,100,99933,100,,,99966,100,,
2019-06-28 10:00:52.356908218,99651,202,99590,202,99656,202,99555,202,99678,202,99486,202,99757,402,99381,202,99788,100,99308,100,99814,100,99266,100,99865,200,99175,100,99881,100,99136,100,99933,100,99046,100,99966,100,,
2019-06-28 10:01:00.000000000,99651,506,99590,506,99656,100,99555,100,99678,100,99486,100,99757,300,99381,100,99788,100,99308,100,99814,100,99266,100,99865,200,99175,100,99881,100,99136,100,99933,100,99046,100,99966,100,,
2019-06-28 10:01:00.701692710,99651,506,99590,506,99656,100,99555,100,99678,100,99486,100,99757,300,99308,100,99788,100,99266,100,99814,100,99175,100,99865,200,99136,100,99881,100,99046,100,99933,100,98930,100,99966,100,,
2019-06-28 10:01:10.000000000,99651,506,99590,506,99656,100,99555,100,99678,100,99486,100,99757,300,99308,100,99788,100,99266,100,99814,100,99175,100,99865,200,99136,100,99881,100,99046,100,99933,100,98930,100,99966,100,,
2019-06-28 10:01:20.000000000,99651,303,99590,303,99656,303,99555,303,99678,100,99486,100,99757,300,99308,100,99788,100,99266,100,99814,100,99175,100,99865,200,99136,100,99881,100,99046,100,99933,100,98930,100,99966,100,,
2019-06-28 10:01:30.000000000,99651,202,99590,202,99656,202,99555,202,99678,202,99486,202,99757,402,99308,202,99788,100,99266,100,99814,100,99175,100,99865,200,99136,100,99881,100,99046,100,99933,100,98930,100,99966,100,,
2019-06-28 10:01:34.604978770,99650,100,99590,202,99651,202,99555,202,99656,202,99486,202,99678,202,99308,202,99757,402,99266,100,99788,100,99175,100,99814,100,99136,100,99865,200,99046,100,99881,100,98930,100,99933,100,,
2019-06-28 10:01:38.524652979,99650,100,99590,102,99651,202,99555,202,99656,202,99486,202,99678,202,99308,202,99757,402,99266,100,99788,100,99175,100,99814,100,99136,100,99865,200,99046,100,99881,100,98930,100,99966,100,,
2019-06-28 10:01:40.000000000,99650,181,99555,181,99651,181,99486,181,99656,181,99308,181,99678,181,99266,181,99757,381,99175,181,99788,100,99136,100,99814,100,99046,100,99865,200,98930,100,99881,100,,,99966,100,,
2019-06-28 10:01:50.000000000,99650,303,99555,303,99651,303,99486,303,99656,100,99308,100,99678,100,99266,100,99757,300,99175,100,99788,100,99136,100,99814,100,99046,100,99865,200,98930,100,99881,100,,,99966,100,,
2019-06-28 10:02:00.000000000,99650,238,99555,238,99651,234,99486,234,99656,234,99308,234,99678,100,99266,100,99757,300,99175,100,99788,100,99136,100,99814,100,99046,100,99865,200,98930,100,99881,100,,,99966,100,,
2019-06-28 10:02:10.000000000,99650,506,99555,506,99651,100,99486,100,99656,100,99308,100,99678,100,99266,100,99757,300,99175,100,99788,100,99136,100,99814,100,99046,100,99865,200,98930,100,99881,100,,,99966,100,,
2019-06-28 10:02:20.000000000,99650,238,99555,238,99651,234,99486,234,99656,234,99308,234,99678,100,99266,100,99757,300,99175,100,99788,100,99136,100,99814,100,99046,100,99865,200,98930,100,99881,100,,,99966,100,,
2019-06-28 10:02:26.638696902,99650,238,99555,238,99651,234,99486,234,99656,234,99308,234,99678,100,99266,100,99757,300,99175,100,99788,100,99136,100,99865,200,99046,100,99881,100,98930,100,99966,100,,,100027,100,,
2019-06-28 10:02:30.000000000,99650,202,99555,202,99651,202,99486,202,99656,202,99308,202,99678,202,99266,202,99757,300,99175,100,99788,100,99136,100,99865,200,99046,100,99881,100,98930,100,99966,100,,,100027,100,,
2019-06-28 10:02:40.000000000,99650,202,99555,202,99651,202,99486,202,99656,202,99308,202,99678,202,99266,202,99757,300,99175,100,99788,100,99136,100,99865,200,99046,100,99881,100,98930,100,99966,100,,,100027,100,,
2019-06-28 10:02:50.000000000,99650,181,99555,181,99651,181,99486,181,99656,181,99308,181,99678,181,99266,181,99757,381,99175,181,99788,100,99136,100,99865,200,99046,100,99881,100,98930,100,99966,100,,,100027,100,,
2019-06-28 10:03:00.000000000,99650,506,99555,506,99651,100,99486,100,99656,100,99308,100,99678,100,99266,100,99757,300,99175,100,99788,100,99136,100,99865,200,99046,100,99881,100,98930,100,99966,100,,,100027,100,,
2019-06-28 10:03:00.675654271,99620,100,99555,506,99650,506,99486,100,99651,100,99308,100,99656,100,99266,100,99678,100,99175,100,99757,300,99136,100,99788,100,99046,100,99865,100,98930,100,99881,100,,,99966,100,,
2019-06-28 10:03:01.032969146,99620,200,99555,506,99650,506,99486,100,99651,100,99308,100,99656,100,99266,100,99678,100,99175,100,99757,300,99136,100,99788,100,99046,100,99865,100,98930,100,99881,100,,,99966,100,,
2019-06-28 10:03:07.613803603,99620,300,99555,506,99650,506,99486,100,99651,100,99308,100,99656,100,99266,100,99678,100,99175,100,99757,300,99136,100,99788,100,99046,100,99865,100,98930,100,99881,100,,,99966,100,,
2019-06-28 10:03:10.000000000,99620,438,99555,238,99650,234,99486,234,99651,234,99308,234,99656,100,99266,100,99678,100,99175,100,99757,300,99136,100,99788,100,99046,100,99865,100,98930,100,99881,100,,,99966,100,,
2019-06-28 10:03:20.000000000,99620,438,99555,238,99650,234,99486,234,99651,234,99308,234,99656,100,99266,100,99678,100,99175,100,99757,300,99136,100,99788,100,99046,100,99865,100,98930,100,99881,100,,,99966,100,,
2019-06-28 10:03:30.000000000,99620,438,99555,238,99650,234,99486,234,99651,234,99308,234,99656,100,99266,100,99678,100,99175,100,99757,300,99136,100,99788,100,99046,100,99865,100,98930,100,99881,100,,,99966,100,,
2019-06-28 10:03:30.841833895,99620,438,99555,138,99650,234,99486,234,99651,234,99308,234,99656,100,99266,100,99678,100,99175,100,99757,300,99136,100,99788,100,99046,100,99865,100,98930,100,99881,100,,,99966,100,,
2019-06-28 10:03:40.000000000,99620,381,99486,181,99650,181,99308,181,99651,181,99266,181,99656,181,99175,181,99678,181,99136,181,99757,300,99046,100,99788,100,98930,100,99865,100,,,99881,100,,,99966,100,,
2019-06-28 10:03:47.899427504,99620,381,99486,81,99650,181,99308,181,99651,181,99266,181,99656,181,99175,181,99678,181,99136,181,99757,300,99046,100,99788,100,98930,100,99865,100,,,99881,100,,,99966,100,,
2019-06-28 10:03:50.000000000,99620,402,99308,202,99650,202,99266,202,99651,202,99175,202,99656,202,99136,202,99678,100,99046,100,99757,300,98930,100,99788,100,,,99865,100,,,99881,100,,,99966,100,,
2019-06-28 10:03:56.144291242,99620,402,99308,102,99650,202,99266,202,99651,202,99175,202,99656,202,99136,202,99678,100,99046,100,99757,300,98930,100,99788,100,,,99865,100,,,99881,100,,,99966,100,,
2019-06-28 10:04:00.000000000,99620,706,99266,506,99650,100,99175,100,99651,100,99136,100,99656,100,99046,100,99678,100,98930,100,99757,300,,,99788,100,,,99865,100,,,99881,100,,,99966,100,,
2019-06-28 10:04:10.000000000,99620,402,99266,202,99650,202,99175,202,99651,202,99136,202,99656,202,99046,202,99678,100,98930,100,99757,300,,,99788,100,,,99865,100,,,99881,100,,,99966,100,,
2019-06-28 10:04:20.000000000,99620,706,99266,506,99650,100,99175,100,99651,100,99136,100,99656,100,99046,100,99678,100,98930,100,99757,300,,,99788,100,,,99865,100,,,99881,100,,,99966,100,,
2019-06-28 10:04:30.000000000,99620,503,99266,303,99650,303,99175,303,99651,100,99136,100,99656,100,99046,100,99678,100,98930,100,99757,300,,,99788,100,,,99865,100,,,99881,100,,,99966,100,,
2019-06-28 10:04:40.000000000,99620,706,99266,506,99650,100,99175,100,99651,100,99136,100,99656,100,99046,100,99678,100,98930,100,99757,300,,,99788,100,,,99865,100,,,99881,100,,,99966,100,,
2019-06-28 10:04:47.034401232,99620,706,99266,506,99650,100,99175,100,99651,100,99136,100,99656,100,99046,100,99678,100,98725,100,99757,300,,,99788,100,,,99865,100,,,99881,100,,,99966,100,,
2019-06-28 10:04:48.411650883,99486,100,99266,506,99620,606,99175,100,99650,100,99136,100,99651,100,99046,100,99656,100,98725,100,99678,100,,,99757,300,,,99788,100,,,99865,100,,,99881,100,,
2019-06-28 10:04:50.000000000,99486,303,99266,303,99620,403,99175,303,99650,100,99136,100,99651,100,99046,100,99656,100,98725,100,99678,100,,,99757,300,,,99788,100,,,99865,100,,,99881,100,,
2019-06-28 10:04:56.028379272,99486,303,99266,203,99620,403,99175,303,99650,100,99136,100,99656,100,99046,100,99678,100,98725,100,99757,300,,,99788,100,,,99865,100,,,99881,100,,,99966,100,,
2019-06-28 10:05:00.000000000,99486,303,99175,303,99620,403,99136,303,99650,100,99046,100,99656,100,98725,100,99678,100,,,99757,300,,,99788,100,,,99865,100,,,99881,100,,,99966,100,,
2019-06-28 10:05:02.371747281,99486,303,99175,303,99620,403,99136,303,99650,100,99046,100,99656,100,98725,100,99678,100,98659,100,99757,300,,,99788,100,,,99865,100,,,99881,100,,,99966,100,,
2019-06-28 10:05:10.000000000,99486,202,99175,202,99620,302,99136,202,99650,202,99046,202,99656,202,98725,202,99678,100,98659,100,99757,300,,,99788,100,,,99865,100,,,99881,100,,,99966,100,,
2019-06-28 10:05:20.000000000,99486,238,99175,238,99620,334,99136,234,99650,234,99046,234,99656,100,98725,100,99678,100,98659,100,99757,300,,,99788,100,,,99865,100,,,99881,100,,,99966,100,,
2019-06-28 10:05:24.714002622,99308,100,99175,238,99486,138,99136,234,99620,334,99046,234,99650,234,98725,100,99656,100,98659,100,99678,100,,,99757,300,,,99788,100,,,99865,100,,,99881,100,,
2019-06-28 10:05:30.000000000,99308,238,99175,238,99620,334,99136,234,99650,234,99046,234,99656,100,98725,100,99678,100,98659,100,99757,300,,,99788,100,,,99865,100,,,99881,100,,,99966,100,,
2019-06-28 10:05:33.913641965,99308,238,99175,238,99620,334,99136,234,99650,234,99046,234,99656,100,98725,100,99678,100,98659,100,99757,300,98507,100,99788,100,,,99865,100,,,99881,100,,,99966,100,,
2019-06-28 10:05:40.000000000,99308,202,99175,202,99620,302,99136,202,99650,202,99046,202,99656,202,98725,202,99678,100,98659,100,99757,300,98507,100,99788,100,,,99865,100,,,99881,100,,,99966,100,,
2019-06-28 10:05:50.000000000,99308,202,99175,202,99620,302,99136,202,99650,202,99046,202,99656,202,98725,202,99678,100,98659,100,99757,300,98507,100,99788,100,,,99865,100,,,99881,100,,,99966,100,,
2019-06-28 10:06:00.000000000,99308,181,99175,181,99620,281,99136,181,99650,181,99046,181,99656,181,98725,181,99678,181,98659,181,99757,300,98507,100,99788,100,,,99865,100,,,99881,100,,,99966,100,,
2019-06-28 10:06:10.000000000,99308,181,99175,181,99620,281,99136,181,99650,181,99046,181,99656,181,98725,181,99678,181,98659,181,99757,300,98507,100,99788,100,,,99865,100,,,99881,100,,,99966,100,,
2019-06-28 10:06:18.423974883,99308,181,99175,181,99620,281,99136,181,99650,181,99046,181,99656,181,98865,100,99678,181,98725,181,99757,300,98659,181,99788,100,98507,100,99865,100,,,99881,100,,,99966,100,,
2019-06-28 10:06:20.000000000,99308,506,99175,506,99620,200,99136,100,99650,100,99046,100,99656,100,98865,100,99678,100,98725,100,99757,300,98659,100,99788,100,98507,100,99865,100,,,99881,100,,,99966,100,,
2019-06-28 10:06:22.632283755,99308,606,99175,506,99620,200,99136,100,99650,100,99046,100,99656,100,98865,100,99678,100,98725,100,99757,300,98659,100,99788,100,98507,100,99865,100,,,99881,100,,,99966,100,,
2019-06-28 10:06:29.819773655,99308,606,99175,406,99620,200,99136,100,99650,100,99046,100,99656,100,98865,100,99678,100,98725,100,99757,300,98659,100,99788,100,98507,100,99865,100,,,99881,100,,,99966,100,,
2019-06-28 10:06:30.000000000,99308,606,99136,506,99620,200,99046,100,99650,100,98865,100,99656,100,98725,100,99678,100,98659,100,99757,300,98507,100,99788,100,,,99865,100,,,99881,100,,,99966,100,,
2019-06-28 10:06:35.705935206,99308,606,99136,506,99620,200,99046,100,99656,100,98865,100,99678,100,98725,100,99757,300,98659,100,99788,100,98507,100,99865,100,,,99881,100,,,99966,100,,,100052,100,,
2019-06-28 10:06:40.000000000,99308,606,99136,506,99620,200,99046,100,99656,100,98865,100,99678,100,98725,100,99757,300,98659,100,99788,100,98507,100,99865,100,,,99881,100,,,99966,100,,,100052,100,,
2019-06-28 10:06:50.000000000,99308,281,99136,181,99620,281,99046,181,99656,181,98865,181,99678,181,98725,181,99757,381,98659,181,99788,100,98507,100,99865,100,,,99881,100,,,99966,100,,,100052,100,,
2019-06-28 10:07:00.000000000,99308,403,99136,303,99620,403,99046,303,99656,100,98865,100,99678,100,98725,100,99757,300,98659,100,99788,100,98507,100,99865,100,,,99881,100,,,99966,100,,,100052,100,,
2019-06-28 10:07:10.000000000,99308,281,99136,181,99620,281,99046,181,99656,181,98865,181,99678,181,98725,181,99757,381,98659,181,99788,100,98507,100,99865,100,,,99881,100,,,99966,100,,,100052,100,,
2019-06-28 10:07:13.950793408,99308,281,99136,81,99620,281,99046,181,99656,181,98865,181,99678,181,98725,181,99757,381,98659,181,99788,100,98507,100,99865,100,,,99881,100,,,99966,100,,,100052,100,,
2019-06-28 10:07:18.981071360,99308,281,99136,81,99620,281,99046,181,99656,181,98865,181,99678,181,98725,181,99757,381,98693,100,99788,100,98659,181,99865,100,98507,100,99881,100,,,99966,100,,,100052,100,,
2019-06-28 10:07:20.000000000,99308,338,99046,238,99620,334,98865,234,99656,234,98725,234,99678,100,98693,100,99757,300,98659,100,99788,100,98507,100,99865,100,,,99881,100,,,99966,100,,,100052,100,,
2019-06-28 10:07:30.000000000,99308,338,99046,238,99620,334,98865,234,99656,234,98725,234,99678,100,98693,100,99757,300,98659,100,99788,100,98507,100,99865,100,,,99881,100,,,99966,100,,,100052,100,,
2019-06-28 10:07:40.000000000,99308,281,99046,181,99620,281,98865,181,99656,181,98725,181,99678,181,98693,181,99757,381,98659,181,99788,100,98507,100,99865,100,,,99881,100,,,99966,100,,,100052,100,,
2019-06-28 10:07:43.577895014,99120,100,99046,181,99308,281,98865,181,99620,281,98725,181,99656,181,98693,181,99678,181,98659,181,99757,381,98507,100,99788,100,,,99865,100,,,99881,100,,,99966,100,,
2019-06-28 10:07:50.000000000,99120,238,99046,238,99308,334,98865,234,99620,334,98725,234,99656,100,98693,100,99678,100,98659,100,99757,300,98507,100,99788,100,,,99865,100,,,99881,100,,,99966,100,,
2019-06-28 10:08:00.000000000,99120,202,99046,202,99308,302,98865,202,99620,302,98725,202,99656,202,98693,202,99678,100,98659,100,99757,300,98507,100,99788,100,,,99865,100,,,99881,100,,,99966,100,,
2019-06-28 10:08:00.271682446,99120,202,99046,102,99226,100,98865,202,99308,302,98725,202,99620,302,98693,202,99656,202,98659,100,99678,100,98507,100,99757,300,,,99788,100,,,99865,100,,,99881,100,,
2019-06-28 10:08:01.465470549,99120,102,99046,102,99226,100,98865,202,99308,302,98725,202,99620,202,98693,202,99656,202,98659,100,99678,100,98507,100,99757,300,,,99788,100,,,99865,100,,,99881,100,,
2019-06-28 10:08:10.000000000,99226,303,98865,303,99308,403,98725,303,99620,100,98693,100,99656,100,98659,100,99678,100,98507,100,99757,300,,,99788,100,,,99865,100,,,99881,100,,,99966,100,,
2019-06-28 10:08:14.348910951,99226,203,98865,303,99308,403,98725,303,99620,100,98693,100,99656,100,98659,100,99678,100,98507,100,99757,300,,,99788,100,,,99865,100,,,99881,100,,,99966,100,,
2019-06-28 10:08:20.000000000,99308,302,98865,202,99620,202,98725,202,99656,202,98693,202,99678,202,98659,202,99757,300,98507,100,99788,100,,,99865,100,,,99881,100,,,99966,100,,,100052,100,,
2019-06-28 10:08:25.522984596,99308,302,99120,100,99620,202,98865,202,99656,202,98725,202,99678,202,98693,202,99757,300,98659,202,99788,100,98507,100,99865,100,,,99881,100,,,99966,100,,,100052,100,,
2019-06-28 10:08:30.000000000,99308,281,99120,181,99620,181,98865,181,99656,181,98725,181,99678,181,98693,181,99757,381,98659,181,99788,100,98507,100,99865,100,,,99881,100,,,99966,100,,,100052,100,,
2019-06-28 10:08:31.995421612,99308,281,99120,281,99620,181,98865,181,99656,181,98725,181,99678,181,98693,181,99757,381,98659,181,99788,100,98507,100,99865,100,,,99881,100,,,99966,100,,,100052,100,,
2019-06-28 10:08:40.000000000,99308,338,99120,338,99620,234,98865,234,99656,234,98725,234,99678,100,98693,100,99757,300,98659,100,99788,100,98507,100,99865,100,,,99881,100,,,99966,100,,,100052,100,,
2019-06-28 10:08:50.000000000,99308,606,99120,606,99620,100,98865,100,99656,100,98725,100,99678,100,98693,100,99757,300,98659,100,99788,100,98507,100,99865,100,,,99881,100,,,99966,100,,,100052,100,,
2019-06-28 10:08:54.717571631,99308,606,99120,506,99620,100,98865,100,99656,100,98725,100,99678,100,98693,100,99757,300,98659,100,99788,100,98507,100,99865,100,,,99881,100,,,99966,100,,,100052,100,,
2019-06-28 10:09:00.000000000,99308,281,99120,181,99620,181,98865,181,99656,181,98725,181,99678,181,98693,181,99757,381,98659,181,99788,100,98507,100,99865,100,,,99881,100,,,99966,100,,,100052,100,,
2019-06-28 10:09:10.000000000,99308,281,99120,181,99620,181,98865,181,99656,181,98725,181,99678,181,98693,181,99757,381,98659,181,99788,100,98507,100,99865,100,,,99881,100,,,99966,100,,,100052,100,,
2019-06-28 10:09:20.000000000,99308,302,99120,202,99620,202,98865,202,99656,202,98725,202,99678,202,98693,202,99757,300,98659,100,99788,100,98507,100,99865,100,,,99881,100,,,99966,100,,,100052,100,,
2019-06-28 10:09:30.000000000,99308,606,99120,506,99620,100,98865,100,99656,100,98725,100,99678,100,98693,100,99757,300,98659,100,99788,100,98507,100,99865,100,,,99881,100,,,99966,100,,,100052,100,,
2019-06-28 10:09:40.000000000,99308,302,99120,202,99620,202,98865,202,99656,202,98725,202,99678,202,98693,202,99757,300,98659,100,99788,100,98507,100,99865,100,,,99881,100,,,99966,100,,,100052,100,,
2019-06-28 10:09:48.059244628,99308,202,99121,100,99620,202,99120,202,99656,202,98865,202,99678,202,98725,202,99757,300,98693,202,99788,100,98659,100,99865,100,98507,100,99881,100,,,99966,100,,,100052,100,,
2019-06-28 10:09:50.000000000,99308,506,99121,506,99620,100,99120,100,99656,100,98865,100,99678,100,98725,100,99757,300,98693,100,99788,100,98659,100,99865,100,98507,100,99881,100,,,99966,100,,,100052,100,,
