,ask_price_1,ask_size_1,bid_price_1,bid_size_1,ask_price_2,ask_size_2,bid_price_2,bid_size_2,ask_price_3,ask_size_3,bid_price_3,bid_size_3,ask_price_4,ask_size_4,bid_price_4,bid_size_4,ask_price_5,ask_size_5,bid_price_5,bid_size_5,ask_price_6,ask_size_6,bid_price_6,bid_size_6,ask_price_7,ask_size_7,bid_price_7,bid_size_7,ask_price_8,ask_size_8,bid_price_8,bid_size_8,ask_price_9,ask_size_9,bid_price_9,bid_size_9,ask_price_10,ask_size_10,bid_price_10,bid_size_10
2019-06-28 09:30:00.000000002,100182,100,,,,,,,,,,,,,,,,,,,,,,,,,,,,,,,,,,,,,,
2019-06-28 09:30:00.000000003,100182,100,99875,100,,,99830,100,,,,,,,,,,,,,,,,,,,,,,,,,,,,,,,,
2019-06-28 09:30:00.000000004,100079,100,99991,100,100182,100,99935,100,,,99911,100,,,99875,100,,,99830,100,,,,,,,,,,,,,,,,,,,,
2019-06-28 09:30:00.000000005,100079,100,99991,100,100182,100,99981,100,,,99935,100,,,99911,100,,,99875,100,,,99830,100,,,,,,,,,,,,,,,,
2019-06-28 09:30:00.000000006,100079,100,99991,100,100182,100,99981,100,,,99935,100,,,99931,100,,,99911,100,,,99875,100,,,99854,100,,,99830,100,,,,,,,,
2019-06-28 09:30:00.000000007,100036,100,99991,100,100079,100,99981,100,100182,100,99935,100,,,99931,100,,,99911,100,,,99875,100,,,99854,100,,,99830,100,,,,,,,,
2019-06-28 09:30:00.000000008,100036,100,99991,100,100079,100,99981,100,100182,100,99954,100,,,99935,100,,,99931,100,,,99911,100,,,99875,100,,,99854,100,,,99830,100,,,,
2019-06-28 09:30:00.000000010,100036,100,99991,100,100079,100,99981,100,100182,100,99954,100,,,99935,200,,,99931,100,,,99911,100,,,99875,100,,,99854,100,,,99830,100,,,,
2019-06-28 09:30:00.000000012,100036,100,99991,100,100079,100,99981,100,100113,100,99954,100,100182,100,99935,200,,,99931,100,,,99911,100,,,99875,100,,,99854,100,,,99830,100,,,,
2019-06-28 09:30:00.000000013,100036,100,99991,100,100079,100,99981,100,100113,100,99954,100,100150,100,99935,200,100182,100,99931,100,,,99911,100,,,99875,100,,,99854,100,,,99830,100,,,,
2019-06-28 09:30:00.000000015,100036,100,99991,100,100079,100,99981,100,100113,100,99954,100,100150,100,99942,100,100182,100,99935,200,,,99931,100,,,99911,100,,,99875,100,,,99854,100,,,99830,100
2019-06-28 09:30:00.000000016,100036,100,100028,100,100079,100,99991,100,100113,100,99981,100,100150,100,99954,100,100182,100,99942,100,,,99935,200,,,99931,100,,,99911,100,,,99875,100,,,99854,100
2019-06-28 09:30:00.000000017,100036,100,99991,100,100079,100,99981,100,100113,100,99954,100,100150,100,99942,100,100182,100,99935,200,,,99931,100,,,99911,100,,,99875,100,,,99854,100,,,99830,100
2019-06-28 09:30:00.000000018,100036,100,99991,100,100079,100,99981,100,100097,100,99954,100,100113,100,99942,100,100150,100,99935,200,100182,100,99931,100,,,99911,100,,,99875,100,,,99854,100,,,99830,100
2019-06-28 09:30:00.000000021,100036,100,99991,100,100079,100,99981,100,100097,100,99954,100,100109,100,99942,100,100113,100,99935,200,100150,100,99931,100,100182,100,99911,100,,,99875,100,,,99854,100,,,99830,100
2019-06-28 09:30:00.000000026,100036,100,100004,100,100079,100,99991,100,100097,100,99981,100,100109,100,99954,100,100113,100,99942,100,100150,100,99935,200,100182,100,99931,100,,,99911,100,,,99875,100,,,99854,100
2019-06-28 09:30:00.000000027,100036,100,100004,100,100079,100,99991,100,100097,100,99981,100,100109,100,99954,100,100113,100,99942,100,100135,100,99935,200,100150,100,99931,100,100182,100,99911,100,,,99875,100,,,99854,100
2019-06-28 09:30:00.000000028,100036,100,100004,100,100079,100,99991,100,100097,100,99981,100,100109,100,99954,100,100113,100,99942,100,100135,100,99935,200,100150,100,99931,100,100182,100,99914,100,,,99911,100,,,99875,100
2019-06-28 09:30:00.000000032,100036,100,100012,100,100079,100,100004,100,100097,100,99991,100,100109,100,99981,100,100113,100,99954,100,100135,100,99942,100,100150,100,99935,200,100182,100,99931,100,,,99914,100,,,99911,100
2019-06-28 09:30:00.000000033,100036,100,100015,100,100079,100,100012,100,100097,100,100004,100,100109,100,99991,100,100113,100,99981,100,100135,100,99954,100,100150,100,99942,100,100182,100,99935,200,,,99931,100,,,99914,100
2019-06-28 09:30:00.000000034,100036,100,100015,100,100079,100,100012,100,100097,100,100004,100,100109,100,99991,100,100113,100,99981,100,100135,100,99954,100,100150,100,99942,100,100182,100,99935,200,,,99931,100,,,99914,100
2019-06-28 09:30:00.000000036,100036,100,100015,100,100079,100,100012,100,100097,100,100004,100,100109,200,99991,100,100113,100,99981,100,100135,100,99954,100,100150,100,99942,100,100182,100,99935,200,,,99931,100,,,99914,100
2019-06-28 09:30:00.000000037,100079,100,100015,100,100097,100,100012,100,100109,200,100004,100,100113,100,99991,100,100135,100,99981,100,100150,100,99954,100,100182,100,99942,100,,,99935,200,,,99931,100,,,99914,100
2019-06-28 09:30:00.000000039,100079,100,100015,100,100097,100,100012,100,100109,200,100004,100,100113,100,99991,100,100135,100,99981,100,100150,100,99964,100,100182,100,99954,100,,,99942,100,,,99935,200,,,99931,100
2019-06-28 09:30:00.000000040,100044,100,100015,100,100079,100,100012,100,100097,100,100004,100,100109,200,99991,100,100113,100,99981,100,100135,100,99964,100,100150,100,99954,100,100182,100,99942,100,,,99935,200,,,99931,100
2019-06-28 09:30:00.000000041,100044,100,100015,100,100079,100,100012,100,100097,100,100004,100,100109,200,99991,100,100113,100,99981,100,100135,100,99964,100,100150,100,99954,100,100182,100,99942,100,,,99935,200,,,99931,100
2019-06-28 09:30:00.000000044,100017,100,100015,100,100044,100,100012,100,100079,100,100004,100,100097,100,99991,100,100109,200,99981,100,100113,100,99964,100,100135,100,99954,100,100150,100,99942,100,100182,100,99935,200,,,99931,100
2019-06-28 09:30:00.000000046,100017,100,100015,100,100044,100,100012,100,100079,100,100004,100,100097,100,99991,100,100109,200,99981,100,100113,100,99964,100,100135,100,99954,100,100150,100,99942,100,100182,100,99935,200,,,99931,100
2019-06-28 09:30:00.000000047,100017,100,100015,100,100044,100,100012,100,100079,100,100004,100,100097,100,99991,100,100109,200,99981,100,100113,100,99964,100,100135,100,99954,100,100150,100,99942,100,100182,100,99935,200,,,99931,100
2019-06-28 09:30:00.000000048,100016,100,100015,100,100017,100,100012,100,100044,100,100004,100,100079,100,99991,100,100097,100,99981,100,100109,200,99964,100,100113,100,99954,100,100135,100,99942,100,100150,100,99935,200,100182,100,99931,100
2019-06-28 09:30:00.000000049,100016,100,100015,200,100017,100,100012,100,100044,100,100004,100,100079,100,100000,100,100097,100,99991,100,100109,200,99981,100,100113,100,99964,100,100135,100,99959,100,100150,100,99954,100,100182,100,99942,100
2019-06-28 09:30:00.000000050,100016,100,100015,200,100017,100,100012,100,100044,100,100004,100,100079,100,100000,100,100097,100,99991,100,100109,200,99981,100,100113,100,99964,100,100121,100,99959,100,100135,100,99954,100,100150,100,99942,100
2019-06-28 09:30:00.000000051,100016,100,100015,200,100017,100,100012,100,100044,100,100004,100,100079,100,100000,100,100097,100,99991,100,100106,100,99981,100,100109,200,99964,100,100113,100,99959,100,100121,100,99954,100,100135,100,99942,100
2019-06-28 09:30:00.000000054,100016,100,100015,200,100017,100,100012,100,100044,100,100004,100,100079,100,100000,100,100087,100,99991,100,100097,100,99981,100,100106,100,99964,100,100109,200,99959,100,100113,100,99954,100,100121,100,99942,100
2019-06-28 09:30:00.000000055,100016,200,100015,200,100017,100,100012,100,100044,100,100004,100,100079,100,100000,100,100087,100,99991,100,100097,100,99981,100,100106,100,99964,100,100109,200,99959,100,100113,100,99954,100,100121,100,99942,100
2019-06-28 09:30:00.000000057,100016,200,100015,200,100017,100,100012,100,100034,100,100004,100,100044,100,100000,100,100079,100,99991,100,100087,100,99981,100,100097,100,99964,100,100106,100,99959,100,100109,200,99954,100,100113,100,99942,100
2019-06-28 09:30:00.000000059,100016,200,100015,300,100017,100,100012,100,100034,100,100004,100,100044,100,100000,100,100079,100,99991,100,100087,100,99981,100,100097,100,99964,100,100106,100,99959,100,100109,200,99954,100,100113,100,99942,100
2019-06-28 09:30:00.000000062,100016,200,100015,200,100017,100,100012,100,100034,100,100004,100,100044,100,100000,100,100079,100,99991,100,100087,100,99981,100,100097,100,99964,100,100106,100,99959,100,100109,200,99954,100,100113,100,99942,100
2019-06-28 09:30:00.000000064,100016,200,100015,200,100017,100,100012,100,100034,100,100004,100,100044,100,100000,100,100072,100,99991,100,100079,100,99981,100,100087,100,99964,100,100097,100,99959,100,100106,100,99954,100,100109,200,99942,100
2019-06-28 09:30:00.000000066,100016,200,100015,200,100017,100,100012,100,100034,100,100004,100,100040,100,100000,100,100044,100,99991,100,100072,100,99981,100,100079,100,99964,100,100087,100,99959,100,100097,100,99954,100,100106,100,99942,100
2019-06-28 09:30:00.000000068,100016,200,100015,200,100017,100,100012,100,100034,100,100004,100,100040,100,100000,100,100044,100,99991,100,100072,100,99981,100,100079,100,99964,100,100087,100,99959,100,100097,100,99954,100,100106,100,99942,100
2019-06-28 09:30:00.000000075,100016,200,100015,100,100017,100,100012,100,100034,100,100004,100,100040,100,100000,100,100044,100,99991,100,100072,100,99981,100,100079,100,99964,100,100087,100,99959,100,100097,100,99954,100,100106,100,99942,100
2019-06-28 09:30:00.000000076,100016,200,100015,100,100017,100,100012,100,100034,100,100004,100,100040,100,100000,100,100044,100,99991,100,100072,100,99981,100,100079,100,99964,100,100087,100,99959,100,100097,100,99954,100,100106,100,99942,100
2019-06-28 09:30:00.000000081,100016,200,100015,100,100017,100,100012,100,100034,100,100004,100,100040,100,100000,100,100044,100,99991,100,100052,100,99981,100,100072,100,99964,100,100079,100,99959,100,100087,100,99954,100,100097,100,99942,100
2019-06-28 09:30:00.000000085,100016,200,100015,100,100017,100,100012,100,100034,100,100004,100,100040,100,100000,100,100044,100,99991,100,100052,100,99981,100,100072,100,99964,100,100079,100,99959,100,100087,100,99955,100,100097,100,99954,100
2019-06-28 09:30:00.000000092,100016,200,100012,100,100017,100,100004,100,100034,100,100000,100,100040,100,99991,100,100044,100,99981,100,100052,100,99964,100,100072,100,99959,100,100079,100,99955,100,100087,100,99954,100,100097,100,99942,100
2019-06-28 09:30:00.000000093,100016,200,100012,100,100017,100,100004,100,100034,100,100000,100,100040,100,99991,100,100044,100,99981,100,100052,100,99964,100,100072,100,99959,100,100079,200,99955,100,100087,100,99954,100,100097,100,99942,100
2019-06-28 09:30:00.000000096,100016,100,100012,100,100017,100,100004,100,100034,100,100000,100,100040,100,99991,100,100044,100,99981,100,100046,100,99964,100,100052,100,99959,100,100072,100,99955,100,100079,200,99954,100,100087,100,99942,100
2019-06-28 09:30:00.000000097,100016,100,100012,100,100017,100,100004,100,100034,100,100000,100,100040,100,99991,100,100044,100,99981,100,100046,100,99964,100,100052,100,99959,100,100072,100,99955,100,100079,200,99954,100,100087,100,99942,100
2019-06-28 09:30:00.000000099,100016,100,100012,100,100017,100,100004,100,100034,100,100000,100,100038,100,99991,100,100040,100,99981,100,100044,100,99964,100,100046,100,99959,100,100052,100,99955,100,100072,100,99954,100,100079,200,99942,100
2019-06-28 09:30:10.000000000,100016,213,100012,213,100017,210,100004,210,100034,210,100000,210,100038,100,99991,100,100040,100,99981,100,100044,100,99964,100,100046,100,99959,100,100052,100,99955,100,100072,100,99954,100,100079,200,99942,100
2019-06-28 09:30:11.097864794,100016,213,100012,213,100017,210,100004,210,100034,210,100000,210,100038,100,99991,100,100040,100,99981,100,100044,100,99964,100,100046,100,99959,100,100052,100,99955,100,100072,100,99954,100,100079,200,99945,100
2019-06-28 09:30:12.319814600,100016,213,100012,213,100017,210,100004,210,100034,210,100000,210,100038,100,99991,100,100040,100,99981,100,100044,100,99964,100,100046,100,99959,100,100072,100,99955,100,100079,200,99954,100,100087,100,99945,100
2019-06-28 09:30:19.910155391,100016,213,100012,213,100017,210,100004,210,100034,310,100000,210,100038,100,99991,100,100040,100,99981,100,100044,100,99964,100,100046,100,99959,100,100072,100,99955,100,100079,200,99954,100,100087,100,99945,100
2019-06-28 09:30:20.000000000,100016,432,100012,432,100017,100,100004,100,100034,200,100000,100,100038,100,99991,100,100040,100,99981,100,100044,100,99964,100,100046,100,99959,100,100072,100,99955,100,100079,200,99954,100,100087,100,99945,100
2019-06-28 09:30:22.324382849,100016,432,100012,432,100017,100,100004,100,100034,200,100000,100,100038,100,99991,100,100040,100,99981,100,100044,100,99964,100,100046,100,99959,100,100050,100,99955,100,100072,100,99954,100,100079,200,99945,100
2019-06-28 09:30:30.000000000,100016,166,100012,166,100017,166,100004,166,100034,266,100000,166,100038,166,99991,166,100040,166,99981,166,100044,100,99964,100,100046,100,99959,100,100050,100,99955,100,100072,100,99954,100,100079,200,99945,100
2019-06-28 09:30:35.356255361,100016,166,100015,100,100017,166,100012,166,100034,266,100004,166,100038,166,100000,166,100040,166,99991,166,100044,100,99981,166,100046,100,99964,100,100050,100,99959,100,100072,100,99955,100,100079,200,99954,100
2019-06-28 09:30:40.000000000,100016,213,100015,213,100017,210,100012,210,100034,310,100004,210,100038,100,100000,100,100040,100,99991,100,100044,100,99981,100,100046,100,99964,100,100050,100,99959,100,100072,100,99955,100,100079,200,99954,100
2019-06-28 09:30:50.000000000,100016,432,100015,432,100017,100,100012,100,100034,200,100004,100,100038,100,100000,100,100040,100,99991,100,100044,100,99981,100,100046,100,99964,100,100050,100,99959,100,100072,100,99955,100,100079,200,99954,100
2019-06-28 09:30:51.818050796,100016,332,100015,432,100017,100,100012,100,100034,200,100004,100,100038,100,100000,100,100040,100,99991,100,100044,100,99981,100,100046,100,99964,100,100050,100,99959,100,100072,100,99955,100,100079,200,99954,100
2019-06-28 09:31:00.000000000,100017,166,100015,166,100034,266,100012,166,100038,166,100004,166,100040,166,100000,166,100044,166,99991,166,100046,100,99981,100,100050,100,99964,100,100072,100,99959,100,100079,200,99955,100,100087,100,99954,100
2019-06-28 09:31:10.000000000,100017,266,100015,266,100034,366,100012,266,100038,100,100004,100,100040,100,100000,100,100044,100,99991,100,100046,100,99981,100,100050,100,99964,100,100072,100,99959,100,100079,200,99955,100,100087,100,99954,100
2019-06-28 09:31:11.192526673,100017,266,100015,266,100034,366,100012,266,100038,100,100004,100,100040,100,100000,100,100044,100,99991,100,100046,100,99981,100,100050,100,99964,100,100072,100,99955,100,100079,200,99954,100,100087,100,99945,100
2019-06-28 09:31:20.000000000,100017,166,100015,166,100034,266,100012,166,100038,166,100004,166,100040,166,100000,166,100044,166,99991,166,100046,100,99981,100,100050,100,99964,100,100072,100,99955,100,100079,200,99954,100,100087,100,99945,100
2019-06-28 09:31:26.009049889,100017,166,100015,166,100034,266,100012,166,100038,166,100004,166,100040,166,100000,166,100044,166,99991,166,100046,100,99981,100,100050,100,99964,100,100072,100,99955,100,100079,200,99954,100,100087,100,99945,100
2019-06-28 09:31:30.000000000,100017,183,100015,183,100034,283,100012,183,100038,183,100004,183,100040,183,100000,183,100044,100,99991,100,100046,100,99981,100,100050,100,99964,100,100072,100,99955,100,100079,200,99954,100,100087,100,99945,100
2019-06-28 09:31:40.000000000,100017,183,100015,183,100034,283,100012,183,100038,183,100004,183,100040,183,100000,183,100044,100,99991,100,100046,100,99981,100,100050,100,99964,100,100072,100,99955,100,100079,200,99954,100,100087,100,99945,100
2019-06-28 09:31:48.611371076,100017,183,100015,183,100034,283,100012,183,100038,183,100004,183,100040,183,100000,183,100044,100,99991,100,100046,100,99981,100,100050,100,99964,100,100072,100,99955,100,100079,200,99954,100,100087,100,99945,100
2019-06-28 09:31:50.000000000,100017,266,100015,266,100034,366,100012,266,100038,100,100004,100,100040,100,100000,100,100044,100,99991,100,100046,100,99981,100,100050,100,99964,100,100072,100,99955,100,100079,200,99954,100,100087,100,99945,100
2019-06-28 09:31:53.874148072,100017,266,100015,266,100034,366,100012,266,100038,100,100004,100,100040,100,100000,100,100044,100,99991,100,100046,100,99981,100,100050,100,99964,100,100066,100,99955,100,100072,100,99954,100,100079,200,99945,100
2019-06-28 09:32:00.000000000,100017,432,100015,432,100034,200,100012,100,100038,100,100004,100,100040,100,100000,100,100044,100,99991,100,100046,100,99981,100,100050,100,99964,100,100066,100,99955,100,100072,100,99954,100,100079,200,99945,100
2019-06-28 09:32:06.558417544,100017,432,100015,332,100034,200,100012,100,100038,100,100004,100,100040,100,100000,100,100044,100,99991,100,100046,100,99981,100,100050,100,99964,100,100066,100,99954,100,100072,100,99945,100,100079,200,99942,100
2019-06-28 09:32:09.931756269,100017,432,100015,332,100034,200,100012,100,100038,100,100004,100,100040,100,100000,100,100044,100,99991,100,100046,100,99981,100,100050,100,99954,100,100066,100,99945,100,100072,100,99942,100,100079,200,99935,200
2019-06-28 09:32:10.000000000,100017,213,100012,213,100034,310,100004,210,100038,210,100000,210,100040,100,99991,100,100044,100,99981,100,100046,100,99954,100,100050,100,99945,100,100066,100,99942,100,100072,100,99935,200,100079,200,99932,100
2019-06-28 09:32:17.922597139,100015,100,100012,213,100017,213,100004,210,100034,310,100000,210,100038,210,99991,100,100040,100,99981,100,100044,100,99954,100,100046,100,99945,100,100050,100,99942,100,100066,100,99935,200,100072,100,99932,100
2019-06-28 09:32:20.000000000,100015,432,100012,432,100017,100,100004,100,100034,200,100000,100,100038,100,99991,100,100040,100,99981,100,100044,100,99954,100,100046,100,99945,100,100050,100,99942,100,100066,100,99935,200,100072,100,99932,100
2019-06-28 09:32:30.000000000,100015,166,100012,166,100017,166,100004,166,100034,266,100000,166,100038,166,99991,166,100040,166,99981,166,100044,100,99954,100,100046,100,99945,100,100050,100,99942,100,100066,100,99935,200,100072,100,99932,100
2019-06-28 09:32:32.724372969,100015,166,100012,166,100017,166,100004,166,100034,266,100000,166,100038,166,99991,166,100040,166,99981,166,100044,100,99954,100,100046,100,99945,100,100050,100,99942,100,100066,100,99935,200,100072,100,99932,100
2019-06-28 09:32:34.254796811,100015,166,100012,166,100017,166,100004,166,100034,266,100000,166,100038,166,99991,166,100040,166,99981,166,100046,100,99954,100,100050,100,99945,100,100066,100,99942,100,100072,100,99935,200,100079,200,99932,100
2019-06-28 09:32:34.908784762,100015,166,100012,66,100017,166,100004,166,100034,266,100000,166,100038,166,99991,166,100040,166,99981,166,100046,100,99954,100,100050,100,99945,100,100066,100,99942,100,100072,100,99935,200,100079,200,99931,100
2019-06-28 09:32:36.641521728,100012,34,100004,166,100015,166,100000,166,100017,166,99991,166,100034,266,99981,166,100038,166,99954,100,100040,166,99945,100,100046,100,99942,100,100050,100,99935,200,100066,100,99924,100,100072,100,99914,100
2019-06-28 09:32:40.000000000,100012,366,100004,432,100015,100,100000,100,100017,100,99991,100,100034,200,99981,100,100038,100,99954,100,100040,100,99945,100,100046,100,99942,100,100050,100,99935,200,100066,100,99924,100,100072,100,99914,100
2019-06-28 09:32:45.171719704,100012,366,100004,432,100015,100,100000,100,100017,100,99991,100,100034,200,99981,100,100038,100,99945,100,100040,100,99942,100,100046,100,99935,200,100050,100,99924,100,100066,100,99914,100,100072,100,99911,100
2019-06-28 09:32:50.000000000,100012,147,100004,213,100015,210,100000,210,100017,210,99991,210,100034,200,99981,100,100038,100,99945,100,100040,100,99942,100,100046,100,99935,200,100050,100,99924,100,100066,100,99914,100,100072,100,99911,100
2019-06-28 09:33:00.000000000,100012,366,100004,432,100015,100,100000,100,100017,100,99991,100,100034,200,99981,100,100038,100,99945,100,100040,100,99942,100,100046,100,99935,200,100050,100,99924,100,100066,100,99914,100,100072,100,99911,100
2019-06-28 09:33:02.657954722,100012,366,100004,332,100015,100,100000,100,100017,100,99991,100,100034,200,99981,100,100038,100,99945,100,100040,100,99942,100,100046,100,99935,200,100050,100,99924,100,100066,100,99914,100,100072,100,99911,100
2019-06-28 09:33:10.000000000,100012,366,100000,432,100015,100,99991,100,100017,100,99981,100,100034,200,99945,100,100038,100,99942,100,100040,100,99935,200,100046,100,99924,100,100050,100,99914,100,100066,100,99911,100,100072,100,99905,100
2019-06-28 09:33:20.000000000,100012,100,100000,166,100015,166,99991,166,100017,166,99981,166,100034,266,99945,166,100038,166,99942,166,100040,100,99935,200,100046,100,99924,100,100050,100,99914,100,100066,100,99911,100,100072,100,99905,100
2019-06-28 09:33:25.381683766,100012,100,100000,66,100015,166,99991,166,100017,166,99981,166,100034,166,99945,166,100038,166,99942,166,100040,100,99935,200,100046,100,99924,100,100050,100,99914,100,100066,100,99911,100,100072,100,99905,100
2019-06-28 09:33:27.906954329,100012,100,100000,66,100015,166,99991,166,100017,166,99981,166,100034,166,99945,166,100038,166,99942,166,100040,100,99935,200,100050,100,99924,100,100066,100,99914,100,100072,100,99911,100,100079,200,99905,100
2019-06-28 09:33:30.000000000,100012,147,99991,213,100015,210,99981,210,100017,210,99945,210,100034,100,99942,100,100038,100,99935,200,100040,100,99924,100,100050,100,99914,100,100066,100,99911,100,100072,100,99905,100,100079,200,99901,100
2019-06-28 09:33:40.000000000,100012,200,99991,266,100015,266,99981,266,100017,100,99945,100,100034,100,99942,100,100038,100,99935,200,100040,100,99924,100,100050,100,99914,100,100066,100,99911,100,100072,100,99905,100,100079,200,99901,100
2019-06-28 09:33:43.576320307,100012,200,99991,266,100015,266,99981,266,100017,100,99945,100,100034,100,99942,100,100038,100,99935,200,100040,100,99924,100,100050,100,99914,100,100066,100,99911,100,100072,100,99905,100,100079,200,99901,100
2019-06-28 09:33:50.000000000,100012,366,99991,432,100015,100,99981,100,100017,100,99945,100,100034,100,99942,100,100038,100,99935,200,100040,100,99924,100,100050,100,99914,100,100066,100,99911,100,100072,100,99905,100,100079,200,99901,100
2019-06-28 09:34:00.000000000,100012,117,99991,183,100015,183,99981,183,100017,183,99945,183,100034,183,99942,183,100038,100,99935,200,100040,100,99924,100,100050,100,99914,100,100066,100,99911,100,100072,100,99905,100,100079,200,99901,100
2019-06-28 09:34:10.000000000,100012,200,99991,266,100015,266,99981,266,100017,100,99945,100,100034,100,99942,100,100038,100,99935,200,100040,100,99924,100,100050,100,99914,100,100066,100,99911,100,100072,100,99905,100,100079,200,99901,100
2019-06-28 09:34:10.996586572,100012,200,99991,166,100015,266,99981,266,100017,100,99945,100,100034,100,99942,100,100038,100,99935,200,100040,100,99924,100,100050,100,99914,100,100066,100,99911,100,100072,100,99905,100,100079,200,99901,100
2019-06-28 09:34:20.000000000,100012,100,99981,166,100015,166,99945,166,100017,166,99942,166,100034,166,99935,266,100038,166,99924,166,100040,100,99914,100,100050,100,99911,100,100066,100,99905,100,100072,100,99901,100,100079,200,99896,100
2019-06-28 09:34:21.721491494,100004,100,99981,166,100012,100,99945,166,100015,166,99942,166,100017,166,99935,266,100034,166,99924,166,100038,166,99914,100,100040,100,99911,100,100050,100,99905,100,100066,100,99901,100,100072,100,99896,100
2019-06-28 09:34:30.000000000,100004,183,99981,183,100012,117,99945,183,100015,183,99942,183,100017,183,99935,283,100034,100,99924,100,100038,100,99914,100,100040,100,99911,100,100050,100,99905,100,100066,100,99901,100,100072,100,99896,100
2019-06-28 09:34:40.000000000,100004,266,99981,266,100012,200,99945,266,100015,100,99942,100,100017,100,99935,200,100034,100,99924,100,100038,100,99914,100,100040,100,99911,100,100050,100,99905,100,100066,100,99901,100,100072,100,99896,100
2019-06-28 09:34:41.375965210,100004,266,99981,266,100012,200,99945,266,100015,100,99942,100,100017,100,99935,200,100034,100,99924,100,100038,100,99914,100,100040,100,99911,100,100050,100,99905,100,100066,100,99901,100,100072,100,99896,100
2019-06-28 09:34:50.000000000,100004,432,99981,432,100012,34,99945,100,100015,100,99942,100,100017,100,99935,200,100034,100,99924,100,100038,100,99914,100,100040,100,99911,100,100050,100,99905,100,100066,100,99901,100,100072,100,99896,100
2019-06-28 09:35:00.000000000,100004,213,99981,213,100012,144,99945,210,100015,210,99942,210,100017,100,99935,200,100034,100,99924,100,100038,100,99914,100,100040,100,99911,100,100050,100,99905,100,100066,100,99901,100,100072,100,99896,100
2019-06-28 09:35:09.802877509,100004,213,99981,113,100012,144,99945,210,100015,210,99942,210,100017,100,99935,200,100034,100,99924,100,100038,100,99914,100,100040,100,99911,100,100050,100,99905,100,100066,100,99901,100,100072,100,99896,100
2019-06-28 09:35:10.000000000,100004,213,99945,213,100012,144,99942,210,100015,210,99935,310,100017,100,99924,100,100034,100,99914,100,100038,100,99911,100,100040,100,99905,100,100050,100,99901,100,100066,100,99896,100,100072,100,99889,100
2019-06-28 09:35:12.539863807,100004,213,99945,113,100012,144,99942,210,100015,210,99935,310,100017,100,99924,100,100034,100,99914,100,100038,100,99911,100,100040,100,99905,100,100050,100,99901,100,100066,100,99896,100,100072,100,99889,100
2019-06-28 09:35:20.000000000,100004,166,99942,166,100012,100,99935,266,100015,166,99924,166,100017,166,99914,166,100034,166,99911,166,100038,100,99905,100,100040,100,99901,100,100050,100,99896,100,100066,100,99889,100,100072,100,99877,100
2019-06-28 09:35:29.050630512,100004,166,99942,66,100012,100,99935,266,100015,166,99924,166,100017,166,99914,166,100034,166,99911,166,100038,100,99905,100,100040,100,99901,100,100050,100,99896,100,100066,100,99889,100,100072,100,99877,100
2019-06-28 09:35:30.000000000,100004,213,99935,313,100012,144,99924,210,100015,210,99914,210,100017,100,99911,100,100034,100,99905,100,100038,100,99901,100,100040,100,99896,100,100050,100,99889,100,100066,100,99877,100,100072,100,99875,100
2019-06-28 09:35:31.980016289,100004,213,99935,213,100012,144,99924,210,100015,210,99914,210,100017,100,99911,100,100034,100,99905,100,100038,100,99901,100,100040,100,99896,100,100050,100,99889,100,100066,100,99877,100,100072,100,99875,100
2019-06-28 09:35:40.000000000,100004,166,99935,166,100012,100,99924,166,100015,166,99914,166,100017,166,99911,166,100034,166,99905,166,100038,100,99901,100,100040,100,99896,100,100050,100,99889,100,100066,100,99877,100,100072,100,99875,100
2019-06-28 09:35:47.848194132,100004,166,99935,166,100012,100,99924,166,100015,166,99914,166,100017,166,99911,166,100034,166,99905,166,100038,100,99901,100,100040,100,99896,100,100050,100,99889,100,100066,100,99877,100,100072,100,99875,100
2019-06-28 09:35:50.000000000,100004,166,99935,166,100012,100,99924,166,100015,166,99914,166,100017,166,99911,166,100034,166,99905,166,100038,100,99901,100,100040,100,99896,100,100050,100,99889,100,100066,100,99877,100,100072,100,99875,100
2019-06-28 09:36:00.000000000,100004,213,99935,213,100012,144,99924,210,100015,210,99914,210,100017,100,99911,100,100034,100,99905,100,100038,100,99901,100,100040,100,99896,100,100050,100,99889,100,100066,100,99877,100,100072,100,99875,100
2019-06-28 09:36:10.000000000,100004,166,99935,166,100012,100,99924,166,100015,166,99914,166,100017,166,99911,166,100034,166,99905,166,100038,100,99901,100,100040,100,99896,100,100050,100,99889,100,100066,100,99877,100,100072,100,99875,100
2019-06-28 09:36:20.000000000,100004,432,99935,432,100012,34,99924,100,100015,100,99914,100,100017,100,99911,100,100034,100,99905,100,100038,100,99901,100,100040,100,99896,100,100050,100,99889,100,100066,100,99877,100,100072,100,99875,100
2019-06-28 09:36:28.527996918,100004,332,99935,432,100012,34,99924,100,100015,100,99914,100,100017,100,99911,100,100034,100,99905,100,100038,100,99901,100,100040,100,99896,100,100050,100,99889,100,100066,100,99877,100,100072,100,99875,100
2019-06-28 09:36:30.000000000,100012,147,99935,213,100015,210,99924,210,100017,210,99914,210,100034,100,99911,100,100038,100,99905,100,100040,100,99901,100,100050,100,99896,100,100066,100,99889,100,100072,100,99877,100,100079,100,99875,100
2019-06-28 09:36:36.826801015,100012,147,99935,213,100015,210,99924,210,100017,210,99914,210,100034,100,99911,100,100038,100,99905,100,100040,100,99901,100,100050,100,99896,100,100066,100,99889,100,100072,100,99877,100,100079,100,99875,100
2019-06-28 09:36:40.000000000,100012,117,99935,183,100015,183,99924,183,100017,183,99914,183,100034,183,99911,183,100038,100,99905,100,100040,100,99901,100,100050,100,99896,100,100066,100,99889,100,100072,100,99877,100,100079,100,99875,100
2019-06-28 09:36:49.233512526,100012,117,99935,183,100015,183,99924,183,100017,183,99914,183,100034,183,99911,183,100038,100,99905,100,100050,100,99901,100,100066,100,99896,100,100072,100,99889,100,100079,100,99877,100,100087,100,99875,100
2019-06-28 09:36:50.000000000,100012,147,99935,213,100015,210,99924,210,100017,210,99914,210,100034,100,99911,100,100038,100,99905,100,100050,100,99901,100,100066,100,99896,100,100072,100,99889,100,100079,100,99877,100,100087,100,99875,100
2019-06-28 09:37:00.000000000,100012,100,99935,166,100015,166,99924,166,100017,166,99914,166,100034,166,99911,166,100038,166,99905,166,100050,100,99901,100,100066,100,99896,100,100072,100,99889,100,100079,100,99877,100,100087,100,99875,100
2019-06-28 09:37:10.000000000,100012,366,99935,432,100015,100,99924,100,100017,100,99914,100,100034,100,99911,100,100038,100,99905,100,100050,100,99901,100,100066,100,99896,100,100072,100,99889,100,100079,100,99877,100,100087,100,99875,100
2019-06-28 09:37:14.416576128,100012,266,99935,432,100015,100,99924,100,100017,100,99911,100,100034,100,99905,100,100038,100,99901,100,100050,100,99896,100,100066,100,99889,100,100072,100,99877,100,100079,100,99875,100,100087,100,99854,100
2019-06-28 09:37:16.118829646,100012,166,99935,432,100015,100,99924,100,100017,100,99911,100,100034,100,99905,100,100038,100,99901,100,100050,100,99896,100,100066,100,99889,100,100072,100,99877,100,100079,100,99875,100,100087,100,99854,100
2019-06-28 09:37:20.000000000,100015,266,99935,266,100017,266,99924,266,100034,100,99911,100,100038,100,99905,100,100050,100,99901,100,100066,100,99896,100,100072,100,99889,100,100079,100,99877,100,100087,100,99875,100,100097,100,99854,100
2019-06-28 09:37:30.000000000,100015,432,99935,432,100017,100,99924,100,100034,100,99911,100,100038,100,99905,100,100050,100,99901,100,100066,100,99896,100,100072,100,99889,100,100079,100,99877,100,100087,100,99875,100,100097,100,99854,100
2019-06-28 09:37:40.000000000,100015,213,99935,213,100017,210,99924,210,100034,210,99911,210,100038,100,99905,100,100050,100,99901,100,100066,100,99896,100,100072,100,99889,100,100079,100,99877,100,100087,100,99875,100,100097,100,99854,100
2019-06-28 09:37:50.000000000,100015,432,99935,432,100017,100,99924,100,100034,100,99911,100,100038,100,99905,100,100050,100,99901,100,100066,100,99896,100,100072,100,99889,100,100079,100,99877,100,100087,100,99875,100,100097,100,99854,100
2019-06-28 09:37:53.272045843,100015,332,99935,432,100017,100,99924,100,100034,100,99911,100,100038,100,99905,100,100050,100,99901,100,100066,100,99896,100,100072,100,99889,100,100079,100,99877,100,100087,100,99875,100,100097,100,99854,100
2019-06-28 09:38:00.000000000,100017,266,99935,266,100034,266,99924,266,100038,100,99911,100,100050,100,99905,100,100066,100,99901,100,100072,100,99896,100,100079,100,99889,100,100087,100,99877,100,100097,100,99875,100,100121,200,99854,100
2019-06-28 09:38:10.000000000,100017,183,99935,183,100034,183,99924,183,100038,183,99911,183,100050,183,99905,183,100066,100,99901,100,100072,100,99896,100,100079,100,99889,100,100087,100,99877,100,100097,100,99875,100,100121,200,99854,100
2019-06-28 09:38:10.412572457,100017,83,99935,183,100034,183,99924,183,100038,183,99911,183,100050,183,99905,183,100066,100,99901,100,100072,100,99896,100,100079,100,99889,100,100087,100,99877,100,100097,100,99875,100,100121,200,99854,100
2019-06-28 09:38:16.197941006,100034,183,100017,17,100038,183,99935,183,100050,183,99924,183,100066,100,99911,183,100072,100,99905,183,100079,100,99901,100,100087,100,99896,100,100097,100,99889,100,100121,200,99877,100,100123,100,99875,100
2019-06-28 09:38:20.000000000,100034,432,100017,349,100038,100,99935,100,100050,100,99924,100,100066,100,99911,100,100072,100,99905,100,100079,100,99901,100,100087,100,99896,100,100097,100,99889,100,100121,200,99877,100,100123,100,99875,100
2019-06-28 09:38:30.000000000,100034,213,100017,130,100038,210,99935,210,100050,210,99924,210,100066,100,99911,100,100072,100,99905,100,100079,100,99901,100,100087,100,99896,100,100097,100,99889,100,100121,200,99877,100,100123,100,99875,100
2019-06-28 09:38:40.000000000,100034,166,100017,83,100038,166,99935,166,100050,166,99924,166,100066,166,99911,166,100072,166,99905,166,100079,100,99901,100,100087,100,99896,100,100097,100,99889,100,100121,200,99877,100,100123,100,99875,100
2019-06-28 09:38:50.000000000,100034,432,100017,349,100038,100,99935,100,100050,100,99924,100,100066,100,99911,100,100072,100,99905,100,100079,100,99901,100,100087,100,99896,100,100097,100,99889,100,100121,200,99877,100,100123,100,99875,100
2019-06-28 09:39:00.000000000,100034,266,100017,183,100038,266,99935,266,100050,100,99924,100,100066,100,99911,100,100072,100,99905,100,100079,100,99901,100,100087,100,99896,100,100097,100,99889,100,100121,200,99877,100,100123,100,99875,100
2019-06-28 09:39:08.473163756,100034,266,100017,183,100038,266,99935,266,100050,100,99924,100,100066,100,99911,100,100072,100,99905,100,100079,100,99901,100,100087,100,99896,100,100097,100,99889,100,100121,200,99877,100,100123,100,99875,100
2019-06-28 09:39:10.000000000,100034,266,100017,183,100038,266,99935,266,100050,100,99924,100,100066,100,99911,100,100072,100,99905,100,100079,100,99901,100,100087,100,99896,100,100097,100,99889,100,100121,200,99877,100,100123,100,99875,100
2019-06-28 09:39:19.525330976,100034,266,100017,283,100038,266,99935,266,100050,100,99924,100,100066,100,99911,100,100072,100,99905,100,100079,100,99901,100,100087,100,99896,100,100097,100,99889,100,100121,200,99877,100,100123,100,99875,100
2019-06-28 09:39:20.000000000,100034,266,100017,283,100038,266,99935,266,100050,100,99924,100,100066,100,99911,100,100072,100,99905,100,100079,100,99901,100,100087,100,99896,100,100097,100,99889,100,100121,200,99877,100,100123,100,99875,100
2019-06-28 09:39:30.000000000,100034,183,100017,200,100038,183,99935,183,100050,183,99924,183,100066,183,99911,183,100072,100,99905,100,100079,100,99901,100,100087,100,99896,100,100097,100,99889,100,100121,200,99877,100,100123,100,99875,100
2019-06-28 09:39:39.655062555,100034,183,100017,200,100038,183,99935,183,100050,183,99924,183,100066,183,99911,183,100072,100,99905,100,100079,100,99901,100,100087,100,99896,100,100097,100,99889,100,100121,200,99877,100,100123,100,99875,100
2019-06-28 09:39:40.000000000,100034,183,100017,200,100038,183,99935,183,100050,183,99924,183,100066,183,99911,183,100072,100,99905,100,100079,100,99901,100,100087,100,99896,100,100097,100,99889,100,100121,200,99877,100,100123,100,99875,100
2019-06-28 09:39:41.756948254,100034,83,100017,200,100038,183,99935,183,100050,183,99924,183,100066,183,99911,183,100072,100,99905,100,100079,100,99901,100,100087,100,99896,100,100097,100,99889,100,100121,200,99877,100,100123,100,99875,100
2019-06-28 09:39:50.000000000,100038,432,100017,449,100050,100,99935,100,100066,100,99924,100,100072,100,99911,100,100079,100,99905,100,100087,100,99901,100,100097,100,99896,100,100121,200,99889,100,100123,100,99877,100,100132,100,99875,100
2019-06-28 09:39:52.022614388,100038,332,100017,449,100050,100,99935,100,100066,100,99924,100,100072,100,99911,100,100079,100,99905,100,100087,100,99901,100,100097,100,99896,100,100121,200,99889,100,100123,100,99877,100,100132,100,99875,100
2019-06-28 09:39:52.226106507,100038,332,100017,449,100050,100,99935,100,100066,100,99924,100,100072,100,99911,100,100079,100,99905,100,100087,100,99901,100,100121,200,99896,100,100123,100,99889,100,100132,100,99877,100,100223,100,99875,100
2019-06-28 09:40:00.000000000,100050,213,100017,230,100066,210,99935,210,100072,210,99924,210,100079,100,99911,100,100087,100,99905,100,100121,200,99901,100,100123,100,99896,100,100132,100,99889,100,100223,100,99877,100,101057,100,99875,100
2019-06-28 09:40:10.000000000,100050,183,100017,200,100066,183,99935,183,100072,183,99924,183,100079,183,99911,183,100087,100,99905,100,100121,200,99901,100,100123,100,99896,100,100132,100,99889,100,100223,100,99877,100,101057,100,99875,100
2019-06-28 09:40:20.000000000,100050,432,100017,449,100066,100,99935,100,100072,100,99924,100,100079,100,99911,100,100087,100,99905,100,100121,200,99901,100,100123,100,99896,100,100132,100,99889,100,100223,100,99877,100,101057,100,99875,100
2019-06-28 09:40:24.399457469,100050,332,100017,449,100066,100,99935,100,100072,100,99924,100,100079,100,99911,100,100087,100,99905,100,100121,200,99901,100,100123,100,99896,100,100132,100,99889,100,100223,100,99877,100,101057,100,99875,100
2019-06-28 09:40:30.000000000,100066,166,100017,183,100072,166,99935,166,100079,166,99924,166,100087,166,99911,166,100121,266,99905,166,100123,100,99901,100,100132,100,99896,100,100223,100,99889,100,101057,100,99877,100,101182,100,99875,100
2019-06-28 09:40:40.000000000,100066,166,100017,183,100072,166,99935,166,100079,166,99924,166,100087,166,99911,166,100121,266,99905,166,100123,100,99901,100,100132,100,99896,100,100223,100,99889,100,101057,100,99877,100,101182,100,99875,100
2019-06-28 09:40:44.552294212,100066,166,100017,183,100072,166,99935,166,100079,166,99924,166,100087,166,99911,166,100121,266,99905,166,100123,100,99901,100,100132,100,99896,100,100223,100,99889,100,100955,100,99877,100,101057,100,99875,100
2019-06-28 09:40:50.000000000,100066,213,100017,230,100072,210,99935,210,100079,210,99924,210,100087,100,99911,100,100121,200,99905,100,100123,100,99901,100,100132,100,99896,100,100223,100,99889,100,100955,100,99877,100,101057,100,99875,100
2019-06-28 09:41:00.000000000,100066,266,100017,283,100072,266,99935,266,100079,100,99924,100,100087,100,99911,100,100121,200,99905,100,100123,100,99901,100,100132,100,99896,100,100223,100,99889,100,100955,100,99877,100,101057,100,99875,100
2019-06-28 09:41:01.006950059,100066,266,100017,283,100072,266,99935,266,100079,100,99924,100,100087,100,99911,100,100121,200,99905,100,100123,100,99901,100,100132,100,99896,100,100223,100,99889,100,100808,100,99877,100,101057,100,99875,100
2019-06-28 09:41:10.000000000,100066,432,100017,449,100072,100,99935,100,100079,100,99924,100,100087,100,99911,100,100121,200,99905,100,100123,100,99901,100,100132,100,99896,100,100223,100,99889,100,100808,100,99877,100,101057,100,99875,100
2019-06-28 09:41:20.000000000,100066,432,100017,449,100072,100,99935,100,100079,100,99924,100,100087,100,99911,100,100121,200,99905,100,100123,100,99901,100,100132,100,99896,100,100223,100,99889,100,100808,100,99877,100,101057,100,99875,100
2019-06-28 09:41:23.117111784,100066,432,100017,449,100072,100,99935,100,100079,100,99924,100,100087,100,99911,100,100121,200,99905,100,100123,100,99901,100,100132,100,99896,100,100223,100,99889,100,100799,100,99877,100,100808,100,99875,100
2019-06-28 09:41:28.256001392,100066,332,100017,449,100072,100,99935,100,100079,100,99924,100,100087,100,99911,100,100121,200,99905,100,100123,100,99901,100,100132,100,99896,100,100223,100,99889,100,100799,100,99877,100,100808,100,99875,100
2019-06-28 09:41:30.000000000,100072,432,100017,449,100079,100,99935,100,100087,100,99924,100,100121,200,99911,100,100123,100,99905,100,100132,100,99901,100,100223,100,99896,100,100799,100,99889,100,100808,100,99877,100,101182,100,99875,100
2019-06-28 09:41:31.405714360,100072,432,100017,449,100079,100,99935,100,100087,100,99924,100,100121,200,99911,100,100123,100,99905,100,100132,100,99901,100,100223,100,99896,100,100769,100,99889,100,100799,100,99877,100,100808,100,99875,100
2019-06-28 09:41:35.833493482,100072,432,100017,449,100079,100,99935,100,100087,100,99924,100,100121,200,99911,100,100123,100,99905,100,100132,100,99901,100,100223,100,99896,100,100765,100,99889,100,100769,100,99877,100,100799,100,99875,100
2019-06-28 09:41:40.000000000,100072,432,100017,449,100079,100,99935,100,100087,100,99924,100,100121,200,99911,100,100123,100,99905,100,100132,100,99901,100,100223,100,99896,100,100765,100,99889,100,100769,100,99877,100,100799,100,99875,100
2019-06-28 09:41:50.000000000,100072,432,100017,449,100079,100,99935,100,100087,100,99924,100,100121,200,99911,100,100123,100,99905,100,100132,100,99901,100,100223,100,99896,100,100765,100,99889,100,100769,100,99877,100,100799,100,99875,100
2019-06-28 09:41:59.651916776,100072,332,100017,449,100079,100,99935,100,100087,100,99924,100,100121,200,99911,100,100123,100,99905,100,100132,100,99901,100,100223,100,99896,100,100765,100,99889,100,100769,100,99877,100,100799,100,99875,100
2019-06-28 09:42:00.000000000,100079,213,100017,230,100087,210,99935,210,100121,310,99924,210,100123,100,99911,100,100132,100,99905,100,100223,100,99901,100,100765,100,99896,100,100769,100,99889,100,100799,100,99877,100,100808,100,99875,100
2019-06-28 09:42:00.827883878,100079,213,100017,230,100087,210,99935,210,100121,310,99924,210,100123,100,99911,100,100132,100,99905,100,100223,100,99901,100,100647,100,99896,100,100765,100,99889,100,100769,100,99877,100,100808,100,99875,100
2019-06-28 09:42:04.314282908,100079,213,100066,100,100087,210,100017,230,100121,310,99935,210,100123,100,99924,210,100132,100,99911,100,100223,100,99905,100,100647,100,99901,100,100765,100,99896,100,100769,100,99889,100,100808,100,99877,100
2019-06-28 09:42:10.000000000,100079,183,100066,183,100087,183,100017,200,100121,283,99935,183,100123,183,99924,183,100132,100,99911,100,100223,100,99905,100,100647,100,99901,100,100765,100,99896,100,100769,100,99889,100,100808,100,99877,100
2019-06-28 09:42:12.252221054,100079,83,100066,183,100087,183,100017,200,100121,283,99935,183,100123,183,99924,183,100132,100,99911,100,100223,100,99905,100,100647,100,99901,100,100765,100,99896,100,100769,100,99889,100,100808,100,99877,100
2019-06-28 09:42:16.403392876,100079,83,100066,183,100087,183,100017,100,100121,283,99935,183,100123,183,99924,183,100132,100,99911,100,100223,100,99905,100,100647,100,99901,100,100765,100,99896,100,100769,100,99889,100,100808,100,99877,100
2019-06-28 09:42:20.000000000,100087,166,100066,166,100121,266,100017,83,100123,166,99935,166,100132,166,99924,166,100223,166,99911,166,100647,100,99905,100,100765,100,99901,100,100769,100,99896,100,100808,100,99889,100,101182,100,99877,100
2019-06-28 09:42:22.882323108,100087,166,100066,166,100121,266,100017,83,100123,166,99935,66,100132,166,99924,166,100223,166,99911,166,100466,100,99905,100,100647,100,99901,100,100765,100,99896,100,100769,100,99889,100,100808,100,99877,100
2019-06-28 09:42:23.873081946,100087,166,100066,166,100121,266,100017,83,100123,166,99935,66,100132,66,99924,166,100223,166,99911,166,100466,100,99905,100,100495,100,99901,100,100647,100,99896,100,100765,100,99889,100,100769,100,99877,100
2019-06-28 09:42:30.000000000,100087,213,100066,213,100121,310,100017,127,100123,210,99924,210,100223,100,99911,100,100466,100,99905,100,100495,100,99901,100,100647,100,99896,100,100765,100,99889,100,100769,100,99877,100,100808,100,99875,100
2019-06-28 09:42:40.000000000,100087,166,100066,166,100121,266,100017,83,100123,166,99924,166,100223,166,99911,166,100466,166,99905,166,100495,100,99901,100,100647,100,99896,100,100765,100,99889,100,100769,100,99877,100,100808,100,99875,100
2019-06-28 09:42:50.000000000,100087,166,100066,166,100121,266,100017,83,100123,166,99924,166,100223,166,99911,166,100466,166,99905,166,100495,100,99901,100,100647,100,99896,100,100765,100,99889,100,100769,100,99877,100,100808,100,99875,100
2019-06-28 09:43:00.000000000,100087,166,100066,166,100121,266,100017,83,100123,166,99924,166,100223,166,99911,166,100466,166,99905,166,100495,100,99901,100,100647,100,99896,100,100765,100,99889,100,100769,100,99877,100,100808,100,99875,100
2019-06-28 09:43:00.959852665,100087,166,100066,166,100121,266,100017,83,100123,166,99924,166,100223,166,99911,166,100466,166,99905,166,100495,200,99901,100,100647,100,99896,100,100765,100,99889,100,100769,100,99877,100,100808,100,99875,100
2019-06-28 09:43:04.414933717,100087,66,100066,166,100121,266,100017,83,100123,166,99924,166,100223,166,99911,166,100466,166,99905,166,100495,200,99901,100,100765,100,99896,100,100769,100,99889,100,100808,100,99877,100,101182,100,99875,100
2019-06-28 09:43:09.661099758,100121,266,100087,34,100123,166,100066,166,100223,166,100017,83,100466,166,99924,166,100495,200,99911,166,100765,100,99905,166,100769,100,99901,100,100808,100,99896,100,101182,100,99889,100,101219,100,99877,100
2019-06-28 09:43:10.000000000,100121,532,100087,366,100123,100,100066,100,100223,100,100017,17,100466,100,99924,100,100495,200,99911,100,100765,100,99905,100,100769,100,99901,100,100808,100,99896,100,101182,100,99889,100,101219,100,99877,100
2019-06-28 09:43:17.040040670,100121,532,100115,100,100123,100,100087,366,100223,100,100066,100,100466,100,100017,17,100495,200,99924,100,100765,100,99911,100,100808,100,99905,100,101182,100,99901,100,101219,100,99896,100,,,99889,100
2019-06-28 09:43:20.000000000,100121,266,100115,166,100123,166,100087,100,100223,166,100066,166,100466,166,100017,83,100495,266,99924,166,100765,100,99911,100,100808,100,99905,100,101182,100,99901,100,101219,100,99896,100,,,99889,100
2019-06-28 09:43:30.000000000,100121,283,100115,183,100123,183,100087,117,100223,183,100066,183,100466,183,100017,100,100495,200,99924,100,100765,100,99911,100,100808,100,99905,100,101182,100,99901,100,101219,100,99896,100,,,99889,100
2019-06-28 09:43:40.000000000,100121,283,100115,183,100123,183,100087,117,100223,183,100066,183,100466,183,100017,100,100495,200,99924,100,100765,100,99911,100,100808,100,99905,100,101182,100,99901,100,101219,100,99896,100,,,99889,100
2019-06-28 09:43:42.224816102,100121,283,100115,183,100123,183,100087,117,100223,183,100066,183,100239,100,100017,100,100466,183,99924,100,100495,200,99911,100,100765,100,99905,100,100808,100,99901,100,101182,100,99896,100,101219,100,99889,100
2019-06-28 09:43:50.000000000,100121,366,100115,266,100123,266,100087,200,100223,100,100066,100,100239,100,100017,17,100466,100,99924,100,100495,200,99911,100,100765,100,99905,100,100808,100,99901,100,101182,100,99896,100,101219,100,99889,100
2019-06-28 09:43:57.395005536,100121,366,100115,266,100123,266,100087,300,100223,100,100066,100,100239,100,100017,17,100466,100,99924,100,100495,200,99911,100,100765,100,99905,100,100808,100,99901,100,101182,100,99896,100,101219,100,99889,100
2019-06-28 09:44:00.000000000,100121,283,100115,183,100123,183,100087,217,100223,183,100066,183,100239,183,100017,100,100466,100,99924,100,100495,200,99911,100,100765,100,99905,100,100808,100,99901,100,101182,100,99896,100,101219,100,99889,100
2019-06-28 09:44:01.089167802,100121,283,100115,183,100123,183,100087,217,100223,183,100066,183,100239,183,100017,100,100390,100,99924,100,100466,100,99911,100,100495,200,99905,100,100765,100,99901,100,100808,100,99896,100,101182,100,99889,100
2019-06-28 09:44:05.193584734,100121,283,100115,183,100123,183,100087,217,100223,183,100066,83,100239,183,100017,100,100390,100,99924,100,100466,100,99911,100,100495,200,99905,100,100765,100,99901,100,100808,100,99896,100,101182,100,99889,100
2019-06-28 09:44:10.000000000,100121,532,100115,432,100123,100,100087,134,100223,100,100017,17,100239,100,99924,100,100390,100,99911,100,100466,100,99905,100,100495,200,99901,100,100765,100,99896,100,100808,100,99889,100,101182,100,99875,100
2019-06-28 09:44:18.432052043,100121,432,100115,432,100123,100,100087,134,100223,100,100017,17,100239,100,99924,100,100390,100,99911,100,100466,100,99905,100,100495,200,99901,100,100765,100,99896,100,100808,100,99889,100,101182,100,99875,100
2019-06-28 09:44:20.000000000,100121,183,100115,183,100123,183,100087,217,100223,183,100017,100,100239,183,99924,183,100390,100,99911,100,100466,100,99905,100,100495,200,99901,100,100765,100,99896,100,100808,100,99889,100,101182,100,99875,100
2019-06-28 09:44:30.000000000,100121,266,100115,266,100123,266,100087,300,100223,100,100017,17,100239,100,99924,100,100390,100,99911,100,100466,100,99905,100,100495,200,99901,100,100765,100,99896,100,100808,100,99889,100,101182,100,99875,100
2019-06-28 09:44:40.000000000,100121,183,100115,183,100123,183,100087,217,100223,183,100017,100,100239,183,99924,183,100390,100,99911,100,100466,100,99905,100,100495,200,99901,100,100765,100,99896,100,100808,100,99889,100,101182,100,99875,100
2019-06-28 09:44:42.218604571,100121,183,100115,183,100123,183,100087,217,100223,183,100017,100,100239,183,99924,183,100390,100,99911,100,100444,100,99905,100,100466,100,99901,100,100495,200,99896,100,100808,100,99889,100,101182,100,99875,100
2019-06-28 09:44:50.000000000,100121,166,100115,166,100123,166,100087,200,100223,166,100017,83,100239,166,99924,166,100390,166,99911,166,100444,100,99905,100,100466,100,99901,100,100495,200,99896,100,100808,100,99889,100,101182,100,99875,100
2019-06-28 09:44:51.952469859,100121,166,100115,166,100123,166,100087,200,100223,166,100075,100,100239,166,100017,83,100390,166,99924,166,100444,100,99911,166,100466,100,99905,100,100495,100,99901,100,100808,100,99896,100,101182,100,99889,100
2019-06-28 09:44:57.659758124,100121,66,100115,166,100123,166,100087,200,100223,166,100075,100,100239,166,100017,83,100390,166,99924,166,100444,100,99911,166,100466,100,99905,100,100495,100,99901,100,100808,100,99896,100,101182,100,99889,100
2019-06-28 09:44:57.939342908,100121,66,100116,100,100123,166,100115,166,100223,166,100087,200,100239,166,100075,100,100390,166,100017,83,100444,100,99924,166,100466,100,99911,166,100495,100,99905,100,100808,100,99901,100,101182,100,99896,100
2019-06-28 09:45:00.000000000,100123,183,100116,183,100223,183,100115,183,100239,183,100087,217,100390,183,100075,183,100444,100,100017,17,100466,100,99924,100,100495,100,99911,100,100808,100,99905,100,101182,100,99901,100,101219,100,99896,100
2019-06-28 09:45:10.000000000,100123,183,100116,183,100223,183,100115,183,100239,183,100087,217,100390,183,100075,183,100444,100,100017,17,100466,100,99924,100,100495,100,99911,100,100808,100,99905,100,101182,100,99901,100,101219,100,99896,100
2019-06-28 09:45:18.332311197,100120,100,100116,183,100123,183,100115,183,100223,183,100087,217,100239,183,100075,183,100390,183,100017,17,100444,100,99924,100,100466,100,99905,100,100495,100,99901,100,100808,100,99896,100,101182,100,99889,100
2019-06-28 09:45:18.940555480,100120,100,100116,183,100123,183,100115,183,100223,183,100087,217,100239,183,100075,183,100390,183,100017,17,100444,100,99924,100,100466,100,99905,100,100495,100,99901,100,100808,100,99896,100,101182,100,99889,100
2019-06-28 09:45:20.000000000,100120,166,100116,166,100123,166,100115,166,100223,166,100087,200,100239,166,100075,166,100390,166,100017,83,100444,100,99924,100,100466,100,99905,100,100495,100,99901,100,100808,100,99896,100,101182,100,99889,100
2019-06-28 09:45:22.398490003,100120,166,100116,166,100123,166,100115,166,100223,166,100087,200,100239,166,100075,166,100390,166,100017,83,100444,100,99972,100,100466,100,99924,100,100808,100,99905,100,101182,100,99901,100,101219,100,99896,100
2019-06-28 09:45:25.951797778,100120,166,100116,166,100123,166,100115,166,100144,100,100087,200,100223,166,100075,166,100239,166,100017,83,100390,166,99972,100,100444,100,99924,100,100466,100,99905,100,100808,100,99901,100,101182,100,99896,100
2019-06-28 09:45:30.000000000,100120,432,100116,432,100123,100,100115,100,100144,100,100087,134,100223,100,100075,100,100239,100,100017,17,100390,100,99972,100,100444,100,99924,100,100466,100,99905,100,100808,100,99901,100,101182,100,99896,100
2019-06-28 09:45:40.000000000,100120,213,100116,213,100123,210,100115,210,100144,210,100087,244,100223,100,100075,100,100239,100,100017,17,100390,100,99972,100,100444,100,99924,100,100466,100,99905,100,100808,100,99901,100,101182,100,99896,100
2019-06-28 09:45:47.105557048,100120,313,100116,213,100123,210,100115,210,100144,210,100087,244,100223,100,100075,100,100239,100,100017,17,100390,100,99972,100,100444,100,99924,100,100466,100,99905,100,100808,100,99901,100,101182,100,99896,100
2019-06-28 09:45:50.000000000,100120,532,100116,432,100123,100,100115,100,100144,100,100087,134,100223,100,100075,100,100239,100,100017,17,100390,100,99972,100,100444,100,99924,100,100466,100,99905,100,100808,100,99901,100,101182,100,99896,100
2019-06-28 09:45:50.871062849,100120,532,100116,332,100123,100,100115,100,100144,100,100087,134,100223,100,100075,100,100239,100,100017,17,100390,100,99972,100,100444,100,99924,100,100466,100,99905,100,100808,100,99901,100,101182,100,99896,100
2019-06-28 09:45:57.578967753,100120,532,100116,232,100123,100,100115,100,100144,100,100087,134,100223,100,100075,100,100239,100,100017,17,100390,100,99972,100,100444,100,99924,100,100808,100,99905,100,101182,100,99901,100,101219,100,99896,100
2019-06-28 09:46:00.000000000,100120,266,100115,166,100123,166,100087,200,100144,166,100075,166,100223,166,100017,83,100239,166,99972,166,100390,100,99924,100,100444,100,99905,100,100808,100,99901,100,101182,100,99896,100,101219,100,99889,100
2019-06-28 09:46:00.737621279,100120,266,100115,166,100123,166,100087,200,100144,166,100075,166,100223,166,100017,66,100239,166,99972,166,100390,100,99924,100,100444,100,99905,100,100808,100,99901,100,101182,100,99896,100,101219,100,99889,100
2019-06-28 09:46:10.000000000,100120,532,100115,432,100123,100,100087,134,100144,100,100075,100,100223,100,99972,100,100239,100,99924,100,100390,100,99905,100,100444,100,99901,100,100808,100,99896,100,101182,100,99889,100,101219,100,99875,100
2019-06-28 09:46:10.375398642,100116,100,100115,432,100120,532,100087,134,100123,100,100075,100,100144,100,99972,100,100223,100,99924,100,100239,100,99905,100,100390,100,99901,100,100444,100,99896,100,100808,100,99889,100,101182,100,99875,100
2019-06-28 09:46:20.000000000,100116,266,100115,266,100120,366,100087,300,100123,100,100075,100,100144,100,99972,100,100223,100,99924,100,100239,100,99905,100,100390,100,99901,100,100444,100,99896,100,100808,100,99889,100,101182,100,99875,100
2019-06-28 09:46:27.696876484,100116,266,100115,166,100120,366,100087,300,100123,100,100075,100,100144,100,99972,100,100223,100,99924,100,100239,100,99905,100,100390,100,99901,100,100444,100,99896,100,100808,100,99889,100,101182,100,99875,100
2019-06-28 09:46:29.824064635,100116,266,100115,166,100120,366,100087,300,100123,100,100075,100,100144,100,99972,100,100223,100,99924,100,100239,100,99905,100,100390,100,99901,100,100444,100,99896,100,100808,100,99889,100,101182,100,99828,100
2019-06-28 09:46:30.000000000,100116,183,100087,217,100120,283,100075,183,100123,183,99972,183,100144,183,99924,183,100223,100,99905,100,100239,100,99901,100,100390,100,99896,100,100444,100,99889,100,100808,100,99828,100,101182,100,99745,100
2019-06-28 09:46:37.892400085,100116,183,100087,217,100120,283,100075,183,100123,83,99972,183,100144,183,99924,183,100223,100,99905,100,100239,100,99901,100,100390,100,99896,100,100444,100,99889,100,100808,100,99828,100,101182,100,99745,100
2019-06-28 09:46:40.000000000,100116,213,100087,247,100120,310,100075,210,100144,210,99972,210,100223,100,99924,100,100239,100,99905,100,100390,100,99901,100,100444,100,99896,100,100808,100,99889,100,101182,100,99828,100,101219,100,99745,100
2019-06-28 09:46:49.019503327,100115,100,100087,247,100116,213,100075,210,100120,310,99972,210,100144,210,99924,100,100223,100,99905,100,100239,100,99901,100,100390,100,99896,100,100444,100,99889,100,100808,100,99828,100,101182,100,99745,100
2019-06-28 09:46:50.000000000,100115,213,100087,247,100116,210,100075,210,100120,310,99972,210,100144,100,99924,100,100223,100,99905,100,100239,100,99901,100,100390,100,99896,100,100444,100,99889,100,100808,100,99828,100,101182,100,99745,100
2019-06-28 09:46:52.301358045,100115,313,100087,247,100116,110,100075,210,100120,310,99972,210,100144,100,99924,100,100223,100,99905,100,100239,100,99901,100,100390,100,99896,100,100444,100,99889,100,100808,100,99828,100,101182,100,99745,100
2019-06-28 09:46:56.256078377,100115,313,100087,147,100116,110,100075,210,100120,310,99972,210,100144,100,99924,100,100223,100,99905,100,100239,100,99901,100,100390,100,99896,100,100808,100,99889,100,101182,100,99828,100,101219,100,99745,100
2019-06-28 09:47:00.000000000,100115,532,100087,366,100120,200,100075,100,100144,100,99972,100,100223,100,99924,100,100239,100,99905,100,100390,100,99901,100,100808,100,99896,100,101182,100,99889,100,101219,100,99828,100,,,99745,100
2019-06-28 09:47:03.717261478,100114,100,100087,366,100115,432,100075,100,100120,200,99972,100,100144,100,99924,100,100223,100,99905,100,100239,100,99901,100,100390,100,99896,100,100808,100,99889,100,101182,100,99828,100,101219,100,99745,100
2019-06-28 09:47:03.894444990,100114,100,100087,266,100115,432,100075,100,100120,200,99972,100,100144,100,99924,100,100223,100,99905,100,100239,100,99901,100,100390,100,99896,100,100808,100,99828,100,101182,100,99745,100,101219,100,99730,100
2019-06-28 09:47:10.000000000,100114,213,100075,213,100115,210,99972,210,100120,310,99924,210,100144,100,99905,100,100223,100,99901,100,100239,100,99896,100,100390,100,99828,100,100808,100,99745,100,101182,100,99730,100,101219,100,99683,100
2019-06-28 09:47:13.981609285,100087,100,100075,213,100114,213,99972,210,100115,210,99924,210,100120,310,99905,100,100144,100,99901,100,100223,100,99896,100,100239,100,99828,100,100390,100,99745,100,100808,100,99730,100,101182,100,99683,100
2019-06-28 09:47:20.000000000,100087,213,100075,213,100114,210,99972,210,100115,210,99924,210,100120,200,99905,100,100144,100,99901,100,100223,100,99896,100,100239,100,99828,100,100390,100,99745,100,100808,100,99730,100,101182,100,99683,100
2019-06-28 09:47:30.000000000,100087,432,100075,432,100114,100,99972,100,100115,100,99924,100,100120,200,99905,100,100144,100,99901,100,100223,100,99896,100,100239,100,99828,100,100390,100,99745,100,100808,100,99730,100,101182,100,99683,100
2019-06-28 09:47:40.000000000,100087,266,100075,266,100114,266,99972,266,100115,100,99924,100,100120,200,99905,100,100144,100,99901,100,100223,100,99896,100,100239,100,99828,100,100390,100,99745,100,100808,100,99730,100,101182,100,99683,100
2019-06-28 09:47:46.357595541,100087,266,100075,266,100114,266,99972,266,100115,100,99924,100,100120,100,99905,100,100144,100,99901,100,100223,100,99896,100,100239,100,99828,100,100390,100,99745,100,100808,100,99730,100,101182,100,99683,100
2019-06-28 09:47:50.000000000,100087,432,100075,432,100114,100,99972,100,100115,100,99924,100,100120,100,99905,100,100144,100,99901,100,100223,100,99896,100,100239,100,99828,100,100390,100,99745,100,100808,100,99730,100,101182,100,99683,100
2019-06-28 09:48:00.000000000,100087,166,100075,166,100114,166,99972,166,100115,166,99924,166,100120,166,99905,166,100144,166,99901,166,100223,100,99896,100,100239,100,99828,100,100390,100,99745,100,100808,100,99730,100,101182,100,99683,100
2019-06-28 09:48:02.458551825,100075,34,99972,166,100087,166,99924,166,100114,166,99905,166,100115,166,99901,166,100120,166,99896,100,100144,166,99828,100,100223,100,99745,100,100239,100,99730,100,100390,100,99683,100,100808,100,99544,100
2019-06-28 09:48:09.832235108,100075,34,99972,166,100087,166,99924,166,100114,166,99905,166,100115,166,99901,166,100120,166,99896,100,100144,166,99828,100,100223,100,99745,100,100239,100,99730,100,100390,100,99683,100,100808,100,99544,100
2019-06-28 09:48:10.000000000,100075,366,99972,432,100087,100,99924,100,100114,100,99905,100,100115,100,99901,100,100120,100,99896,100,100144,100,99828,100,100223,100,99745,100,100239,100,99730,100,100390,100,99683,100,100808,100,99544,100
2019-06-28 09:48:20.000000000,100075,117,99972,183,100087,183,99924,183,100114,183,99905,183,100115,183,99901,183,100120,100,99896,100,100144,100,99828,100,100223,100,99745,100,100239,100,99730,100,100390,100,99683,100,100808,100,99544,100
2019-06-28 09:48:23.082041677,100075,117,99972,83,100087,183,99924,183,100114,183,99905,183,100115,183,99901,183,100120,100,99896,100,100144,100,99828,100,100223,100,99745,100,100239,100,99730,100,100390,100,99683,100,100808,100,99544,100
2019-06-28 09:48:24.334571868,100074,100,99972,83,100075,117,99924,183,100087,183,99905,183,100114,183,99901,183,100115,183,99896,100,100120,100,99828,100,100144,100,99745,100,100223,100,99730,100,100239,100,99683,100,100390,100,99544,100
2019-06-28 09:48:30.000000000,100074,183,99924,183,100075,117,99905,183,100087,183,99901,183,100114,183,99896,183,100115,100,99828,100,100120,100,99745,100,100144,100,99730,100,100223,100,99683,100,100239,100,99544,100,100390,100,99311,100
2019-06-28 09:48:40.000000000,100074,266,99924,266,100075,200,99905,266,100087,100,99901,100,100114,100,99896,100,100115,100,99828,100,100120,100,99745,100,100144,100,99730,100,100223,100,99683,100,100239,100,99544,100,100390,100,99311,100
2019-06-28 09:48:48.966487372,100074,266,99924,266,100075,200,99905,266,100087,100,99901,100,100114,100,99896,100,100115,100,99828,100,100120,100,99745,100,100144,100,99730,100,100223,100,99683,100,100239,100,99544,100,100390,100,99311,100
2019-06-28 09:48:50.000000000,100074,183,99924,183,100075,117,99905,183,100087,183,99901,183,100114,183,99896,183,100115,100,99828,100,100120,100,99745,100,100144,100,99730,100,100223,100,99683,100,100239,100,99544,100,100390,100,99311,100
2019-06-28 09:48:51.648245951,100074,283,99924,183,100075,117,99905,183,100087,183,99901,183,100114,183,99896,183,100115,100,99828,100,100120,100,99745,100,100144,100,99730,100,100223,100,99683,100,100239,100,99544,100,100390,100,99311,100
2019-06-28 09:49:00.000000000,100074,266,99924,166,100075,100,99905,166,100087,166,99901,166,100114,166,99896,166,100115,166,99828,166,100120,100,99745,100,100144,100,99730,100,100223,100,99683,100,100239,100,99544,100,100390,100,99311,100
2019-06-28 09:49:04.762117346,100074,266,99924,166,100075,100,99905,166,100087,166,99901,166,100114,166,99896,166,100115,166,99828,166,100120,100,99745,100,100144,100,99730,100,100223,100,99683,100,100239,100,99548,100,100390,100,99544,100
2019-06-28 09:49:10.000000000,100074,283,99924,183,100075,117,99905,183,100087,183,99901,183,100114,183,99896,183,100115,100,99828,100,100120,100,99745,100,100144,100,99730,100,100223,100,99683,100,100239,100,99548,100,100390,100,99544,100
2019-06-28 09:49:19.911820621,100074,283,99924,183,100075,117,99905,183,100087,183,99901,183,100114,183,99896,183,100115,100,99828,100,100120,100,99745,100,100144,100,99730,100,100223,100,99683,100,100239,100,99548,100,100390,100,99544,100
2019-06-28 09:49:20.000000000,100074,283,99924,183,100075,117,99905,183,100087,183,99901,183,100114,183,99896,183,100115,100,99828,100,100120,100,99745,100,100144,100,99730,100,100223,100,99683,100,100239,100,99548,100,100390,100,99544,100
2019-06-28 09:49:21.550847803,100074,283,99924,83,100075,117,99905,183,100087,183,99901,183,100114,183,99896,183,100115,100,99828,100,100120,100,99745,100,100144,100,99730,100,100223,100,99683,100,100239,100,99548,100,100390,100,99544,100
2019-06-28 09:49:30.000000000,100074,266,99905,166,100075,100,99901,166,100087,166,99896,166,100114,166,99828,166,100115,166,99745,166,100120,100,99730,100,100144,100,99683,100,100223,100,99548,100,100239,100,99544,100,100390,100,99311,100
2019-06-28 09:49:40.000000000,100074,366,99905,266,100075,200,99901,266,100087,100,99896,100,100114,100,99828,100,100115,100,99745,100,100120,100,99730,100,100144,100,99683,100,100223,100,99548,100,100239,100,99544,100,100390,100,99311,100
2019-06-28 09:49:44.256293124,99972,100,99905,266,100074,366,99901,266,100075,200,99896,100,100087,100,99828,100,100114,100,99745,100,100115,100,99730,100,100120,100,99683,100,100144,100,99548,100,100223,100,99544,100,100239,100,99311,100
2019-06-28 09:49:50.000000000,99972,213,99905,213,100074,310,99901,210,100075,144,99896,210,100087,100,99828,100,100114,100,99745,100,100115,100,99730,100,100120,100,99683,100,100144,100,99548,100,100223,100,99544,100,100239,100,99311,100
2019-06-28 09:49:52.748550505,99972,213,99905,213,100074,310,99901,210,100075,144,99896,210,100087,100,99828,100,100114,100,99745,100,100115,100,99730,100,100120,100,99683,100,100144,100,99548,100,100223,100,99544,100,100239,100,99311,100
2019-06-28 09:50:00.000000000,99972,213,99905,213,100074,310,99901,210,100075,144,99896,210,100087,100,99828,100,100114,100,99745,100,100115,100,99730,100,100120,100,99683,100,100144,100,99548,100,100223,100,99544,100,100239,100,99311,100
2019-06-28 09:50:00.832874572,99972,213,99905,213,100074,310,99901,210,100075,144,99896,210,100087,100,99828,100,100114,100,99730,100,100115,100,99683,100,100120,100,99548,100,100144,100,99544,100,100223,100,99311,100,100239,100,99228,100
2019-06-28 09:50:10.000000000,99972,266,99905,266,100074,366,99901,266,100075,34,99896,100,100087,100,99828,100,100114,100,99730,100,100115,100,99683,100,100120,100,99548,100,100144,100,99544,100,100223,100,99311,100,100239,100,99228,100
2019-06-28 09:50:20.000000000,99972,183,99905,183,100074,283,99901,183,100075,117,99896,183,100087,183,99828,183,100114,100,99730,100,100115,100,99683,100,100120,100,99548,100,100144,100,99544,100,100223,100,99311,100,100239,100,99228,100
2019-06-28 09:50:30.000000000,99972,266,99905,266,100074,366,99901,266,100075,34,99896,100,100087,100,99828,100,100114,100,99730,100,100115,100,99683,100,100120,100,99548,100,100144,100,99544,100,100223,100,99311,100,100239,100,99228,100
2019-06-28 09:50:33.181680354,99972,266,99905,266,100074,366,99901,266,100075,34,99896,100,100087,100,99828,100,100114,100,99730,100,100115,100,99683,100,100120,100,99548,100,100144,100,99544,100,100149,100,99311,100,100223,100,99228,100
2019-06-28 09:50:40.000000000,99972,166,99905,166,100074,266,99901,166,100075,100,99896,166,100087,166,99828,166,100114,166,99730,166,100115,100,99683,100,100120,100,99548,100,100144,100,99544,100,100149,100,99311,100,100223,100,99228,100
2019-06-28 09:50:50.000000000,99972,266,99905,266,100074,366,99901,266,100075,34,99896,100,100087,100,99828,100,100114,100,99730,100,100115,100,99683,100,100120,100,99548,100,100144,100,99544,100,100149,100,99311,100,100223,100,99228,100
2019-06-28 09:50:52.035097366,99972,166,99905,266,100074,366,99901,266,100075,34,99896,100,100087,100,99828,100,100114,100,99730,100,100115,100,99683,100,100120,100,99548,100,100144,100,99544,100,100149,100,99311,100,100223,100,99228,100
2019-06-28 09:51:00.000000000,100074,266,99905,166,100075,100,99901,166,100087,166,99896,166,100114,166,99828,166,100115,166,99730,166,100120,100,99683,100,100144,100,99548,100,100149,100,99544,100,100223,100,99311,100,100239,100,99228,100
2019-06-28 09:51:10.000000000,100074,366,99905,266,100075,200,99901,266,100087,100,99896,100,100114,100,99828,100,100115,100,99730,100,100120,100,99683,100,100144,100,99548,100,100149,100,99544,100,100223,100,99311,100,100239,100,99228,100
2019-06-28 09:51:13.815310622,100074,366,99905,266,100075,200,99901,266,100087,100,99896,100,100114,100,99828,100,100115,100,99752,100,100120,100,99730,100,100144,100,99683,100,100149,100,99548,100,100223,100,99544,100,100239,100,99311,100
2019-06-28 09:51:20.000000000,100074,283,99905,183,100075,117,99901,183,100087,183,99896,183,100114,183,99828,183,100115,100,99752,100,100120,100,99730,100,100144,100,99683,100,100149,100,99548,100,100223,100,99544,100,100239,100,99311,100
2019-06-28 09:51:30.000000000,100074,283,99905,183,100075,117,99901,183,100087,183,99896,183,100114,183,99828,183,100115,100,99752,100,100120,100,99730,100,100144,100,99683,100,100149,100,99548,100,100223,100,99544,100,100239,100,99311,100
2019-06-28 09:51:40.000000000,100074,366,99905,266,100075,200,99901,266,100087,100,99896,100,100114,100,99828,100,100115,100,99752,100,100120,100,99730,100,100144,100,99683,100,100149,100,99548,100,100223,100,99544,100,100239,100,99311,100
2019-06-28 09:51:50.000000000,100074,266,99905,166,100075,100,99901,166,100087,166,99896,166,100114,166,99828,166,100115,166,99752,166,100120,100,99730,100,100144,100,99683,100,100149,100,99548,100,100223,100,99544,100,100239,100,99311,100
2019-06-28 09:51:57.837692739,100074,266,99905,166,100075,100,99901,166,100087,166,99896,166,100114,166,99828,166,100115,66,99752,166,100120,100,99730,100,100144,100,99683,100,100149,100,99548,100,100223,100,99544,100,100239,100,99311,100
2019-06-28 09:52:00.000000000,100074,266,99905,166,100075,100,99901,166,100087,166,99896,166,100114,166,99828,166,100120,166,99752,166,100144,100,99730,100,100149,100,99683,100,100223,100,99548,100,100239,100,99544,100,100390,100,99311,100
2019-06-28 09:52:01.328835888,100074,266,99905,66,100075,100,99901,166,100087,166,99896,166,100114,166,99828,166,100120,166,99752,166,100134,100,99730,100,100144,100,99683,100,100149,100,99548,100,100223,100,99544,100,100239,100,99311,100
2019-06-28 09:52:03.918553247,100074,266,99905,66,100075,100,99901,166,100087,166,99896,166,100114,166,99828,166,100120,166,99752,166,100134,100,99730,100,100144,100,99683,100,100149,100,99548,100,100212,100,99544,100,100223,100,99311,100
2019-06-28 09:52:10.000000000,100074,283,99901,183,100075,117,99896,183,100087,183,99828,183,100114,183,99752,183,100120,100,99730,100,100134,100,99683,100,100144,100,99548,100,100149,100,99544,100,100212,100,99311,100,100223,100,99228,100
2019-06-28 09:52:20.000000000,100074,366,99901,266,100075,200,99896,266,100087,100,99828,100,100114,100,99752,100,100120,100,99730,100,100134,100,99683,100,100144,100,99548,100,100149,100,99544,100,100212,100,99311,100,100223,100,99228,100
2019-06-28 09:52:30.000000000,100074,366,99901,266,100075,200,99896,266,100087,100,99828,100,100114,100,99752,100,100120,100,99730,100,100134,100,99683,100,100144,100,99548,100,100149,100,99544,100,100212,100,99311,100,100223,100,99228,100
2019-06-28 09:52:40.000000000,100074,532,99901,432,100075,34,99896,100,100087,100,99828,100,100114,100,99752,100,100120,100,99730,100,100134,100,99683,100,100144,100,99548,100,100149,100,99544,100,100212,100,99311,100,100223,100,99228,100
2019-06-28 09:52:50.000000000,100074,313,99901,213,100075,144,99896,210,100087,210,99828,210,100114,100,99752,100,100120,100,99730,100,100134,100,99683,100,100144,100,99548,100,100149,100,99544,100,100212,100,99311,100,100223,100,99228,100
2019-06-28 09:53:00.000000000,100074,283,99901,183,100075,117,99896,183,100087,183,99828,183,100114,183,99752,183,100120,100,99730,100,100134,100,99683,100,100144,100,99548,100,100149,100,99544,100,100212,100,99311,100,100223,100,99228,100
2019-06-28 09:53:09.638619230,100074,283,99901,83,100075,117,99896,183,100087,183,99828,183,100114,183,99752,183,100120,100,99730,100,100134,100,99683,100,100144,100,99548,100,100149,100,99544,100,100212,100,99311,100,100223,100,99228,100
2019-06-28 09:53:10.000000000,100074,532,99896,432,100075,34,99828,100,100087,100,99752,100,100114,100,99730,100,100120,100,99683,100,100134,100,99548,100,100144,100,99544,100,100149,100,99311,100,100212,100,99228,100,100223,100,99217,100
2019-06-28 09:53:16.581479762,100074,532,99896,432,100075,34,99828,100,100087,100,99752,100,100120,100,99730,100,100134,100,99683,100,100144,100,99548,100,100149,100,99544,100,100212,100,99311,100,100223,100,99228,100,100239,100,99217,100
2019-06-28 09:53:17.456040729,100074,532,99896,332,100075,34,99828,100,100087,100,99752,100,100120,100,99730,100,100134,100,99683,100,100144,100,99548,100,100149,100,99311,100,100212,100,99228,100,100223,100,99217,100,100239,100,99205,100
2019-06-28 09:53:19.756883127,100074,532,99896,332,100075,34,99828,100,100087,100,99752,100,100120,100,99730,100,100134,100,99683,100,100144,100,99658,100,100149,100,99548,100,100212,100,99311,100,100223,100,99228,100,100239,100,99217,100
2019-06-28 09:53:20.000000000,100074,532,99828,432,100075,34,99752,100,100087,100,99730,100,100120,100,99683,100,100134,100,99658,100,100144,100,99548,100,100149,100,99311,100,100212,100,99228,100,100223,100,99217,100,100239,100,99205,100
2019-06-28 09:53:30.000000000,100074,266,99828,166,100075,100,99752,166,100087,166,99730,166,100120,166,99683,166,100134,166,99658,166,100144,100,99548,100,100149,100,99311,100,100212,100,99228,100,100223,100,99217,100,100239,100,99205,100
2019-06-28 09:53:37.340448881,100074,266,99828,66,100075,100,99752,166,100087,166,99730,166,100120,166,99683,166,100134,166,99658,166,100144,100,99548,100,100149,100,99311,100,100212,100,99228,100,100223,100,99217,100,100239,100,99205,100
2019-06-28 09:53:40.000000000,100074,283,99752,183,100075,117,99730,183,100087,183,99683,183,100120,183,99658,183,100134,100,99548,100,100144,100,99311,100,100149,100,99228,100,100212,100,99217,100,100223,100,99205,100,100239,100,99120,100
2019-06-28 09:53:50.000000000,100074,283,99752,183,100075,117,99730,183,100087,183,99683,183,100120,183,99658,183,100134,100,99548,100,100144,100,99311,100,100149,100,99228,100,100212,100,99217,100,100223,100,99205,100,100239,100,99120,100
2019-06-28 09:53:55.142704522,99896,100,99752,183,100074,283,99730,183,100075,117,99683,183,100087,183,99658,183,100120,183,99548,100,100134,100,99311,100,100144,100,99228,100,100149,100,99217,100,100212,100,99205,100,100223,100,99120,100
2019-06-28 09:54:00.000000000,99896,213,99752,213,100074,310,99730,210,100075,144,99683,210,100087,100,99658,100,100120,100,99548,100,100134,100,99311,100,100144,100,99228,100,100149,100,99217,100,100212,100,99205,100,100223,100,99120,100
2019-06-28 09:54:10.000000000,99896,166,99752,166,100074,266,99730,166,100075,100,99683,166,100087,166,99658,166,100120,166,99548,166,100134,100,99311,100,100144,100,99228,100,100149,100,99217,100,100212,100,99205,100,100223,100,99120,100
2019-06-28 09:54:11.658044613,99896,166,99752,166,100074,266,99730,166,100075,100,99683,166,100087,166,99658,166,100120,166,99548,166,100134,100,99311,100,100144,100,99228,100,100149,100,99219,100,100212,100,99217,100,100223,100,99205,100
2019-06-28 09:54:12.952117070,99896,166,99752,66,100074,266,99730,166,100075,100,99683,166,100087,166,99658,166,100120,166,99548,66,100134,100,99311,100,100144,100,99228,100,100149,100,99219,100,100212,100,99217,100,100223,100,99205,100
2019-06-28 09:54:20.000000000,99896,213,99730,213,100074,310,99683,210,100075,144,99658,210,100087,100,99311,100,100120,100,99228,100,100134,100,99219,100,100144,100,99217,100,100149,100,99205,100,100212,100,99120,100,100223,100,99119,100
2019-06-28 09:54:30.000000000,99896,166,99730,166,100074,266,99683,166,100075,100,99658,166,100087,166,99311,166,100120,166,99228,166,100134,100,99219,100,100144,100,99217,100,100149,100,99205,100,100212,100,99120,100,100223,100,99119,100
2019-06-28 09:54:30.677227209,99896,166,99730,166,100074,266,99683,166,100075,100,99658,166,100087,166,99529,100,100120,166,99311,166,100134,100,99228,166,100144,100,99219,100,100149,100,99217,100,100212,100,99205,100,100223,100,99120,100
2019-06-28 09:54:32.532089239,99896,166,99730,166,100074,266,99683,166,100075,100,99658,166,100087,166,99529,100,100120,166,99348,100,100134,100,99311,166,100144,100,99228,166,100149,100,99219,100,100212,100,99217,100,100223,100,99205,100
2019-06-28 09:54:40.000000000,99896,183,99730,183,100074,283,99683,183,100075,117,99658,183,100087,183,99529,183,100120,100,99348,100,100134,100,99311,100,100144,100,99228,100,100149,100,99219,100,100212,100,99217,100,100223,100,99205,100
2019-06-28 09:54:50.000000000,99896,266,99730,266,100074,366,99683,266,100075,34,99658,100,100087,100,99529,100,100120,100,99348,100,100134,100,99311,100,100144,100,99228,100,100149,100,99219,100,100212,100,99217,100,100223,100,99205,100
2019-06-28 09:54:53.984798165,99896,266,99730,266,100074,366,99683,266,100075,34,99658,100,100087,100,99529,100,100120,100,99456,100,100134,100,99348,100,100144,100,99228,100,100149,100,99219,100,100212,100,99217,100,100223,100,99205,100
2019-06-28 09:55:00.000000000,99896,432,99730,432,100074,200,99683,100,100075,34,99658,100,100087,100,99529,100,100120,100,99456,100,100134,100,99348,100,100144,100,99228,100,100149,100,99219,100,100212,100,99217,100,100223,100,99205,100
2019-06-28 09:55:10.000000000,99896,432,99730,432,100074,200,99683,100,100075,34,99658,100,100087,100,99529,100,100120,100,99456,100,100134,100,99348,100,100144,100,99228,100,100149,100,99219,100,100212,100,99217,100,100223,100,99205,100
2019-06-28 09:55:20.000000000,99896,213,99730,213,100074,310,99683,210,100075,144,99658,210,100087,100,99529,100,100120,100,99456,100,100134,100,99348,100,100144,100,99228,100,100149,100,99219,100,100212,100,99217,100,100223,100,99205,100
2019-06-28 09:55:30.000000000,99896,432,99730,432,100074,200,99683,100,100075,34,99658,100,100087,100,99529,100,100120,100,99456,100,100134,100,99348,100,100144,100,99228,100,100149,100,99219,100,100212,100,99217,100,100223,100,99205,100
2019-06-28 09:55:40.000000000,99896,183,99730,183,100074,283,99683,183,100075,117,99658,183,100087,183,99529,183,100120,100,99456,100,100134,100,99348,100,100144,100,99228,100,100149,100,99219,100,100212,100,99217,100,100223,100,99205,100
2019-06-28 09:55:43.273394268,99896,183,99730,183,100074,283,99683,183,100075,117,99658,183,100087,183,99529,183,100120,100,99456,100,100134,100,99348,100,100144,100,99228,100,100149,100,99219,100,100212,100,99217,100,100223,100,99205,100
2019-06-28 09:55:50.000000000,99896,432,99730,432,100074,200,99683,100,100075,34,99658,100,100087,100,99529,100,100120,100,99456,100,100134,100,99348,100,100144,100,99228,100,100149,100,99219,100,100212,100,99217,100,100223,100,99205,100
2019-06-28 09:55:57.349349110,99896,432,99730,432,100074,200,99683,100,100075,34,99658,100,100087,100,99570,100,100120,100,99529,100,100134,100,99456,100,100144,100,99348,100,100149,100,99228,100,100212,100,99219,100,100223,100,99217,100
2019-06-28 09:56:00.000000000,99896,183,99730,183,100074,283,99683,183,100075,117,99658,183,100087,183,99570,183,100120,100,99529,100,100134,100,99456,100,100144,100,99348,100,100149,100,99228,100,100212,100,99219,100,100223,100,99217,100
2019-06-28 09:56:00.361823719,99896,183,99730,183,100017,100,99683,183,100074,283,99658,183,100075,117,99570,183,100087,183,99529,100,100120,100,99456,100,100134,100,99348,100,100144,100,99228,100,100149,100,99219,100,100212,100,99217,100
2019-06-28 09:56:01.533753234,99896,183,99730,183,99997,100,99683,183,100017,100,99658,183,100074,283,99570,183,100075,117,99529,100,100087,183,99456,100,100120,100,99348,100,100134,100,99228,100,100144,100,99219,100,100149,100,99217,100
2019-06-28 09:56:10.000000000,99896,213,99730,213,99997,210,99683,210,100017,210,99658,210,100074,200,99570,100,100075,34,99529,100,100087,100,99456,100,100120,100,99348,100,100134,100,99228,100,100144,100,99219,100,100149,100,99217,100
2019-06-28 09:56:16.724310777,99896,213,99730,213,99939,100,99683,210,99997,210,99658,210,100017,210,99570,100,100074,200,99529,100,100087,100,99456,100,100120,100,99348,100,100134,100,99228,100,100144,100,99219,100,100149,100,99217,100
2019-06-28 09:56:17.180500220,99896,213,99893,100,99939,100,99730,213,99997,210,99683,210,100017,210,99658,210,100074,200,99570,100,100087,100,99529,100,100120,100,99456,100,100134,100,99348,100,100144,100,99228,100,100149,100,99219,100
2019-06-28 09:56:20.000000000,99896,266,99893,266,99939,266,99730,266,99997,100,99683,100,100017,100,99658,100,100074,200,99570,100,100087,100,99529,100,100120,100,99456,100,100134,100,99348,100,100144,100,99228,100,100149,100,99219,100
2019-06-28 09:56:26.664317121,99896,166,99893,266,99939,266,99730,266,99997,100,99683,100,100017,100,99658,100,100074,200,99570,100,100087,100,99529,100,100120,100,99456,100,100134,100,99348,100,100144,100,99228,100,100149,100,99219,100
2019-06-28 09:56:30.000000000,99939,183,99893,183,99997,183,99730,183,100017,183,99683,183,100074,283,99658,183,100087,100,99570,100,100120,100,99529,100,100134,100,99456,100,100144,100,99348,100,100149,100,99228,100,100212,100,99219,100
2019-06-28 09:56:40.000000000,99939,213,99893,213,99997,210,99730,210,100017,210,99683,210,100074,200,99658,100,100087,100,99570,100,100120,100,99529,100,100134,100,99456,100,100144,100,99348,100,100149,100,99228,100,100212,100,99219,100
2019-06-28 09:56:50.000000000,99939,432,99893,432,99997,100,99730,100,100017,100,99683,100,100074,200,99658,100,100087,100,99570,100,100120,100,99529,100,100134,100,99456,100,100144,100,99348,100,100149,100,99228,100,100212,100,99219,100
2019-06-28 09:57:00.000000000,99939,432,99893,432,99997,100,99730,100,100017,100,99683,100,100074,200,99658,100,100087,100,99570,100,100120,100,99529,100,100134,100,99456,100,100144,100,99348,100,100149,100,99228,100,100212,100,99219,100
2019-06-28 09:57:10.000000000,99939,266,99893,266,99997,266,99730,266,100017,100,99683,100,100074,200,99658,100,100087,100,99570,100,100120,100,99529,100,100134,100,99456,100,100144,100,99348,100,100149,100,99228,100,100212,100,99219,100
2019-06-28 09:57:10.447160066,99939,266,99893,266,99997,266,99730,266,100017,100,99683,100,100074,200,99658,100,100087,100,99570,100,100120,100,99529,100,100144,100,99456,100,100149,100,99348,100,100212,100,99319,100,100808,100,99228,100
2019-06-28 09:57:17.458404827,99939,266,99893,266,99997,266,99730,266,100017,100,99683,100,100074,200,99658,100,100087,100,99570,100,100120,100,99529,100,100144,100,99456,100,100149,100,99348,100,100212,100,99319,100,100808,100,99289,100
2019-06-28 09:57:20.000000000,99939,166,99893,166,99997,166,99730,166,100017,166,99683,166,100074,266,99658,166,100087,166,99570,166,100120,100,99529,100,100144,100,99456,100,100149,100,99348,100,100212,100,99319,100,100808,100,99289,100
2019-06-28 09:57:24.401133966,99939,166,99893,166,99997,166,99730,166,100017,166,99683,166,100074,266,99658,166,100087,166,99570,166,100120,100,99456,100,100144,100,99414,100,100149,100,99348,100,100212,100,99319,100,100808,100,99289,100
2019-06-28 09:57:30.000000000,99939,166,99893,166,99997,166,99730,166,100017,166,99683,166,100074,266,99658,166,100087,166,99570,166,100120,100,99456,100,100144,100,99414,100,100149,100,99348,100,100212,100,99319,100,100808,100,99289,100
2019-06-28 09:57:35.710925441,99939,166,99893,66,99997,66,99730,166,100017,166,99683,166,100074,266,99658,166,100087,166,99570,166,100120,100,99456,100,100144,100,99414,100,100149,100,99348,100,100212,100,99319,100,100808,100,99289,100
2019-06-28 09:57:35.933580618,99939,166,99893,66,99997,66,99730,166,100017,166,99683,166,100074,266,99658,166,100087,166,99570,166,100120,100,99456,100,100144,100,99414,100,100149,100,99379,100,100212,100,99348,100,100808,100,99319,100
2019-06-28 09:57:40.000000000,99939,213,99730,213,100017,210,99683,210,100074,310,99658,210,100087,100,99570,100,100120,100,99456,100,100144,100,99414,100,100149,100,99379,100,100212,100,99348,100,100808,100,99319,100,,,99289,100
2019-06-28 09:57:44.723074689,99939,213,99730,213,100017,210,99683,210,100074,310,99658,210,100087,100,99570,100,100120,100,99456,100,100144,100,99414,100,100149,100,99379,100,100212,100,99348,100,100808,100,99319,100,,,99289,100
2019-06-28 09:57:50.000000000,99939,166,99730,166,100017,166,99683,166,100074,266,99658,166,100087,166,99570,166,100120,166,99456,166,100144,100,99414,100,100149,100,99379,100,100212,100,99348,100,100808,100,99319,100,,,99289,100
2019-06-28 09:58:00.000000000,99939,183,99730,183,100017,183,99683,183,100074,283,99658,183,100087,183,99570,183,100120,100,99456,100,100144,100,99414,100,100149,100,99379,100,100212,100,99348,100,100808,100,99319,100,,,99289,100
2019-06-28 09:58:10.000000000,99939,432,99730,432,100017,100,99683,100,100074,200,99658,100,100087,100,99570,100,100120,100,99456,100,100144,100,99414,100,100149,100,99379,100,100212,100,99348,100,100808,100,99319,100,,,99289,100
2019-06-28 09:58:20.000000000,99939,166,99730,166,100017,166,99683,166,100074,266,99658,166,100087,166,99570,166,100120,166,99456,166,100144,100,99414,100,100149,100,99379,100,100212,100,99348,100,100808,100,99319,100,,,99289,100
2019-06-28 09:58:30.000000000,99939,213,99730,213,100017,210,99683,210,100074,310,99658,210,100087,100,99570,100,100120,100,99456,100,100144,100,99414,100,100149,100,99379,100,100212,100,99348,100,100808,100,99319,100,,,99289,100
2019-06-28 09:58:40.000000000,99939,213,99730,213,100017,210,99683,210,100074,310,99658,210,100087,100,99570,100,100120,100,99456,100,100144,100,99414,100,100149,100,99379,100,100212,100,99348,100,100808,100,99319,100,,,99289,100
2019-06-28 09:58:41.830623630,99939,213,99730,213,100017,210,99683,210,100074,310,99658,210,100087,100,99624,100,100120,100,99570,100,100144,100,99456,100,100149,100,99414,100,100212,100,99379,100,100808,100,99348,100,,,99319,100
2019-06-28 09:58:46.928074808,99895,100,99730,213,99939,213,99683,210,100017,210,99658,210,100074,310,99624,100,100087,100,99570,100,100120,100,99456,100,100144,100,99414,100,100149,100,99379,100,100212,100,99348,100,100808,100,99319,100
2019-06-28 09:58:50.000000000,99895,166,99730,166,99939,166,99683,166,100017,166,99658,166,100074,266,99624,166,100087,166,99570,166,100120,100,99456,100,100144,100,99414,100,100149,100,99379,100,100212,100,99348,100,100808,100,99319,100
2019-06-28 09:59:00.000000000,99895,266,99730,266,99939,266,99683,266,100017,100,99658,100,100074,200,99624,100,100087,100,99570,100,100120,100,99456,100,100144,100,99414,100,100149,100,99379,100,100212,100,99348,100,100808,100,99319,100
2019-06-28 09:59:10.000000000,99895,166,99730,166,99939,166,99683,166,100017,166,99658,166,100074,266,99624,166,100087,166,99570,166,100120,100,99456,100,100144,100,99414,100,100149,100,99379,100,100212,100,99348,100,100808,100,99319,100
2019-06-28 09:59:20.000000000,99895,166,99730,166,99939,166,99683,166,100017,166,99658,166,100074,266,99624,166,100087,166,99570,166,100120,100,99456,100,100144,100,99414,100,100149,100,99379,100,100212,100,99348,100,100808,100,99319,100
2019-06-28 09:59:20.546436414,99895,166,99730,166,99939,166,99683,166,100017,66,99658,166,100074,266,99624,166,100087,166,99570,166,100120,100,99456,100,100144,100,99414,100,100149,100,99379,100,100212,100,99348,100,100338,100,99319,100
2019-06-28 09:59:30.000000000,99895,266,99730,266,99939,266,99683,266,100074,200,99658,100,100087,100,99624,100,100120,100,99570,100,100144,100,99456,100,100149,100,99414,100,100212,100,99379,100,100338,100,99348,100,100808,100,99319,100
2019-06-28 09:59:31.432287129,99895,166,99730,266,99939,266,99683,266,100074,200,99658,100,100087,100,99624,100,100120,100,99570,100,100144,100,99456,100,100149,100,99414,100,100212,100,99379,100,100338,100,99348,100,100808,100,99319,100
2019-06-28 09:59:40.000000000,99939,166,99730,166,100074,266,99683,166,100087,166,99658,166,100120,166,99624,166,100144,166,99570,166,100149,100,99456,100,100212,100,99414,100,100338,100,99379,100,100808,100,99348,100,,,99319,100
2019-06-28 09:59:50.000000000,99939,213,99730,213,100074,310,99683,210,100087,210,99658,210,100120,100,99624,100,100144,100,99570,100,100149,100,99456,100,100212,100,99414,100,100338,100,99379,100,100808,100,99348,100,,,99319,100
2019-06-28 10:00:00.000000000,99939,432,99730,432,100074,200,99683,100,100087,100,99658,100,100120,100,99624,100,100144,100,99570,100,100149,100,99456,100,100212,100,99414,100,100338,100,99379,100,100808,100,99348,100,,,99319,100
2019-06-28 10:00:10.000000000,99939,213,99730,213,100074,310,99683,210,100087,210,99658,210,100120,100,99624,100,100144,100,99570,100,100149,100,99456,100,100212,100,99414,100,100338,100,99379,100,100808,100,99348,100,,,99319,100
2019-06-28 10:00:20.000000000,99939,166,99730,166,100074,266,99683,166,100087,166,99658,166,100120,166,99624,166,100144,166,99570,166,100149,100,99456,100,100212,100,99414,100,100338,100,99379,100,100808,100,99348,100,,,99319,100
2019-06-28 10:00:21.628329042,99939,166,99730,166,100074,266,99683,166,100087,166,99658,166,100120,166,99624,166,100144,66,99570,166,100149,100,99456,100,100212,100,99414,100,100226,100,99379,100,100338,100,99348,100,100808,100,99319,100
2019-06-28 10:00:30.000000000,99939,166,99730,166,100074,266,99683,166,100087,166,99658,166,100120,166,99624,166,100149,166,99570,166,100212,100,99456,100,100226,100,99414,100,100338,100,99379,100,100808,100,99348,100,,,99319,100
2019-06-28 10:00:31.513261474,99939,166,99730,166,100074,266,99683,166,100087,166,99658,166,100120,166,99624,166,100149,166,99570,166,100212,100,99456,100,100226,100,99414,100,100338,100,99379,100,100340,100,99348,100,100808,100,99319,100
2019-06-28 10:00:34.227702567,99939,166,99730,166,100074,266,99683,166,100087,166,99658,166,100120,166,99624,166,100149,166,99570,166,100212,100,99456,100,100226,100,99414,100,100230,100,99379,100,100338,100,99348,100,100340,100,99319,100
2019-06-28 10:00:35.553499634,99939,166,99730,166,100074,266,99683,166,100087,166,99658,166,100120,166,99624,166,100149,166,99570,166,100198,100,99456,100,100212,100,99414,100,100226,100,99379,100,100230,100,99348,100,100338,100,99319,100
2019-06-28 10:00:40.000000000,99939,266,99730,266,100074,366,99683,266,100087,100,99658,100,100120,100,99624,100,100149,100,99570,100,100198,100,99456,100,100212,100,99414,100,100226,100,99379,100,100230,100,99348,100,100338,100,99319,100
2019-06-28 10:00:47.515499203,99899,100,99730,266,99939,266,99683,266,100074,366,99658,100,100087,100,99624,100,100120,100,99570,100,100149,100,99456,100,100198,100,99414,100,100212,100,99379,100,100230,100,99348,100,100338,100,99319,100
2019-06-28 10:00:49.272534219,99899,100,99894,100,99939,266,99730,266,100074,366,99683,266,100087,100,99658,100,100120,100,99624,100,100149,100,99570,100,100198,100,99456,100,100212,100,99414,100,100230,100,99379,100,100338,100,99348,100
2019-06-28 10:00:50.000000000,99899,183,99894,183,99939,183,99730,183,100074,283,99683,183,100087,183,99658,183,100120,100,99624,100,100149,100,99570,100,100198,100,99456,100,100212,100,99414,100,100230,100,99379,100,100338,100,99348,100
2019-06-28 10:00:54.304488936,99899,183,99894,183,99939,183,99807,100,100074,283,99730,183,100087,183,99683,183,100120,100,99658,183,100149,100,99624,100,100212,100,99570,100,100230,100,99456,100,100338,100,99414,100,100340,100,99379,100
2019-06-28 10:00:57.617151666,99899,83,99894,183,99939,183,99807,100,100074,283,99730,183,100087,183,99683,183,100120,100,99658,183,100149,100,99624,100,100212,100,99570,100,100230,100,99456,100,100338,100,99379,100,100340,100,99348,100
2019-06-28 10:01:00.000000000,99939,166,99894,166,100074,266,99807,166,100087,166,99730,166,100120,166,99683,166,100149,166,99658,166,100212,100,99624,100,100230,100,99570,100,100338,100,99456,100,100340,100,99379,100,100808,100,99348,100
2019-06-28 10:01:10.000000000,99939,266,99894,266,100074,366,99807,266,100087,100,99730,100,100120,100,99683,100,100149,100,99658,100,100212,100,99624,100,100230,100,99570,100,100338,100,99456,100,100340,100,99379,100,100808,100,99348,100
2019-06-28 10:01:20.000000000,99939,213,99894,213,100074,310,99807,210,100087,210,99730,210,100120,100,99683,100,100149,100,99658,100,100212,100,99624,100,100230,100,99570,100,100338,100,99456,100,100340,100,99379,100,100808,100,99348,100
2019-06-28 10:01:30.000000000,99939,213,99894,213,100074,310,99807,210,100087,210,99730,210,100120,100,99683,100,100149,100,99658,100,100212,100,99624,100,100230,100,99570,100,100338,100,99456,100,100340,100,99379,100,100808,100,99348,100
2019-06-28 10:01:40.000000000,99939,266,99894,266,100074,366,99807,266,100087,100,99730,100,100120,100,99683,100,100149,100,99658,100,100212,100,99624,100,100230,100,99570,100,100338,100,99456,100,100340,100,99379,100,100808,100,99348,100
2019-06-28 10:01:41.762127225,99939,266,99894,266,100074,366,99807,166,100087,100,99730,100,100120,100,99700,100,100149,100,99683,100,100212,100,99658,100,100230,100,99624,100,100338,100,99570,100,100340,100,99456,100,100808,100,99379,100
2019-06-28 10:01:44.006101237,99939,266,99894,166,100074,366,99807,166,100087,100,99730,100,100120,100,99700,100,100149,100,99683,100,100212,100,99658,100,100230,100,99624,100,100338,100,99570,100,100340,100,99456,100,100808,100,99379,100
2019-06-28 10:01:50.000000000,99939,432,99730,432,100074,200,99700,100,100087,100,99683,100,100120,100,99658,100,100149,100,99624,100,100212,100,99570,100,100230,100,99456,100,100338,100,99379,100,100340,100,99348,100,100808,100,99319,100
2019-06-28 10:01:59.743461080,99900,100,99730,432,99939,432,99700,100,100074,200,99683,100,100087,100,99658,100,100120,100,99624,100,100149,100,99570,100,100212,100,99456,100,100230,100,99379,100,100338,100,99319,100,100340,100,99289,100
2019-06-28 10:02:00.000000000,99900,183,99730,183,99939,183,99700,183,100074,283,99683,183,100087,183,99658,183,100120,100,99624,100,100149,100,99570,100,100212,100,99456,100,100230,100,99379,100,100338,100,99319,100,100340,100,99289,100
2019-06-28 10:02:10.000000000,99900,183,99730,183,99939,183,99700,183,100074,283,99683,183,100087,183,99658,183,100120,100,99624,100,100149,100,99570,100,100212,100,99456,100,100230,100,99379,100,100338,100,99319,100,100340,100,99289,100
2019-06-28 10:02:20.000000000,99900,183,99730,183,99939,183,99700,183,100074,283,99683,183,100087,183,99658,183,100120,100,99624,100,100149,100,99570,100,100212,100,99456,100,100230,100,99379,100,100338,100,99319,100,100340,100,99289,100
2019-06-28 10:02:21.395045542,99900,183,99730,183,99939,183,99700,183,100074,283,99683,183,100087,183,99658,183,100120,100,99624,100,100149,100,99570,100,100155,100,99456,100,100212,100,99379,100,100230,100,99319,100,100338,100,99289,100
2019-06-28 10:02:30.000000000,99900,166,99730,166,99939,166,99700,166,100074,266,99683,166,100087,166,99658,166,100120,166,99624,166,100149,100,99570,100,100155,100,99456,100,100212,100,99379,100,100230,100,99319,100,100338,100,99289,100
2019-06-28 10:02:40.000000000,99900,266,99730,266,99939,266,99700,266,100074,200,99683,100,100087,100,99658,100,100120,100,99624,100,100149,100,99570,100,100155,100,99456,100,100212,100,99379,100,100230,100,99319,100,100338,100,99289,100
2019-06-28 10:02:40.439055888,99756,100,99730,266,99900,266,99700,266,99939,266,99683,100,100074,200,99658,100,100087,100,99624,100,100120,100,99570,100,100149,100,99456,100,100155,100,99379,100,100212,100,99319,100,100230,100,99289,100
2019-06-28 10:02:50.000000000,99756,183,99730,183,99900,183,99700,183,99939,183,99683,183,100074,283,99658,183,100087,100,99624,100,100120,100,99570,100,100149,100,99456,100,100155,100,99379,100,100212,100,99319,100,100230,100,99289,100
2019-06-28 10:03:00.000000000,99756,213,99730,213,99900,210,99700,210,99939,210,99683,210,100074,200,99658,100,100087,100,99624,100,100120,100,99570,100,100149,100,99456,100,100155,100,99379,100,100212,100,99319,100,100230,100,99289,100
2019-06-28 10:03:10.000000000,99756,266,99730,266,99900,266,99700,266,99939,100,99683,100,100074,200,99658,100,100087,100,99624,100,100120,100,99570,100,100149,100,99456,100,100155,100,99379,100,100212,100,99319,100,100230,100,99289,100
2019-06-28 10:03:15.935428670,99756,266,99730,166,99900,266,99700,266,99939,100,99683,100,100074,200,99658,100,100087,100,99624,100,100120,100,99570,100,100149,100,99456,100,100155,100,99379,100,100212,100,99319,100,100230,100,99289,100
2019-06-28 10:03:20.000000000,99756,213,99700,213,99900,210,99683,210,99939,210,99658,210,100074,200,99624,100,100087,100,99570,100,100120,100,99456,100,100149,100,99379,100,100155,100,99319,100,100212,100,99289,100,100230,100,99217,100
2019-06-28 10:03:25.681676211,99756,213,99700,213,99900,110,99683,210,99939,210,99678,100,100074,200,99658,210,100087,100,99624,100,100120,100,99570,100,100149,100,99456,100,100155,100,99379,100,100212,100,99319,100,100230,100,99289,100
2019-06-28 10:03:30.000000000,99756,183,99700,183,99939,183,99683,183,100074,283,99678,183,100087,183,99658,183,100120,100,99624,100,100149,100,99570,100,100155,100,99456,100,100212,100,99379,100,100230,100,99319,100,100340,100,99289,100
2019-06-28 10:03:36.207911460,99756,183,99700,83,99939,183,99683,183,100074,283,99678,183,100087,183,99658,83,100120,100,99624,100,100149,100,99570,100,100155,100,99456,100,100212,100,99379,100,100230,100,99319,100,100340,100,99289,100
2019-06-28 10:03:37.810611375,99730,100,99700,83,99756,183,99683,183,99939,183,99678,183,100074,283,99658,83,100087,183,99624,100,100120,100,99570,100,100149,100,99456,100,100155,100,99379,100,100212,100,99319,100,100230,100,99289,100
2019-06-28 10:03:40.000000000,99730,166,99683,166,99756,166,99678,166,99939,166,99624,166,100074,266,99570,166,100087,166,99456,166,100120,100,99379,100,100149,100,99319,100,100155,100,99289,100,100212,100,99217,100,100230,100,99205,100
2019-06-28 10:03:49.153816532,99730,266,99683,166,99756,166,99678,166,99939,166,99624,166,100074,266,99570,166,100087,166,99456,166,100120,100,99379,100,100149,100,99319,100,100155,100,99289,100,100212,100,99217,100,100230,100,99205,100
2019-06-28 10:03:50.000000000,99730,532,99683,432,99756,100,99678,100,99939,100,99624,100,100074,200,99570,100,100087,100,99456,100,100120,100,99379,100,100149,100,99319,100,100155,100,99289,100,100212,100,99217,100,100230,100,99205,100
2019-06-28 10:03:58.102733816,99730,532,99683,432,99756,100,99678,100,99939,100,99624,100,100074,200,99570,100,100087,100,99486,100,100120,100,99456,100,100149,100,99379,100,100155,100,99319,100,100212,100,99289,100,100230,100,99217,100
2019-06-28 10:04:00.000000000,99730,283,99683,183,99756,183,99678,183,99939,183,99624,183,100074,283,99570,183,100087,100,99486,100,100120,100,99456,100,100149,100,99379,100,100155,100,99319,100,100212,100,99289,100,100230,100,99217,100
2019-06-28 10:04:10.000000000,99730,313,99683,213,99756,210,99678,210,99939,210,99624,210,100074,200,99570,100,100087,100,99486,100,100120,100,99456,100,100149,100,99379,100,100155,100,99319,100,100212,100,99289,100,100230,100,99217,100
2019-06-28 10:04:10.349887953,99730,313,99683,213,99756,210,99678,210,99863,100,99624,210,99939,210,99570,100,100074,200,99486,100,100087,100,99456,100,100120,100,99379,100,100149,100,99319,100,100155,100,99289,100,100212,100,99217,100
2019-06-28 10:04:12.099302766,99730,313,99683,113,99756,210,99678,210,99863,100,99624,210,99939,210,99570,100,100074,200,99486,100,100087,100,99456,100,100120,100,99379,100,100149,100,99319,100,100155,100,99289,100,100212,100,99217,100
2019-06-28 10:04:20.000000000,99730,532,99678,432,99756,100,99624,100,99863,100,99570,100,99939,100,99486,100,100074,200,99456,100,100087,100,99379,100,100120,100,99319,100,100149,100,99289,100,100155,100,99217,100,100212,100,99205,100
2019-06-28 10:04:24.504980142,99730,532,99678,432,99756,100,99624,100,99939,100,99570,100,100074,200,99486,100,100087,100,99456,100,100120,100,99396,100,100149,100,99379,100,100155,100,99319,100,100212,100,99289,100,100230,100,99217,100
2019-06-28 10:04:30.000000000,99730,283,99678,183,99756,183,99624,183,99939,183,99570,183,100074,283,99486,183,100087,100,99456,100,100120,100,99396,100,100149,100,99379,100,100155,100,99319,100,100212,100,99289,100,100230,100,99217,100
2019-06-28 10:04:40.000000000,99730,313,99678,213,99756,210,99624,210,99939,210,99570,210,100074,200,99486,100,100087,100,99456,100,100120,100,99396,100,100149,100,99379,100,100155,100,99319,100,100212,100,99289,100,100230,100,99217,100
2019-06-28 10:04:48.361437196,99730,313,99678,213,99756,210,99624,210,99780,100,99570,210,99939,210,99486,100,100074,200,99456,100,100087,100,99396,100,100120,100,99379,100,100149,100,99319,100,100212,100,99289,100,100230,100,99217,100
2019-06-28 10:04:50.000000000,99730,366,99678,266,99756,266,99624,266,99780,100,99570,100,99939,100,99486,100,100074,200,99456,100,100087,100,99396,100,100120,100,99379,100,100149,100,99319,100,100212,100,99289,100,100230,100,99217,100
2019-06-28 10:05:00.000000000,99730,366,99678,266,99756,266,99624,266,99780,100,99570,100,99939,100,99486,100,100074,200,99456,100,100087,100,99396,100,100120,100,99379,100,100149,100,99319,100,100212,100,99289,100,100230,100,99217,100
2019-06-28 10:05:03.668443818,99730,366,99678,266,99756,266,99624,266,99939,100,99570,100,100074,200,99529,100,100087,100,99486,100,100120,100,99456,100,100149,100,99396,100,100212,100,99379,100,100230,100,99319,100,,,99289,100
