,ask_price_1,ask_size_1,bid_price_1,bid_size_1,ask_price_2,ask_size_2,bid_price_2,bid_size_2,ask_price_3,ask_size_3,bid_price_3,bid_size_3,ask_price_4,ask_size_4,bid_price_4,bid_size_4,ask_price_5,ask_size_5,bid_price_5,bid_size_5,ask_price_6,ask_size_6,bid_price_6,bid_size_6,ask_price_7,ask_size_7,bid_price_7,bid_size_7,ask_price_8,ask_size_8,bid_price_8,bid_size_8,ask_price_9,ask_size_9,bid_price_9,bid_size_9,ask_price_10,ask_size_10,bid_price_10,bid_size_10
2019-06-28 09:30:00.000000003,,,100018,100,,,99897,100,,,99896,100,,,,,,,,,,,,,,,,,,,,,,,,,,,,
2019-06-28 09:30:00.000000004,100076,100,100018,100,,,99897,100,,,99896,100,,,,,,,,,,,,,,,,,,,,,,,,,,,,
2019-06-28 09:30:00.000000005,100040,100,100018,100,100076,100,99897,100,,,99896,100,,,,,,,,,,,,,,,,,,,,,,,,,,,,
2019-06-28 09:30:00.000000006,100040,100,100018,100,100076,100,99912,100,,,99897,100,,,99896,100,,,,,,,,,,,,,,,,,,,,,,,,
2019-06-28 09:30:00.000000008,100040,100,99978,100,100075,100,99912,100,100076,100,99897,100,,,99896,100,,,99870,100,,,,,,,,,,,,,,,,,,,,
2019-06-28 09:30:00.000000009,100040,100,99978,100,100053,100,99912,100,100075,100,99897,100,100076,100,99896,100,,,99870,100,,,,,,,,,,,,,,,,,,,,
2019-06-28 09:30:00.000000013,100040,100,99978,100,100053,100,99912,100,100075,100,99897,100,100076,100,99896,100,100114,100,99870,100,,,,,,,,,,,,,,,,,,,,
2019-06-28 09:30:00.000000014,100040,100,100011,100,100053,100,99978,100,100075,100,99912,100,100076,100,99907,100,100114,100,99897,100,100157,100,99896,100,,,99870,100,,,,,,,,,,,,
2019-06-28 09:30:00.000000016,100040,100,99990,100,100053,100,99978,100,100075,100,99912,100,100076,100,99907,100,100114,100,99897,100,100157,100,99896,100,,,99870,100,,,,,,,,,,,,
2019-06-28 09:30:00.000000018,100018,100,100009,100,100040,100,99990,100,100053,100,99978,100,100075,100,99912,100,100076,100,99907,100,100114,100,99897,100,100157,100,99896,100,,,99874,100,,,99870,100,,,,
2019-06-28 09:30:00.000000019,100018,100,100009,100,100040,100,99990,100,100053,100,99978,100,100075,100,99949,100,100076,100,99912,100,100114,100,99907,100,100157,100,99897,100,,,99896,100,,,99874,100,,,99870,100
2019-06-28 09:30:00.000000020,100018,100,100009,100,100040,100,99990,100,100053,100,99978,100,100061,100,99949,100,100075,100,99912,100,100076,100,99907,100,100114,100,99897,100,100157,100,99896,100,,,99874,100,,,99870,100
2019-06-28 09:30:00.000000021,100018,100,100009,100,100040,100,99990,100,100053,100,99978,100,100061,100,99949,100,100075,100,99912,100,100076,100,99907,100,100114,100,99897,100,100157,100,99896,100,,,99876,100,,,99874,100
2019-06-28 09:30:00.000000022,100018,100,100017,100,100040,100,100009,100,100053,100,99990,100,100061,100,99978,100,100075,100,99949,100,100076,100,99912,100,100114,100,99907,100,100157,100,99897,100,,,99896,100,,,99876,100
2019-06-28 09:30:00.000000023,100018,200,100017,100,100040,100,100009,100,100053,100,99990,100,100061,100,99978,100,100075,100,99949,100,100076,100,99912,100,100114,100,99907,100,100157,100,99897,100,,,99896,100,,,99890,100
2019-06-28 09:30:00.000000025,100018,100,100017,100,100040,100,100009,100,100053,100,99990,100,100061,100,99986,100,100075,100,99978,100,100076,100,99949,100,100114,100,99912,100,100157,100,99907,100,,,99897,100,,,99896,100
2019-06-28 09:30:00.000000026,100040,100,100017,100,100053,100,100009,100,100061,100,99990,100,100075,100,99986,100,100076,100,99978,100,100114,100,99949,100,100157,100,99912,100,,,99907,100,,,99897,100,,,99896,100
2019-06-28 09:30:00.000000029,100040,100,100017,100,100053,100,100009,100,100061,100,99990,100,100075,100,99986,100,100076,100,99978,100,100114,100,99949,100,100157,100,99912,100,100184,100,99907,100,,,99897,100,,,99896,100
2019-06-28 09:30:00.000000030,100040,100,100017,100,100053,100,100009,100,100061,100,99990,100,100068,100,99986,100,100075,100,99978,100,100076,100,99949,100,100114,100,99912,100,100157,100,99907,100,100184,100,99897,100,,,99896,100
2019-06-28 09:30:00.000000031,100040,100,100018,100,100053,100,100017,100,100061,100,100009,100,100068,100,99990,100,100075,100,99986,100,100076,100,99978,100,100114,100,99949,100,100157,100,99912,100,100184,100,99907,100,,,99897,100
2019-06-28 09:30:00.000000032,100020,100,100018,100,100040,100,100017,100,100053,100,100009,100,100061,100,99990,100,100068,100,99986,100,100075,100,99978,100,100076,100,99949,100,100114,100,99912,100,100157,100,99907,100,100184,100,99897,100
2019-06-28 09:30:00.000000034,100020,100,100018,100,100040,100,100017,100,100053,100,100009,100,100061,100,99990,100,100068,100,99986,100,100075,100,99978,100,100076,100,99949,100,100114,100,99912,100,100157,100,99907,100,100184,100,99897,100
2019-06-28 09:30:00.000000039,100020,100,100017,100,100040,100,100009,100,100053,100,99990,100,100061,100,99986,100,100068,100,99978,100,100075,100,99949,100,100076,100,99912,100,100114,100,99907,100,100157,100,99897,100,100184,100,99896,100
2019-06-28 09:30:00.000000041,100020,100,100017,100,100040,100,100009,100,100053,100,99990,100,100061,100,99986,100,100068,100,99978,100,100075,100,99949,100,100076,100,99939,100,100114,100,99912,100,100157,100,99907,100,100184,100,99897,100
2019-06-28 09:30:00.000000042,100020,100,100017,100,100040,100,100009,100,100053,100,99990,100,100061,100,99986,100,100068,100,99978,100,100075,100,99949,100,100076,100,99939,100,100092,100,99912,100,100114,100,99907,100,100157,100,99897,100
2019-06-28 09:30:00.000000043,100020,100,100018,100,100040,100,100017,100,100053,100,100009,100,100061,100,99990,100,100068,100,99986,100,100075,100,99978,100,100076,100,99949,100,100092,100,99939,100,100114,100,99912,100,100157,100,99907,100
2019-06-28 09:30:00.000000045,100020,100,100018,100,100040,100,100017,100,100053,100,100009,100,100061,100,99990,100,100068,100,99986,100,100075,100,99978,100,100076,100,99949,100,100092,100,99943,100,100114,100,99941,100,100124,100,99939,100
2019-06-28 09:30:00.000000046,100020,100,100018,100,100040,100,100017,100,100053,100,100009,100,100061,100,99990,100,100068,200,99986,100,100075,100,99978,100,100076,100,99964,100,100092,100,99949,100,100114,100,99943,100,100124,100,99941,100
2019-06-28 09:30:00.000000047,100020,100,100018,100,100040,100,100017,100,100053,100,100009,100,100061,100,99990,100,100065,100,99986,100,100068,200,99978,100,100075,100,99964,100,100076,100,99949,100,100092,100,99943,100,100114,100,99941,100
2019-06-28 09:30:00.000000049,100020,100,100018,100,100040,100,100017,100,100053,100,100009,100,100061,100,99990,100,100065,100,99986,100,100068,200,99978,100,100075,100,99964,100,100076,100,99963,100,100092,100,99949,100,100114,100,99943,100
2019-06-28 09:30:00.000000051,100020,100,100018,100,100040,100,100017,100,100053,100,100009,100,100061,100,99990,100,100065,100,99986,100,100068,200,99978,100,100073,100,99964,100,100075,100,99963,100,100076,100,99949,100,100092,100,99943,100
2019-06-28 09:30:00.000000055,100020,100,100018,100,100040,100,100017,100,100053,100,100009,100,100061,100,99990,100,100065,100,99986,100,100068,200,99978,100,100073,100,99964,100,100075,100,99963,100,100076,100,99949,100,100082,100,99943,100
2019-06-28 09:30:00.000000056,100020,100,100018,100,100040,100,100017,100,100053,100,100009,100,100061,200,99990,100,100065,100,99986,100,100068,200,99978,100,100073,100,99964,100,100075,100,99963,100,100076,100,99949,100,100082,100,99943,100
2019-06-28 09:30:00.000000059,100020,100,100017,100,100040,100,100009,100,100053,100,99990,100,100061,200,99986,100,100065,100,99978,100,100068,200,99964,100,100073,100,99963,100,100075,100,99949,100,100076,100,99943,100,100082,100,99941,100
2019-06-28 09:30:00.000000060,100020,100,100018,100,100040,100,100017,100,100053,100,100009,100,100061,200,99990,100,100065,100,99986,100,100068,200,99978,100,100073,100,99964,100,100075,100,99963,100,100076,100,99949,100,100082,100,99943,100
2019-06-28 09:30:00.000000063,100020,100,100018,100,100040,100,100017,100,100053,100,100009,100,100061,200,99990,100,100065,100,99986,100,100068,200,99978,100,100073,100,99964,100,100075,100,99963,100,100076,100,99949,100,100082,100,99943,100
2019-06-28 09:30:00.000000064,100020,100,100018,100,100040,100,100017,100,100053,100,100009,100,100061,200,99990,100,100065,100,99986,100,100068,200,99978,100,100073,100,99964,100,100075,100,99963,100,100076,100,99949,100,100082,100,99943,100
2019-06-28 09:30:00.000000065,100020,100,100017,100,100040,100,100009,100,100053,100,99990,100,100061,200,99986,100,100065,100,99978,100,100068,200,99964,100,100073,100,99963,100,100075,100,99949,100,100076,100,99943,100,100082,100,99941,100
2019-06-28 09:30:00.000000068,100040,100,100017,100,100053,100,100009,100,100061,200,99990,100,100065,100,99986,100,100068,200,99978,100,100073,100,99964,100,100075,100,99963,100,100076,100,99949,100,100082,100,99943,100,100092,100,99941,100
2019-06-28 09:30:00.000000069,100053,100,100017,100,100061,200,100009,100,100065,100,99990,100,100068,200,99986,100,100073,100,99978,100,100075,100,99964,100,100076,100,99963,100,100082,100,99949,100,100092,100,99943,100,100098,100,99941,100
2019-06-28 09:30:00.000000073,100053,100,100020,100,100061,200,100017,100,100065,100,100009,100,100068,200,99990,100,100073,100,99986,100,100075,100,99978,100,100076,100,99964,100,100082,100,99963,100,100092,100,99949,100,100098,100,99943,100
2019-06-28 09:30:00.000000076,100053,100,100020,100,100061,200,100017,100,100065,100,100009,100,100068,200,99990,100,100073,100,99986,100,100075,100,99978,100,100076,100,99964,100,100082,100,99963,100,100092,200,99949,100,100098,100,99943,100
2019-06-28 09:30:00.000000079,100053,100,100020,200,100061,200,100017,100,100065,100,100009,100,100068,200,99990,100,100073,100,99986,100,100075,100,99978,100,100076,100,99964,100,100082,100,99963,100,100092,200,99949,100,100098,100,99943,100
2019-06-28 09:30:00.000000086,100053,100,100020,200,100061,200,100017,100,100065,100,100009,100,100068,200,99990,100,100073,100,99986,100,100075,100,99978,100,100076,100,99964,100,100079,100,99963,100,100082,100,99949,100,100092,200,99943,100
2019-06-28 09:30:00.000000090,100053,100,100020,200,100061,200,100017,100,100065,100,100009,100,100068,200,99990,100,100073,100,99986,100,100075,100,99978,100,100076,100,99964,100,100079,100,99963,100,100082,100,99949,100,100092,200,99943,100
2019-06-28 09:30:00.000000093,100040,100,100020,200,100053,100,100017,100,100061,200,100009,100,100065,100,99990,100,100068,200,99986,100,100073,100,99978,100,100075,100,99964,100,100076,100,99963,100,100079,100,99949,100,100082,100,99943,100
2019-06-28 09:30:00.000000098,100040,200,100021,100,100053,100,100020,200,100061,200,100017,100,100065,100,100009,100,100068,200,99990,100,100073,100,99986,100,100075,100,99978,100,100076,100,99964,100,100079,100,99963,100,100082,100,99949,100
2019-06-28 09:30:00.295976232,100040,300,100021,100,100053,100,100020,200,100061,200,100017,100,100065,100,100009,100,100068,200,99990,100,100073,100,99986,100,100075,100,99978,100,100076,100,99964,100,100079,100,99963,100,100082,100,99949,100
2019-06-28 09:30:10.000000000,100040,370,100021,170,100053,170,100020,270,100061,270,100017,170,100065,170,100009,170,100068,270,99990,170,100073,100,99986,100,100075,100,99978,100,100076,100,99964,100,100079,100,99963,100,100082,100,99949,100
2019-06-28 09:30:20.000000000,100040,476,100021,276,100053,276,100020,376,100061,200,100017,100,100065,100,100009,100,100068,200,99990,100,100073,100,99986,100,100075,100,99978,100,100076,100,99964,100,100079,100,99963,100,100082,100,99949,100
2019-06-28 09:30:30.000000000,100040,388,100021,188,100053,188,100020,288,100061,288,100017,188,100065,188,100009,188,100068,200,99990,100,100073,100,99986,100,100075,100,99978,100,100076,100,99964,100,100079,100,99963,100,100082,100,99949,100
2019-06-28 09:30:30.583715101,100040,488,100021,188,100053,188,100020,288,100061,288,100017,188,100065,188,100009,188,100068,200,99990,100,100073,100,99986,100,100075,100,99978,100,100076,100,99964,100,100079,100,99963,100,100082,100,99949,100
2019-06-28 09:30:40.000000000,100040,470,100021,170,100053,170,100020,270,100061,270,100017,170,100065,170,100009,170,100068,270,99990,170,100073,100,99986,100,100075,100,99978,100,100076,100,99964,100,100079,100,99963,100,100082,100,99949,100
2019-06-28 09:30:43.209634837,100040,470,100021,170,100053,170,100020,270,100061,270,100017,170,100065,170,100009,170,100068,270,99990,170,100073,100,99986,100,100075,100,99978,100,100076,100,99964,100,100079,100,99963,100,100082,100,99949,100
2019-06-28 09:30:46.011743919,100040,470,100021,70,100053,170,100020,270,100061,270,100017,170,100065,170,100009,170,100068,270,99990,170,100073,100,99986,100,100075,100,99978,100,100076,100,99964,100,100079,100,99963,100,100082,100,99949,100
2019-06-28 09:30:50.000000000,100040,470,100020,270,100053,170,100017,170,100061,270,100009,170,100065,170,99990,170,100068,270,99986,170,100073,100,99978,100,100075,100,99964,100,100076,100,99963,100,100079,100,99949,100,100082,100,99943,100
2019-06-28 09:31:00.000000000,100040,752,100020,552,100053,100,100017,100,100061,200,100009,100,100065,100,99990,100,100068,200,99986,100,100073,100,99978,100,100075,100,99964,100,100076,100,99963,100,100079,100,99949,100,100082,100,99943,100
2019-06-28 09:31:03.451795615,100040,752,100020,552,100053,100,100017,100,100061,200,100009,100,100065,100,99990,100,100068,200,99986,100,100073,100,99978,100,100076,100,99964,100,100079,100,99963,100,100082,100,99949,100,100092,200,99943,100
2019-06-28 09:31:06.734829374,100040,752,100020,552,100053,100,100017,100,100061,200,100009,100,100065,100,99990,100,100068,200,99986,100,100073,100,99978,100,100076,100,99964,100,100079,100,99963,100,100082,100,99949,100,100092,200,99943,100
2019-06-28 09:31:10.000000000,100040,576,100020,376,100053,276,100017,276,100061,200,100009,100,100065,100,99990,100,100068,200,99986,100,100073,100,99978,100,100076,100,99964,100,100079,100,99963,100,100082,100,99949,100,100092,200,99943,100
2019-06-28 09:31:20.000000000,100040,470,100020,270,100053,170,100017,170,100061,270,100009,170,100065,170,99990,170,100068,270,99986,170,100073,100,99978,100,100076,100,99964,100,100079,100,99963,100,100082,100,99949,100,100092,200,99943,100
2019-06-28 09:31:27.190739265,100039,100,100020,270,100040,470,100017,170,100053,170,100009,170,100061,270,99990,170,100065,170,99986,170,100068,270,99978,100,100073,100,99964,100,100076,100,99963,100,100079,100,99949,100,100082,100,99943,100
2019-06-28 09:31:30.000000000,100039,276,100020,376,100040,576,100017,276,100053,100,100009,100,100061,200,99990,100,100065,100,99986,100,100068,200,99978,100,100073,100,99964,100,100076,100,99963,100,100079,100,99949,100,100082,100,99943,100
2019-06-28 09:31:40.000000000,100039,220,100020,320,100040,516,100017,216,100053,216,100009,216,100061,200,99990,100,100065,100,99986,100,100068,200,99978,100,100073,100,99964,100,100076,100,99963,100,100079,100,99949,100,100082,100,99943,100
2019-06-28 09:31:50.000000000,100039,276,100020,376,100040,576,100017,276,100053,100,100009,100,100061,200,99990,100,100065,100,99986,100,100068,200,99978,100,100073,100,99964,100,100076,100,99963,100,100079,100,99949,100,100082,100,99943,100
2019-06-28 09:31:59.287490759,100039,276,100020,276,100040,576,100017,276,100053,100,100009,100,100061,200,99990,100,100065,100,99986,100,100068,200,99978,100,100073,100,99964,100,100076,100,99963,100,100079,100,99949,100,100082,100,99943,100
2019-06-28 09:32:00.000000000,100039,276,100020,276,100040,576,100017,276,100053,100,100009,100,100061,200,99990,100,100065,100,99986,100,100068,200,99978,100,100073,100,99964,100,100076,100,99963,100,100079,100,99949,100,100082,100,99943,100
2019-06-28 09:32:09.312123204,100039,176,100020,276,100040,576,100017,276,100053,100,100009,100,100061,100,99990,100,100065,100,99986,100,100068,200,99978,100,100073,100,99964,100,100076,100,99963,100,100079,100,99949,100,100082,100,99943,100
2019-06-28 09:32:10.000000000,100040,576,100020,276,100053,276,100017,276,100061,100,100009,100,100065,100,99990,100,100068,200,99986,100,100073,100,99978,100,100076,100,99964,100,100079,100,99963,100,100082,100,99949,100,100092,200,99943,100
2019-06-28 09:32:20.000000000,100040,520,100020,220,100053,216,100017,216,100061,216,100009,216,100065,100,99990,100,100068,200,99986,100,100073,100,99978,100,100076,100,99964,100,100079,100,99963,100,100082,100,99949,100,100092,200,99943,100
2019-06-28 09:32:28.281610771,100040,520,100020,220,100053,216,100017,216,100061,216,100009,216,100065,100,99990,100,100068,200,99986,100,100073,100,99978,100,100076,100,99964,100,100079,100,99963,100,100082,100,99949,100,100092,200,99943,100
2019-06-28 09:32:30.000000000,100040,752,100020,452,100053,100,100017,100,100061,100,100009,100,100065,100,99990,100,100068,200,99986,100,100073,100,99978,100,100076,100,99964,100,100079,100,99963,100,100082,100,99949,100,100092,200,99943,100
2019-06-28 09:32:40.000000000,100040,520,100020,220,100053,216,100017,216,100061,216,100009,216,100065,100,99990,100,100068,200,99986,100,100073,100,99978,100,100076,100,99964,100,100079,100,99963,100,100082,100,99949,100,100092,200,99943,100
2019-06-28 09:32:50.000000000,100040,488,100020,188,100053,188,100017,188,100061,188,100009,188,100065,188,99990,188,100068,200,99986,100,100073,100,99978,100,100076,100,99964,100,100079,100,99963,100,100082,100,99949,100,100092,200,99943,100
2019-06-28 09:33:00.000000000,100040,470,100020,170,100053,170,100017,170,100061,170,100009,170,100065,170,99990,170,100068,270,99986,170,100073,100,99978,100,100076,100,99964,100,100079,100,99963,100,100082,100,99949,100,100092,200,99943,100
2019-06-28 09:33:10.000000000,100040,520,100020,220,100053,216,100017,216,100061,216,100009,216,100065,100,99990,100,100068,200,99986,100,100073,100,99978,100,100076,100,99964,100,100079,100,99963,100,100082,100,99949,100,100092,200,99943,100
2019-06-28 09:33:10.650115601,100040,520,100020,220,100053,216,100017,216,100061,216,100009,216,100065,100,99990,100,100068,200,99986,100,100073,100,99978,100,100076,100,99964,100,100079,100,99963,100,100082,100,99949,100,100092,200,99943,100
2019-06-28 09:33:20.000000000,100040,470,100020,170,100053,170,100017,170,100061,170,100009,170,100065,170,99990,170,100068,270,99986,170,100073,100,99978,100,100076,100,99964,100,100079,100,99963,100,100082,100,99949,100,100092,200,99943,100
2019-06-28 09:33:30.000000000,100040,576,100020,276,100053,276,100017,276,100061,100,100009,100,100065,100,99990,100,100068,200,99986,100,100073,100,99978,100,100076,100,99964,100,100079,100,99963,100,100082,100,99949,100,100092,200,99943,100
2019-06-28 09:33:40.000000000,100040,752,100020,452,100053,100,100017,100,100061,100,100009,100,100065,100,99990,100,100068,200,99986,100,100073,100,99978,100,100076,100,99964,100,100079,100,99963,100,100082,100,99949,100,100092,200,99943,100
2019-06-28 09:33:50.000000000,100040,576,100020,276,100053,276,100017,276,100061,100,100009,100,100065,100,99990,100,100068,200,99986,100,100073,100,99978,100,100076,100,99964,100,100079,100,99963,100,100082,100,99949,100,100092,200,99943,100
2019-06-28 09:33:56.969138952,100040,576,100020,276,100053,276,100017,276,100061,100,100009,100,100065,100,99990,100,100068,100,99986,100,100073,100,99978,100,100076,100,99964,100,100079,100,99963,100,100082,100,99949,100,100092,200,99943,100
2019-06-28 09:34:00.000000000,100040,520,100020,220,100053,216,100017,216,100061,216,100009,216,100065,100,99990,100,100068,100,99986,100,100073,100,99978,100,100076,100,99964,100,100079,100,99963,100,100082,100,99949,100,100092,200,99943,100
2019-06-28 09:34:10.000000000,100040,576,100020,276,100053,276,100017,276,100061,100,100009,100,100065,100,99990,100,100068,100,99986,100,100073,100,99978,100,100076,100,99964,100,100079,100,99963,100,100082,100,99949,100,100092,200,99943,100
2019-06-28 09:34:20.000000000,100040,488,100020,188,100053,188,100017,188,100061,188,100009,188,100065,188,99990,188,100068,100,99986,100,100073,100,99978,100,100076,100,99964,100,100079,100,99963,100,100082,100,99949,100,100092,200,99943,100
2019-06-28 09:34:23.103252614,100040,488,100020,188,100053,188,100017,188,100061,188,100009,188,100065,188,99990,188,100068,100,99986,100,100073,100,99978,100,100076,100,99963,100,100079,100,99949,100,100082,100,99943,100,100092,200,99912,100
2019-06-28 09:34:30.000000000,100040,752,100020,452,100053,100,100017,100,100061,100,100009,100,100065,100,99990,100,100068,100,99986,100,100073,100,99978,100,100076,100,99963,100,100079,100,99949,100,100082,100,99943,100,100092,200,99912,100
2019-06-28 09:34:36.982892493,100040,652,100020,452,100053,100,100017,100,100061,100,100009,100,100065,100,99990,100,100068,100,99986,100,100073,100,99978,100,100076,100,99963,100,100082,100,99949,100,100092,200,99943,100,100098,100,99912,100
2019-06-28 09:34:40.000000000,100040,476,100020,276,100053,276,100017,276,100061,100,100009,100,100065,100,99990,100,100068,100,99986,100,100073,100,99978,100,100076,100,99963,100,100082,100,99949,100,100092,200,99943,100,100098,100,99912,100
2019-06-28 09:34:49.467961346,100040,376,100020,276,100053,276,100017,276,100061,100,100009,100,100065,100,99990,100,100068,100,99986,100,100073,100,99978,100,100076,100,99963,100,100082,100,99949,100,100092,200,99943,100,100098,100,99912,100
2019-06-28 09:34:50.000000000,100040,552,100020,452,100053,100,100017,100,100061,100,100009,100,100065,100,99990,100,100068,100,99986,100,100073,100,99978,100,100076,100,99963,100,100082,100,99949,100,100092,200,99943,100,100098,100,99912,100
2019-06-28 09:35:00.000000000,100040,376,100020,276,100053,276,100017,276,100061,100,100009,100,100065,100,99990,100,100068,100,99986,100,100073,100,99978,100,100076,100,99963,100,100082,100,99949,100,100092,200,99943,100,100098,100,99912,100
2019-06-28 09:35:10.000000000,100040,320,100020,220,100053,216,100017,216,100061,216,100009,216,100065,100,99990,100,100068,100,99986,100,100073,100,99978,100,100076,100,99963,100,100082,100,99949,100,100092,200,99943,100,100098,100,99912,100
2019-06-28 09:35:15.707659801,100040,220,100020,220,100053,216,100017,216,100061,216,100009,216,100065,100,99990,100,100068,100,99986,100,100073,100,99978,100,100076,100,99963,100,100082,100,99949,100,100092,200,99943,100,100098,100,99912,100
2019-06-28 09:35:18.734260235,100040,120,100020,220,100053,216,100017,216,100061,216,100009,216,100065,100,99990,100,100068,100,99986,100,100073,100,99978,100,100076,100,99963,100,100082,100,99949,100,100092,200,99943,100,100098,100,99912,100
2019-06-28 09:35:20.000000000,100053,170,100020,170,100061,170,100017,170,100065,170,100009,170,100068,170,99990,170,100073,170,99986,170,100076,100,99978,100,100082,100,99963,100,100092,200,99949,100,100098,100,99943,100,100114,100,99912,100
2019-06-28 09:35:29.945840103,100053,170,100020,170,100061,170,100017,170,100065,170,100009,170,100068,170,99990,70,100073,170,99986,170,100076,100,99978,100,100082,100,99963,100,100092,200,99949,100,100098,100,99943,100,100114,100,99912,100
2019-06-28 09:35:30.000000000,100053,220,100020,220,100061,216,100017,216,100065,216,100009,216,100068,100,99986,100,100073,100,99978,100,100076,100,99963,100,100082,100,99949,100,100092,200,99943,100,100098,100,99912,100,100114,100,99907,100
2019-06-28 09:35:38.207513256,100053,120,100020,220,100061,216,100017,216,100065,216,100009,216,100068,100,99986,100,100073,100,99978,100,100076,100,99963,100,100082,100,99949,100,100092,200,99943,100,100098,100,99912,100,100114,100,99907,100
2019-06-28 09:35:40.000000000,100061,276,100020,276,100065,276,100017,276,100068,100,100009,100,100073,100,99986,100,100076,100,99978,100,100082,100,99963,100,100092,200,99949,100,100098,100,99943,100,100114,100,99912,100,100124,100,99907,100
2019-06-28 09:35:45.156333185,100061,176,100020,276,100065,276,100017,276,100068,100,100009,100,100073,100,99986,100,100076,100,99978,100,100082,100,99963,100,100092,200,99949,100,100098,100,99943,100,100114,100,99912,100,100124,100,99907,100
2019-06-28 09:35:50.000000000,100065,188,100020,188,100068,188,100017,188,100073,188,100009,188,100076,188,99986,188,100082,100,99978,100,100092,200,99963,100,100098,100,99949,100,100114,100,99943,100,100124,100,99912,100,100184,100,99907,100
2019-06-28 09:35:52.362112668,100065,88,100020,188,100068,88,100017,188,100073,188,100009,188,100076,188,99986,188,100082,100,99978,100,100092,200,99963,100,100098,100,99949,100,100114,100,99943,100,100124,100,99912,100,100184,100,99907,100
2019-06-28 09:36:00.000000000,100073,276,100020,276,100076,276,100017,276,100082,100,100009,100,100092,200,99986,100,100098,100,99978,100,100114,100,99963,100,100124,100,99949,100,100184,100,99943,100,100528,100,99912,100,100604,100,99907,100
2019-06-28 09:36:10.000000000,100073,188,100020,188,100076,188,100017,188,100082,188,100009,188,100092,288,99986,188,100098,100,99978,100,100114,100,99963,100,100124,100,99949,100,100184,100,99943,100,100528,100,99912,100,100604,100,99907,100
2019-06-28 09:36:20.000000000,100073,276,100020,276,100076,276,100017,276,100082,100,100009,100,100092,200,99986,100,100098,100,99978,100,100114,100,99963,100,100124,100,99949,100,100184,100,99943,100,100528,100,99912,100,100604,100,99907,100
2019-06-28 09:36:21.952035135,100073,276,100061,100,100076,276,100020,276,100082,100,100017,276,100092,200,100009,100,100098,100,99986,100,100114,100,99978,100,100124,100,99963,100,100184,100,99949,100,100528,100,99943,100,100604,100,99912,100
2019-06-28 09:36:30.000000000,100073,170,100061,170,100076,170,100020,170,100082,170,100017,170,100092,270,100009,170,100098,170,99986,170,100114,100,99978,100,100124,100,99963,100,100184,100,99949,100,100528,100,99943,100,100604,100,99912,100
2019-06-28 09:36:39.931146410,100073,70,100061,170,100076,170,100020,170,100082,170,100017,170,100092,270,100009,170,100098,170,99986,170,100114,100,99978,100,100124,100,99963,100,100184,100,99949,100,100528,100,99943,100,100604,100,99912,100
2019-06-28 09:36:40.000000000,100076,170,100061,170,100082,170,100020,170,100092,270,100017,170,100098,170,100009,170,100114,170,99986,170,100124,100,99978,100,100184,100,99963,100,100528,100,99949,100,100604,100,99943,100,100642,100,99912,100
2019-06-28 09:36:41.131664415,100076,70,100061,170,100082,170,100020,170,100092,270,100017,170,100098,170,100009,170,100114,170,99986,170,100124,100,99978,100,100184,100,99963,100,100528,100,99943,100,100604,100,99912,100,100642,100,99907,100
2019-06-28 09:36:42.503000040,100076,70,100073,100,100082,170,100061,170,100092,270,100020,170,100098,170,100017,170,100114,170,100009,170,100124,100,99986,170,100184,100,99978,100,100528,100,99963,100,100604,100,99943,100,100642,100,99912,100
2019-06-28 09:36:50.000000000,100082,170,100073,170,100092,270,100061,170,100098,170,100020,170,100114,170,100017,170,100124,170,100009,170,100184,100,99986,100,100528,100,99978,100,100604,100,99963,100,100642,100,99943,100,100859,100,99912,100
2019-06-28 09:36:52.502776971,100082,170,100073,170,100092,170,100061,170,100098,170,100020,170,100114,170,100017,170,100124,170,100009,170,100184,100,99986,100,100240,100,99978,100,100528,100,99963,100,100604,100,99943,100,100642,100,99912,100
2019-06-28 09:37:00.000000000,100082,188,100073,188,100092,188,100061,188,100098,188,100020,188,100114,188,100017,188,100124,100,100009,100,100184,100,99986,100,100240,100,99978,100,100528,100,99963,100,100604,100,99943,100,100642,100,99912,100
2019-06-28 09:37:10.000000000,100082,452,100073,452,100092,100,100061,100,100098,100,100020,100,100114,100,100017,100,100124,100,100009,100,100184,100,99986,100,100240,100,99978,100,100528,100,99963,100,100604,100,99943,100,100642,100,99912,100
2019-06-28 09:37:20.000000000,100082,188,100073,188,100092,188,100061,188,100098,188,100020,188,100114,188,100017,188,100124,100,100009,100,100184,100,99986,100,100240,100,99978,100,100528,100,99963,100,100604,100,99943,100,100642,100,99912,100
2019-06-28 09:37:26.372883532,100082,88,100073,188,100092,188,100061,188,100098,188,100020,188,100114,188,100017,188,100124,100,100009,100,100184,100,99986,100,100240,100,99978,100,100528,100,99963,100,100604,100,99943,100,100642,100,99912,100
2019-06-28 09:37:30.000000000,100092,452,100073,452,100098,100,100061,100,100114,100,100020,100,100124,100,100017,100,100184,100,100009,100,100240,100,99986,100,100528,100,99978,100,100604,100,99963,100,100642,100,99943,100,100859,100,99912,100
2019-06-28 09:37:40.000000000,100092,276,100073,276,100098,276,100061,276,100114,100,100020,100,100124,100,100017,100,100184,100,100009,100,100240,100,99986,100,100528,100,99978,100,100604,100,99963,100,100642,100,99943,100,100859,100,99912,100
2019-06-28 09:37:44.663469224,100092,276,100073,276,100098,276,100061,276,100114,100,100020,100,100124,100,100017,100,100184,100,100009,100,100240,100,99986,100,100528,100,99978,100,100604,100,99963,100,100642,100,99943,100,100682,100,99912,100
2019-06-28 09:37:50.000000000,100092,276,100073,276,100098,276,100061,276,100114,100,100020,100,100124,100,100017,100,100184,100,100009,100,100240,100,99986,100,100528,100,99978,100,100604,100,99963,100,100642,100,99943,100,100682,100,99912,100
2019-06-28 09:38:00.000000000,100092,188,100073,188,100098,188,100061,188,100114,188,100020,188,100124,188,100017,188,100184,100,100009,100,100240,100,99986,100,100528,100,99978,100,100604,100,99963,100,100642,100,99943,100,100682,100,99912,100
2019-06-28 09:38:10.000000000,100092,220,100073,220,100098,216,100061,216,100114,216,100020,216,100124,100,100017,100,100184,100,100009,100,100240,100,99986,100,100528,100,99978,100,100604,100,99963,100,100642,100,99943,100,100682,100,99912,100
2019-06-28 09:38:10.808697091,100092,220,100073,220,100098,216,100061,216,100114,216,100020,216,100124,100,100017,100,100184,100,100009,100,100240,100,99986,100,100304,100,99978,100,100528,100,99963,100,100604,100,99943,100,100642,100,99912,100
2019-06-28 09:38:12.705545588,100092,220,100076,100,100098,216,100073,220,100114,216,100061,216,100124,100,100020,216,100184,100,100017,100,100240,100,100009,100,100304,100,99986,100,100528,100,99978,100,100604,100,99963,100,100642,100,99943,100
2019-06-28 09:38:20.000000000,100092,188,100076,188,100098,188,100073,188,100114,188,100061,188,100124,188,100020,188,100184,100,100017,100,100240,100,100009,100,100304,100,99986,100,100528,100,99978,100,100604,100,99963,100,100642,100,99943,100
2019-06-28 09:38:30.000000000,100092,170,100076,170,100098,170,100073,170,100114,170,100061,170,100124,170,100020,170,100184,170,100017,170,100240,100,100009,100,100304,100,99986,100,100528,100,99978,100,100604,100,99963,100,100642,100,99943,100
2019-06-28 09:38:40.000000000,100092,188,100076,188,100098,188,100073,188,100114,188,100061,188,100124,188,100020,188,100184,100,100017,100,100240,100,100009,100,100304,100,99986,100,100528,100,99978,100,100604,100,99963,100,100642,100,99943,100
2019-06-28 09:38:50.000000000,100092,276,100076,276,100098,276,100073,276,100114,100,100061,100,100124,100,100020,100,100184,100,100017,100,100240,100,100009,100,100304,100,99986,100,100528,100,99978,100,100604,100,99963,100,100642,100,99943,100
2019-06-28 09:39:00.000000000,100092,170,100076,170,100098,170,100073,170,100114,170,100061,170,100124,170,100020,170,100184,170,100017,170,100240,100,100009,100,100304,100,99986,100,100528,100,99978,100,100604,100,99963,100,100642,100,99943,100
2019-06-28 09:39:06.068019481,100092,170,100076,170,100098,170,100073,170,100114,170,100061,170,100124,170,100020,170,100184,170,100017,170,100240,100,100009,100,100288,100,99986,100,100304,100,99978,100,100528,100,99963,100,100604,100,99943,100
2019-06-28 09:39:09.584016502,100092,170,100076,170,100098,170,100073,70,100114,170,100061,170,100124,170,100020,170,100184,170,100017,170,100240,100,100009,100,100288,100,99986,100,100304,100,99978,100,100528,100,99963,100,100604,100,99943,100
2019-06-28 09:39:10.000000000,100092,220,100076,220,100098,216,100061,216,100114,216,100020,216,100124,100,100017,100,100184,100,100009,100,100240,100,99986,100,100288,100,99978,100,100304,100,99963,100,100528,100,99943,100,100604,100,99912,100
2019-06-28 09:39:20.000000000,100092,188,100076,188,100098,188,100061,188,100114,188,100020,188,100124,188,100017,188,100184,100,100009,100,100240,100,99986,100,100288,100,99978,100,100304,100,99963,100,100528,100,99943,100,100604,100,99912,100
2019-06-28 09:39:30.000000000,100092,276,100076,276,100098,276,100061,276,100114,100,100020,100,100124,100,100017,100,100184,100,100009,100,100240,100,99986,100,100288,100,99978,100,100304,100,99963,100,100528,100,99943,100,100604,100,99912,100
2019-06-28 09:39:32.139875403,100092,176,100076,276,100098,276,100061,276,100114,100,100020,100,100124,100,100017,100,100184,100,100009,100,100240,100,99986,100,100288,100,99978,100,100304,100,99963,100,100528,100,99912,100,100604,100,99907,100
2019-06-28 09:39:38.992026368,100092,176,100082,100,100098,276,100076,276,100114,100,100061,276,100124,100,100020,100,100184,100,100017,100,100240,100,100009,100,100288,100,99986,100,100304,100,99978,100,100528,100,99963,100,100604,100,99912,100
2019-06-28 09:39:40.000000000,100098,452,100082,452,100114,100,100076,100,100124,100,100061,100,100184,100,100020,100,100240,100,100017,100,100288,100,100009,100,100304,100,99986,100,100528,100,99978,100,100604,100,99963,100,100642,100,99912,100
2019-06-28 09:39:50.000000000,100098,452,100082,452,100114,100,100076,100,100124,100,100061,100,100184,100,100020,100,100240,100,100017,100,100288,100,100009,100,100304,100,99986,100,100528,100,99978,100,100604,100,99963,100,100642,100,99912,100
2019-06-28 09:40:00.000000000,100098,220,100082,220,100114,216,100076,216,100124,216,100061,216,100184,100,100020,100,100240,100,100017,100,100288,100,100009,100,100304,100,99986,100,100528,100,99978,100,100604,100,99963,100,100642,100,99912,100
2019-06-28 09:40:10.000000000,100098,276,100082,276,100114,276,100076,276,100124,100,100061,100,100184,100,100020,100,100240,100,100017,100,100288,100,100009,100,100304,100,99986,100,100528,100,99978,100,100604,100,99963,100,100642,100,99912,100
2019-06-28 09:40:18.111192642,100098,276,100082,276,100114,276,100076,276,100124,100,100061,100,100184,100,100020,100,100240,100,100017,100,100288,100,100009,100,100304,100,99986,100,100528,100,99978,100,100604,100,99963,100,100642,100,99912,100
2019-06-28 09:40:20.000000000,100098,188,100082,188,100114,188,100076,188,100124,188,100061,188,100184,188,100020,188,100240,100,100017,100,100288,100,100009,100,100304,100,99986,100,100528,100,99978,100,100604,100,99963,100,100642,100,99912,100
2019-06-28 09:40:26.837607651,100098,188,100082,188,100114,188,100076,188,100124,188,100061,88,100184,188,100020,188,100240,100,100017,100,100288,100,100009,100,100304,100,99986,100,100528,100,99978,100,100604,100,99963,100,100642,100,99912,100
2019-06-28 09:40:30.000000000,100098,188,100082,188,100114,188,100076,188,100124,188,100020,188,100184,188,100017,188,100240,100,100009,100,100288,100,99986,100,100304,100,99978,100,100528,100,99963,100,100604,100,99912,100,100642,100,99907,100
2019-06-28 09:40:38.939299150,100098,188,100082,88,100114,188,100076,188,100124,188,100020,188,100184,188,100017,188,100240,100,100009,100,100288,100,99986,100,100304,100,99978,100,100528,100,99963,100,100604,100,99912,100,100642,100,99907,100
2019-06-28 09:40:40.000000000,100098,170,100076,170,100114,170,100020,170,100124,170,100017,170,100184,170,100009,170,100240,170,99986,170,100288,100,99978,100,100304,100,99963,100,100528,100,99912,100,100604,100,99907,100,100642,100,99896,100
2019-06-28 09:40:48.886847540,100098,170,100076,70,100114,170,100020,170,100124,170,100017,170,100184,170,100009,170,100240,70,99986,170,100288,100,99978,100,100304,100,99963,100,100528,100,99912,100,100604,100,99907,100,100642,100,99896,100
2019-06-28 09:40:50.000000000,100098,276,100020,276,100114,276,100017,276,100124,100,100009,100,100184,100,99986,100,100288,100,99978,100,100304,100,99963,100,100528,100,99912,100,100604,100,99907,100,100642,100,99896,100,100682,100,99890,100
2019-06-28 09:41:00.000000000,100098,276,100020,276,100114,276,100017,276,100124,100,100009,100,100184,100,99986,100,100288,100,99978,100,100304,100,99963,100,100528,100,99912,100,100604,100,99907,100,100642,100,99896,100,100682,100,99890,100
2019-06-28 09:41:10.000000000,100098,276,100020,276,100114,276,100017,276,100124,100,100009,100,100184,100,99986,100,100288,100,99978,100,100304,100,99963,100,100528,100,99912,100,100604,100,99907,100,100642,100,99896,100,100682,100,99890,100
2019-06-28 09:41:20.000000000,100098,170,100020,170,100114,170,100017,170,100124,170,100009,170,100184,170,99986,170,100288,170,99978,170,100304,100,99963,100,100528,100,99912,100,100604,100,99907,100,100642,100,99896,100,100682,100,99890,100
2019-06-28 09:41:29.060802509,100098,170,100020,70,100114,170,100017,170,100124,170,100009,170,100184,170,99986,170,100288,170,99978,170,100304,100,99963,100,100528,100,99912,100,100604,100,99907,100,100642,100,99896,100,100682,100,99890,100
2019-06-28 09:41:30.000000000,100098,188,100017,188,100114,188,100009,188,100124,188,99986,188,100184,188,99978,188,100288,100,99963,100,100304,100,99912,100,100528,100,99907,100,100604,100,99896,100,100642,100,99890,100,100682,100,99881,100
2019-06-28 09:41:40.000000000,100098,452,100017,452,100114,100,100009,100,100124,100,99986,100,100184,100,99978,100,100288,100,99963,100,100304,100,99912,100,100528,100,99907,100,100604,100,99896,100,100642,100,99890,100,100682,100,99881,100
2019-06-28 09:41:50.000000000,100098,220,100017,220,100114,216,100009,216,100124,216,99986,216,100184,100,99978,100,100288,100,99963,100,100304,100,99912,100,100528,100,99907,100,100604,100,99896,100,100642,100,99890,100,100682,100,99881,100
2019-06-28 09:42:00.000000000,100098,452,100017,452,100114,100,100009,100,100124,100,99986,100,100184,100,99978,100,100288,100,99963,100,100304,100,99912,100,100528,100,99907,100,100604,100,99896,100,100642,100,99890,100,100682,100,99881,100
2019-06-28 09:42:10.000000000,100098,452,100017,452,100114,100,100009,100,100124,100,99986,100,100184,100,99978,100,100288,100,99963,100,100304,100,99912,100,100528,100,99907,100,100604,100,99896,100,100642,100,99890,100,100682,100,99881,100
2019-06-28 09:42:20.000000000,100098,170,100017,170,100114,170,100009,170,100124,170,99986,170,100184,170,99978,170,100288,170,99963,170,100304,100,99912,100,100528,100,99907,100,100604,100,99896,100,100642,100,99890,100,100682,100,99881,100
2019-06-28 09:42:23.703419332,100098,70,100017,170,100114,170,100009,170,100124,170,99986,170,100184,170,99978,170,100288,170,99963,170,100304,100,99912,100,100506,100,99907,100,100528,100,99896,100,100604,100,99890,100,100642,100,99881,100
2019-06-28 09:42:25.003673746,100098,70,100017,170,100114,170,100009,170,100124,170,99986,170,100184,170,99978,170,100288,170,99963,170,100304,100,99912,100,100369,100,99896,100,100506,100,99890,100,100528,100,99881,100,100604,100,99876,100
2019-06-28 09:42:30.000000000,100114,276,100017,276,100124,276,100009,276,100184,100,99986,100,100288,100,99978,100,100304,100,99963,100,100369,100,99912,100,100506,100,99896,100,100528,100,99890,100,100604,100,99881,100,100642,100,99876,100
2019-06-28 09:42:40.000000000,100114,220,100017,220,100124,216,100009,216,100184,216,99986,216,100288,100,99978,100,100304,100,99963,100,100369,100,99912,100,100506,100,99896,100,100528,100,99890,100,100604,100,99881,100,100642,100,99876,100
2019-06-28 09:42:44.341820762,100114,120,100017,220,100124,116,100009,216,100184,216,99986,216,100288,100,99978,100,100304,100,99963,100,100369,100,99912,100,100506,100,99896,100,100528,100,99890,100,100604,100,99881,100,100642,100,99876,100
2019-06-28 09:42:50.000000000,100184,170,100017,170,100288,170,100009,170,100304,170,99986,170,100369,170,99978,170,100506,170,99963,170,100528,100,99912,100,100604,100,99896,100,100642,100,99890,100,100682,100,99881,100,100859,100,99876,100
2019-06-28 09:42:52.874125044,100184,70,100017,170,100288,170,100009,170,100304,170,99986,170,100369,170,99978,170,100506,170,99963,170,100528,100,99912,100,100604,100,99896,100,100642,100,99890,100,100682,100,99881,100,100859,100,99876,100
2019-06-28 09:43:00.000000000,100288,188,100017,188,100304,188,100009,188,100369,188,99986,188,100506,188,99978,188,100528,100,99963,100,100604,100,99912,100,100642,100,99896,100,100682,100,99890,100,100859,100,99881,100,,,99876,100
2019-06-28 09:43:05.383870118,100255,100,100017,188,100288,188,100009,188,100304,188,99986,188,100369,188,99978,188,100506,188,99912,100,100528,100,99896,100,100604,100,99890,100,100642,100,99881,100,100682,100,99876,100,100859,100,99870,100
2019-06-28 09:43:10.000000000,100255,276,100017,276,100288,276,100009,276,100304,100,99986,100,100369,100,99978,100,100506,100,99912,100,100528,100,99896,100,100604,100,99890,100,100642,100,99881,100,100682,100,99876,100,100859,100,99870,100
2019-06-28 09:43:10.184083014,100196,100,100017,276,100255,276,100009,276,100288,276,99978,100,100304,100,99912,100,100369,100,99896,100,100506,100,99890,100,100528,100,99881,100,100604,100,99876,100,100642,100,99870,100,100682,100,99868,100
2019-06-28 09:43:14.844395076,100196,100,100017,276,100255,276,100009,276,100288,276,99978,100,100304,100,99912,100,100369,100,99911,100,100506,100,99896,100,100528,100,99890,100,100604,100,99881,100,100642,100,99876,100,100682,100,99870,100
2019-06-28 09:43:20.000000000,100196,188,100017,188,100255,188,100009,188,100288,188,99978,188,100304,188,99912,188,100369,100,99911,100,100506,100,99896,100,100528,100,99890,100,100604,100,99881,100,100642,100,99876,100,100682,100,99870,100
2019-06-28 09:43:30.000000000,100196,276,100017,276,100255,276,100009,276,100288,100,99978,100,100304,100,99912,100,100369,100,99911,100,100506,100,99896,100,100528,100,99890,100,100604,100,99881,100,100642,100,99876,100,100682,100,99870,100
2019-06-28 09:43:40.000000000,100196,220,100017,220,100255,216,100009,216,100288,216,99978,216,100304,100,99912,100,100369,100,99911,100,100506,100,99896,100,100528,100,99890,100,100604,100,99881,100,100642,100,99876,100,100682,100,99870,100
2019-06-28 09:43:50.000000000,100196,452,100017,452,100255,100,100009,100,100288,100,99978,100,100304,100,99912,100,100369,100,99911,100,100506,100,99896,100,100528,100,99890,100,100604,100,99881,100,100642,100,99876,100,100682,100,99870,100
2019-06-28 09:44:00.000000000,100196,452,100017,452,100255,100,100009,100,100288,100,99978,100,100304,100,99912,100,100369,100,99911,100,100506,100,99896,100,100528,100,99890,100,100604,100,99881,100,100642,100,99876,100,100682,100,99870,100
2019-06-28 09:44:10.000000000,100196,170,100017,170,100255,170,100009,170,100288,170,99978,170,100304,170,99912,170,100369,170,99911,170,100506,100,99896,100,100528,100,99890,100,100604,100,99881,100,100642,100,99876,100,100682,100,99870,100
2019-06-28 09:44:10.932131688,100196,170,100017,170,100255,170,100009,170,100288,170,99978,170,100304,170,99912,170,100369,170,99911,170,100506,100,99896,100,100528,100,99890,100,100604,100,99881,100,100642,100,99876,100,100682,100,99870,100
2019-06-28 09:44:20.000000000,100196,170,100017,170,100255,170,100009,170,100288,170,99978,170,100304,170,99912,170,100369,170,99911,170,100506,100,99896,100,100528,100,99890,100,100604,100,99881,100,100642,100,99876,100,100682,100,99870,100
2019-06-28 09:44:20.586787257,100097,100,100017,170,100196,170,100009,170,100255,170,99978,170,100288,170,99912,170,100304,170,99911,170,100369,170,99896,100,100506,100,99890,100,100528,100,99881,100,100604,100,99876,100,100642,100,99870,100
2019-06-28 09:44:30.000000000,100097,276,100017,276,100196,276,100009,276,100255,100,99978,100,100288,100,99912,100,100304,100,99911,100,100369,100,99896,100,100506,100,99890,100,100528,100,99881,100,100604,100,99876,100,100642,100,99870,100
2019-06-28 09:44:31.937625470,100097,276,100017,176,100196,276,100009,276,100255,100,99978,100,100288,100,99912,100,100369,100,99911,100,100506,100,99896,100,100528,100,99890,100,100604,100,99881,100,100642,100,99876,100,100682,100,99870,100
2019-06-28 09:44:40.000000000,100097,188,100009,188,100196,188,99978,188,100255,188,99912,188,100288,188,99911,188,100369,100,99896,100,100506,100,99890,100,100528,100,99881,100,100604,100,99876,100,100642,100,99870,100,100682,100,99868,100
2019-06-28 09:44:45.001093016,100097,188,100009,88,100196,188,99978,188,100255,188,99912,188,100288,88,99911,188,100369,100,99896,100,100506,100,99890,100,100528,100,99881,100,100604,100,99876,100,100642,100,99870,100,100682,100,99868,100
2019-06-28 09:44:47.213928317,100097,188,100009,88,100196,188,99978,188,100255,188,99912,188,100288,88,99911,188,100369,100,99890,100,100506,100,99881,100,100528,100,99876,100,100604,100,99870,100,100642,100,99868,100,100682,100,99811,100
2019-06-28 09:44:50.000000000,100097,188,99978,188,100196,188,99912,188,100255,188,99911,188,100369,188,99890,188,100506,100,99881,100,100528,100,99876,100,100604,100,99870,100,100642,100,99868,100,100682,100,99811,100,100859,100,99644,100
2019-06-28 09:44:59.539276140,100097,188,99978,88,100196,188,99912,188,100255,188,99911,188,100369,188,99890,188,100506,100,99881,100,100528,100,99876,100,100604,100,99870,100,100642,100,99868,100,100682,100,99811,100,100859,100,99644,100
2019-06-28 09:45:00.000000000,100097,170,99912,170,100196,170,99911,170,100255,170,99890,170,100369,170,99881,170,100506,170,99876,170,100528,100,99870,100,100604,100,99868,100,100642,100,99811,100,100682,100,99644,100,100859,100,99626,100
2019-06-28 09:45:02.075518155,100009,100,99912,170,100097,170,99911,170,100196,170,99890,170,100255,170,99881,170,100369,170,99876,170,100506,170,99870,100,100528,100,99868,100,100604,100,99811,100,100642,100,99644,100,100682,100,99626,100
2019-06-28 09:45:10.000000000,100009,220,99912,220,100097,216,99911,216,100196,216,99890,216,100255,100,99881,100,100369,100,99876,100,100506,100,99870,100,100528,100,99868,100,100604,100,99811,100,100642,100,99644,100,100682,100,99626,100
2019-06-28 09:45:20.000000000,100009,220,99912,220,100097,216,99911,216,100196,216,99890,216,100255,100,99881,100,100369,100,99876,100,100506,100,99870,100,100528,100,99868,100,100604,100,99811,100,100642,100,99644,100,100682,100,99626,100
2019-06-28 09:45:30.000000000,100009,188,99912,188,100097,188,99911,188,100196,188,99890,188,100255,188,99881,188,100369,100,99876,100,100506,100,99870,100,100528,100,99868,100,100604,100,99811,100,100642,100,99644,100,100682,100,99626,100
2019-06-28 09:45:36.374941660,100009,188,99912,188,100097,188,99911,188,100196,188,99890,188,100255,188,99881,188,100369,100,99876,100,100506,100,99870,100,100528,100,99868,100,100604,100,99811,100,100642,100,99644,100,100682,100,99626,100
2019-06-28 09:45:40.000000000,100009,188,99912,188,100097,188,99911,188,100196,188,99890,188,100255,188,99881,188,100369,100,99876,100,100506,100,99870,100,100528,100,99868,100,100604,100,99811,100,100642,100,99644,100,100682,100,99626,100
2019-06-28 09:45:50.000000000,100009,170,99912,170,100097,170,99911,170,100196,170,99890,170,100255,170,99881,170,100369,170,99876,170,100506,100,99870,100,100528,100,99868,100,100604,100,99811,100,100642,100,99644,100,100682,100,99626,100
2019-06-28 09:46:00.000000000,100009,276,99912,276,100097,276,99911,276,100196,100,99890,100,100255,100,99881,100,100369,100,99876,100,100506,100,99870,100,100528,100,99868,100,100604,100,99811,100,100642,100,99644,100,100682,100,99626,100
2019-06-28 09:46:10.000000000,100009,276,99912,276,100097,276,99911,276,100196,100,99890,100,100255,100,99881,100,100369,100,99876,100,100506,100,99870,100,100528,100,99868,100,100604,100,99811,100,100642,100,99644,100,100682,100,99626,100
2019-06-28 09:46:13.620097536,100009,376,99912,276,100097,276,99911,276,100196,100,99890,100,100255,100,99881,100,100369,100,99876,100,100506,100,99870,100,100528,100,99868,100,100604,100,99811,100,100642,100,99644,100,100682,100,99626,100
2019-06-28 09:46:20.000000000,100009,320,99912,220,100097,216,99911,216,100196,216,99890,216,100255,100,99881,100,100369,100,99876,100,100506,100,99870,100,100528,100,99868,100,100604,100,99811,100,100642,100,99644,100,100682,100,99626,100
2019-06-28 09:46:21.070778917,100009,420,99912,220,100097,216,99911,216,100196,216,99890,216,100255,100,99881,100,100369,100,99876,100,100506,100,99870,100,100528,100,99868,100,100604,100,99811,100,100642,100,99644,100,100682,100,99626,100
2019-06-28 09:46:26.526122752,100009,320,99912,220,100097,216,99911,216,100196,216,99890,216,100255,100,99881,100,100369,100,99876,100,100506,100,99870,100,100528,100,99868,100,100604,100,99811,100,100642,100,99644,100,100682,100,99626,100
2019-06-28 09:46:30.000000000,100009,552,99912,452,100097,100,99911,100,100196,100,99890,100,100255,100,99881,100,100369,100,99876,100,100506,100,99870,100,100528,100,99868,100,100604,100,99811,100,100642,100,99644,100,100682,100,99626,100
2019-06-28 09:46:40.000000000,100009,552,99912,452,100097,100,99911,100,100196,100,99890,100,100255,100,99881,100,100369,100,99876,100,100506,100,99870,100,100528,100,99868,100,100604,100,99811,100,100642,100,99644,100,100682,100,99626,100
2019-06-28 09:46:43.516296920,99942,100,99912,452,100009,552,99911,100,100097,100,99890,100,100196,100,99881,100,100255,100,99876,100,100369,100,99870,100,100506,100,99868,100,100528,100,99811,100,100604,100,99644,100,100642,100,99626,100
2019-06-28 09:46:50.000000000,99942,276,99912,276,100009,376,99911,276,100097,100,99890,100,100196,100,99881,100,100255,100,99876,100,100369,100,99870,100,100506,100,99868,100,100528,100,99811,100,100604,100,99644,100,100642,100,99626,100
2019-06-28 09:46:52.056606878,99942,276,99912,176,100009,376,99911,276,100097,100,99890,100,100255,100,99881,100,100369,100,99876,100,100506,100,99870,100,100528,100,99868,100,100604,100,99811,100,100642,100,99644,100,100682,100,99626,100
2019-06-28 09:46:59.205492536,99942,276,99912,76,100009,376,99911,276,100097,100,99881,100,100255,100,99876,100,100369,100,99870,100,100506,100,99868,100,100528,100,99811,100,100604,100,99644,100,100642,100,99626,100,100682,100,99271,100
2019-06-28 09:47:00.000000000,99942,220,99911,220,100009,316,99881,216,100097,216,99876,216,100255,100,99870,100,100369,100,99868,100,100506,100,99811,100,100528,100,99644,100,100604,100,99626,100,100642,100,99271,100,100682,100,,
2019-06-28 09:47:10.000000000,99942,188,99911,188,100009,288,99881,188,100097,188,99876,188,100255,188,99870,188,100369,100,99868,100,100506,100,99811,100,100528,100,99644,100,100604,100,99626,100,100642,100,99271,100,100682,100,,
2019-06-28 09:47:14.817329344,99942,188,99911,188,100009,188,99881,188,100097,188,99876,188,100255,188,99870,188,100369,100,99868,100,100506,100,99811,100,100528,100,99644,100,100604,100,99626,100,100642,100,99271,100,100682,100,,
2019-06-28 09:47:20.000000000,99942,170,99911,170,100009,170,99881,170,100097,170,99876,170,100255,170,99870,170,100369,170,99868,170,100506,100,99811,100,100528,100,99644,100,100604,100,99626,100,100642,100,99271,100,100682,100,,
2019-06-28 09:47:30.000000000,99942,170,99911,170,100009,170,99881,170,100097,170,99876,170,100255,170,99870,170,100369,170,99868,170,100506,100,99811,100,100528,100,99644,100,100604,100,99626,100,100642,100,99271,100,100682,100,,
2019-06-28 09:47:40.000000000,99942,170,99911,170,100009,170,99881,170,100097,170,99876,170,100255,170,99870,170,100369,170,99868,170,100506,100,99811,100,100528,100,99644,100,100604,100,99626,100,100642,100,99271,100,100682,100,,
2019-06-28 09:47:42.079801855,99942,170,99911,170,100009,170,99881,170,100097,170,99876,170,100255,170,99870,170,100369,170,99868,70,100506,100,99811,100,100528,100,99756,100,100604,100,99644,100,100642,100,99626,100,100682,100,99271,100
2019-06-28 09:47:50.000000000,99942,452,99911,452,100009,100,99881,100,100097,100,99876,100,100255,100,99870,100,100369,100,99811,100,100506,100,99756,100,100528,100,99644,100,100604,100,99626,100,100642,100,99271,100,100682,100,,
2019-06-28 09:48:00.000000000,99942,276,99911,276,100009,276,99881,276,100097,100,99876,100,100255,100,99870,100,100369,100,99811,100,100506,100,99756,100,100528,100,99644,100,100604,100,99626,100,100642,100,99271,100,100682,100,,
2019-06-28 09:48:08.553631415,99912,100,99911,276,99942,276,99881,276,100009,276,99876,100,100097,100,99870,100,100255,100,99811,100,100369,100,99756,100,100506,100,99644,100,100528,100,99626,100,100604,100,99271,100,100642,100,,
2019-06-28 09:48:10.000000000,99912,276,99911,276,99942,276,99881,276,100009,100,99876,100,100097,100,99870,100,100255,100,99811,100,100369,100,99756,100,100506,100,99644,100,100528,100,99626,100,100604,100,99271,100,100642,100,,
2019-06-28 09:48:20.000000000,99912,170,99911,170,99942,170,99881,170,100009,170,99876,170,100097,170,99870,170,100255,170,99811,170,100369,100,99756,100,100506,100,99644,100,100528,100,99626,100,100604,100,99271,100,100642,100,,
2019-06-28 09:48:23.819487450,99912,170,99911,170,99942,170,99881,170,100009,170,99876,170,100097,170,99870,170,100255,170,99812,100,100369,100,99811,170,100506,100,99756,100,100528,100,99644,100,100604,100,99626,100,100642,100,99271,100
2019-06-28 09:48:30.000000000,99912,452,99911,452,99942,100,99881,100,100009,100,99876,100,100097,100,99870,100,100255,100,99812,100,100369,100,99811,100,100506,100,99756,100,100528,100,99644,100,100604,100,99626,100,100642,100,99271,100
2019-06-28 09:48:37.402154451,99912,452,99911,452,99942,100,99881,100,100009,100,99876,100,100097,100,99870,100,100255,100,99812,100,100369,100,99811,100,100506,100,99756,100,100604,100,99644,100,100642,100,99626,100,100682,100,99453,100
2019-06-28 09:48:40.000000000,99912,452,99911,452,99942,100,99881,100,100009,100,99876,100,100097,100,99870,100,100255,100,99812,100,100369,100,99811,100,100506,100,99756,100,100604,100,99644,100,100642,100,99626,100,100682,100,99453,100
2019-06-28 09:48:50.000000000,99912,452,99911,452,99942,100,99881,100,100009,100,99876,100,100097,100,99870,100,100255,100,99812,100,100369,100,99811,100,100506,100,99756,100,100604,100,99644,100,100642,100,99626,100,100682,100,99453,100
2019-06-28 09:48:59.051040484,99912,452,99911,452,99942,100,99881,100,100009,100,99876,100,100097,100,99870,100,100255,100,99812,100,100369,100,99811,100,100506,100,99756,100,100604,100,99644,100,100642,100,99626,100,100682,100,99453,100
2019-06-28 09:49:00.000000000,99912,220,99911,220,99942,216,99881,216,100009,216,99876,216,100097,100,99870,100,100255,100,99812,100,100369,100,99811,100,100506,100,99756,100,100604,100,99644,100,100642,100,99626,100,100682,100,99453,100
2019-06-28 09:49:01.883539876,99912,220,99911,220,99942,216,99881,216,100009,216,99876,216,100097,100,99870,100,100255,100,99812,100,100369,100,99811,100,100506,100,99756,100,100604,100,99644,100,100642,100,99626,100,100682,100,99453,100
2019-06-28 09:49:10.000000000,99912,452,99911,452,99942,100,99881,100,100009,100,99876,100,100097,100,99870,100,100255,100,99812,100,100369,100,99811,100,100506,100,99756,100,100604,100,99644,100,100642,100,99626,100,100682,100,99453,100
2019-06-28 09:49:17.951804428,99912,452,99911,352,99942,100,99881,100,100009,100,99876,100,100097,100,99870,100,100255,100,99812,100,100369,100,99811,100,100506,100,99756,100,100604,100,99644,100,100642,100,99626,100,100682,100,99453,100
2019-06-28 09:49:20.000000000,99912,188,99881,188,99942,188,99876,188,100009,188,99870,188,100097,188,99812,188,100255,100,99811,100,100369,100,99756,100,100506,100,99644,100,100604,100,99626,100,100642,100,99453,100,100682,100,99428,100
2019-06-28 09:49:30.000000000,99912,276,99881,276,99942,276,99876,276,100009,100,99870,100,100097,100,99812,100,100255,100,99811,100,100369,100,99756,100,100506,100,99644,100,100604,100,99626,100,100642,100,99453,100,100682,100,99428,100
2019-06-28 09:49:34.125546942,99911,100,99881,276,99912,276,99876,276,99942,276,99870,100,100009,100,99812,100,100097,100,99811,100,100255,100,99756,100,100369,100,99644,100,100506,100,99626,100,100604,100,99453,100,100642,100,99428,100
2019-06-28 09:49:40.000000000,99911,170,99881,170,99912,170,99876,170,99942,170,99870,170,100009,170,99812,170,100097,170,99811,170,100255,100,99756,100,100369,100,99644,100,100506,100,99626,100,100604,100,99453,100,100642,100,99428,100
2019-06-28 09:49:42.985144852,99911,170,99881,70,99912,170,99876,170,99942,170,99870,170,100009,170,99812,170,100097,170,99811,170,100255,100,99756,100,100369,100,99644,100,100506,100,99626,100,100604,100,99453,100,100642,100,99428,100
2019-06-28 09:49:50.000000000,99911,452,99876,452,99912,100,99870,100,99942,100,99812,100,100009,100,99811,100,100097,100,99756,100,100255,100,99644,100,100369,100,99626,100,100506,100,99453,100,100604,100,99428,100,100642,100,99379,100
2019-06-28 09:50:00.000000000,99911,452,99876,452,99912,100,99870,100,99942,100,99812,100,100009,100,99811,100,100097,100,99756,100,100255,100,99644,100,100369,100,99626,100,100506,100,99453,100,100604,100,99428,100,100642,100,99379,100
2019-06-28 09:50:10.000000000,99911,452,99876,452,99912,100,99870,100,99942,100,99812,100,100009,100,99811,100,100097,100,99756,100,100255,100,99644,100,100369,100,99626,100,100506,100,99453,100,100604,100,99428,100,100642,100,99379,100
2019-06-28 09:50:18.311121068,99911,452,99876,452,99912,100,99870,100,99942,100,99812,100,100009,100,99811,100,100097,100,99756,100,100255,100,99644,100,100369,100,99626,100,100506,100,99453,100,100604,100,99428,100,100642,100,99379,100
2019-06-28 09:50:20.000000000,99911,188,99876,188,99912,188,99870,188,99942,188,99812,188,100009,188,99811,188,100097,100,99756,100,100255,100,99644,100,100369,100,99626,100,100506,100,99453,100,100604,100,99428,100,100642,100,99379,100
2019-06-28 09:50:24.754956558,99911,188,99876,88,99912,188,99870,188,99942,188,99812,188,100009,188,99811,188,100097,100,99756,100,100255,100,99644,100,100369,100,99626,100,100506,100,99453,100,100604,100,99428,100,100642,100,99379,100
2019-06-28 09:50:30.000000000,99911,170,99870,170,99912,170,99812,170,99942,170,99811,170,100009,170,99756,170,100097,170,99644,170,100255,100,99626,100,100369,100,99453,100,100506,100,99428,100,100604,100,99379,100,100642,100,99271,100
2019-06-28 09:50:38.974658384,99911,170,99870,70,99912,170,99812,170,99942,170,99811,170,100009,170,99756,170,100097,170,99644,170,100255,100,99626,100,100369,100,99453,100,100506,100,99428,100,100604,100,99379,100,100682,100,99271,100
2019-06-28 09:50:40.000000000,99911,276,99812,276,99912,276,99811,276,99942,100,99756,100,100009,100,99644,100,100097,100,99626,100,100255,100,99453,100,100369,100,99428,100,100506,100,99379,100,100604,100,99271,100,100682,100,98820,100
2019-06-28 09:50:50.000000000,99911,276,99812,276,99912,276,99811,276,99942,100,99756,100,100009,100,99644,100,100097,100,99626,100,100255,100,99453,100,100369,100,99428,100,100506,100,99379,100,100604,100,99271,100,100682,100,98820,100
2019-06-28 09:51:00.000000000,99911,188,99812,188,99912,188,99811,188,99942,188,99756,188,100009,188,99644,188,100097,100,99626,100,100255,100,99453,100,100369,100,99428,100,100506,100,99379,100,100604,100,99271,100,100682,100,98820,100
2019-06-28 09:51:05.520829675,99876,100,99812,188,99911,188,99811,188,99912,188,99756,188,99942,188,99644,188,100009,188,99626,100,100255,100,99453,100,100369,100,99428,100,100506,100,99379,100,100604,100,99271,100,100682,100,98820,100
2019-06-28 09:51:09.839690625,99876,100,99812,88,99911,188,99811,188,99912,188,99756,188,99942,188,99644,188,100009,188,99626,100,100255,100,99453,100,100369,100,99428,100,100506,100,99379,100,100604,100,99271,100,100682,100,98820,100
2019-06-28 09:51:10.000000000,99876,452,99811,452,99911,100,99756,100,99912,100,99644,100,99942,100,99626,100,100009,100,99453,100,100255,100,99428,100,100369,100,99379,100,100506,100,99271,100,100604,100,98820,100,100682,100,,
2019-06-28 09:51:20.000000000,99876,220,99811,220,99911,216,99756,216,99912,216,99644,216,99942,100,99626,100,100009,100,99453,100,100255,100,99428,100,100369,100,99379,100,100506,100,99271,100,100604,100,98820,100,100682,100,,
2019-06-28 09:51:30.000000000,99876,452,99811,452,99911,100,99756,100,99912,100,99644,100,99942,100,99626,100,100009,100,99453,100,100255,100,99428,100,100369,100,99379,100,100506,100,99271,100,100604,100,98820,100,100682,100,,
2019-06-28 09:51:40.000000000,99876,452,99811,452,99911,100,99756,100,99912,100,99644,100,99942,100,99626,100,100009,100,99453,100,100255,100,99428,100,100369,100,99379,100,100506,100,99271,100,100604,100,98820,100,100682,100,,
2019-06-28 09:51:50.000000000,99876,170,99811,170,99911,170,99756,170,99912,170,99644,170,99942,170,99626,170,100009,170,99453,170,100255,100,99428,100,100369,100,99379,100,100506,100,99271,100,100604,100,98820,100,100682,100,,
2019-06-28 09:52:00.000000000,99876,188,99811,188,99911,188,99756,188,99912,188,99644,188,99942,188,99626,188,100009,100,99453,100,100255,100,99428,100,100369,100,99379,100,100506,100,99271,100,100604,100,98820,100,100682,100,,
2019-06-28 09:52:10.000000000,99876,188,99811,188,99911,188,99756,188,99912,188,99644,188,99942,188,99626,188,100009,100,99453,100,100255,100,99428,100,100369,100,99379,100,100506,100,99271,100,100604,100,98820,100,100682,100,,
2019-06-28 09:52:11.440461164,99876,188,99811,188,99911,188,99756,188,99912,188,99644,188,99942,188,99626,188,100009,100,99453,100,100255,100,99428,100,100369,100,99379,100,100506,100,99287,100,100604,100,99271,100,100682,100,98820,100
2019-06-28 09:52:11.875145817,99876,188,99811,88,99911,188,99756,188,99912,188,99644,188,99942,188,99626,188,100009,100,99428,100,100255,100,99379,100,100369,100,99287,100,100506,100,99271,100,100604,100,98820,100,100682,100,,
2019-06-28 09:52:20.000000000,99876,188,99756,188,99911,188,99644,188,99912,188,99626,188,99942,188,99428,188,100009,100,99379,100,100255,100,99287,100,100369,100,99271,100,100506,100,98820,100,100604,100,,,100682,100,,
2019-06-28 09:52:27.663350122,99876,188,99756,88,99911,188,99644,188,99912,188,99626,188,99942,188,99428,188,100009,100,99379,100,100255,100,99287,100,100369,100,99271,100,100604,100,98820,100,100682,100,,,100859,100,,
2019-06-28 09:52:30.000000000,99876,452,99644,452,99911,100,99626,100,99912,100,99428,100,99942,100,99379,100,100009,100,99287,100,100255,100,99271,100,100369,100,98820,100,100604,100,,,100682,100,,,100859,100,,
2019-06-28 09:52:31.609370067,99876,452,99644,452,99911,100,99626,100,99912,100,99379,100,99942,100,99287,100,100009,100,99271,100,100255,100,99079,100,100369,100,98820,100,100604,100,,,100682,100,,,100859,100,,
2019-06-28 09:52:34.212788549,99876,452,99644,252,99911,100,99626,100,99912,100,99379,100,99942,100,99287,100,100009,100,99271,100,100255,100,99079,100,100369,100,98820,100,100604,100,,,100682,100,,,100859,100,,
2019-06-28 09:52:40.000000000,99876,188,99626,188,99911,188,99379,188,99912,188,99287,188,99942,188,99271,188,100009,100,99079,100,100255,100,98820,100,100369,100,,,100604,100,,,100682,100,,,100859,100,,
2019-06-28 09:52:43.029819164,99876,188,99626,88,99911,188,99379,188,99912,188,99287,188,99942,188,99271,188,100009,100,99079,100,100255,100,98820,100,100369,100,,,100682,100,,,100859,100,,,,,,
2019-06-28 09:52:47.075782312,99876,188,99626,88,99911,188,99379,188,99912,188,99287,188,99942,188,99271,188,100009,100,99139,100,100255,100,99079,100,100369,100,98820,100,100682,100,,,100859,100,,,,,,
2019-06-28 09:52:50.000000000,99876,188,99379,188,99911,188,99287,188,99912,188,99271,188,99942,188,99139,188,100009,100,99079,100,100255,100,98820,100,100369,100,,,100682,100,,,100859,100,,,,,,
2019-06-28 09:53:00.000000000,99876,220,99379,220,99911,216,99287,216,99912,216,99271,216,99942,100,99139,100,100009,100,99079,100,100255,100,98820,100,100369,100,,,100682,100,,,100859,100,,,,,,
2019-06-28 09:53:10.000000000,99876,276,99379,276,99911,276,99287,276,99912,100,99271,100,99942,100,99139,100,100009,100,99079,100,100255,100,98820,100,100369,100,,,100682,100,,,100859,100,,,,,,
2019-06-28 09:53:12.238557021,99773,100,99379,276,99876,276,99287,276,99911,276,99271,100,99912,100,99139,100,99942,100,99079,100,100009,100,98820,100,100255,100,,,100369,100,,,100682,100,,,100859,100,,
2019-06-28 09:53:13.742338954,99773,100,99379,276,99876,276,99373,100,99911,276,99287,276,99912,100,99271,100,99942,100,99139,100,100009,100,99079,100,100255,100,98820,100,100369,100,,,100682,100,,,100859,100,,
2019-06-28 09:53:14.249797728,99608,100,99379,276,99773,100,99373,100,99876,276,99287,276,99911,276,99271,100,99912,100,99139,100,99942,100,99079,100,100009,100,98820,100,100255,100,,,100369,100,,,100682,100,,
2019-06-28 09:53:20.000000000,99608,220,99379,220,99773,216,99373,216,99876,216,99287,216,99911,100,99271,100,99912,100,99139,100,99942,100,99079,100,100009,100,98820,100,100255,100,,,100369,100,,,100682,100,,
2019-06-28 09:53:30.000000000,99608,276,99379,276,99773,276,99373,276,99876,100,99287,100,99911,100,99271,100,99912,100,99139,100,99942,100,99079,100,100009,100,98820,100,100255,100,,,100369,100,,,100682,100,,
2019-06-28 09:53:30.997319832,99500,100,99379,276,99608,276,99373,276,99773,276,99287,100,99876,100,99139,100,99911,100,99079,100,99912,100,98820,100,99942,100,,,100009,100,,,100255,100,,,100369,100,,
2019-06-28 09:53:40.000000000,99500,220,99379,220,99608,216,99373,216,99773,216,99287,216,99876,100,99139,100,99911,100,99079,100,99912,100,98820,100,99942,100,,,100009,100,,,100255,100,,,100369,100,,
2019-06-28 09:53:42.815271004,99500,220,99379,220,99608,216,99373,216,99773,116,99287,216,99876,100,99139,100,99911,100,99079,100,99912,100,98820,100,99942,100,,,100004,100,,,100009,100,,,100255,100,,
2019-06-28 09:53:50.000000000,99500,220,99379,220,99608,216,99373,216,99876,216,99287,216,99911,100,99139,100,99912,100,99079,100,99942,100,98820,100,100004,100,,,100009,100,,,100255,100,,,100369,100,,
2019-06-28 09:54:00.000000000,99500,220,99379,220,99608,216,99373,216,99876,216,99287,216,99911,100,99139,100,99912,100,99079,100,99942,100,98820,100,100004,100,,,100009,100,,,100255,100,,,100369,100,,
2019-06-28 09:54:10.000000000,99500,188,99379,188,99608,188,99373,188,99876,188,99287,188,99911,188,99139,188,99912,100,99079,100,99942,100,98820,100,100004,100,,,100009,100,,,100255,100,,,100369,100,,
2019-06-28 09:54:12.801061067,99500,88,99379,188,99608,188,99373,188,99876,188,99287,188,99911,188,99139,188,99912,100,99079,100,99942,100,98820,100,100004,100,,,100009,100,,,100255,100,,,100369,100,,
2019-06-28 09:54:14.947239123,99500,88,99379,188,99608,188,99373,188,99876,188,99287,188,99911,188,99139,188,99912,100,99079,100,99929,100,98820,100,99942,100,,,100009,100,,,100255,100,,,100369,100,,
2019-06-28 09:54:20.000000000,99608,276,99379,276,99876,276,99373,276,99911,100,99287,100,99912,100,99139,100,99929,100,99079,100,99942,100,98820,100,100009,100,,,100255,100,,,100369,100,,,100682,100,,
2019-06-28 09:54:23.345427807,99608,176,99379,276,99876,276,99373,276,99911,100,99287,100,99912,100,99139,100,99942,100,99079,100,100009,100,98820,100,100255,100,,,100369,100,,,100682,100,,,100859,100,,
2019-06-28 09:54:30.000000000,99876,188,99379,188,99911,188,99373,188,99912,188,99287,188,99942,188,99139,188,100009,100,99079,100,100255,100,98820,100,100369,100,,,100682,100,,,100859,100,,,,,,
2019-06-28 09:54:36.655081956,99876,88,99379,188,99911,188,99373,188,99912,188,99287,188,99942,188,99139,188,100009,100,99079,100,100255,100,98820,100,100369,100,,,100682,100,,,100859,100,,,,,,
2019-06-28 09:54:40.000000000,99911,170,99379,170,99912,170,99373,170,99942,170,99287,170,100009,170,99139,170,100255,170,99079,170,100369,100,98820,100,100682,100,,,100859,100,,,,,,,,,,
2019-06-28 09:54:42.383123900,99911,70,99379,170,99912,170,99373,170,99942,170,99287,170,100009,170,99139,170,100255,170,99079,170,100369,100,98820,100,100682,100,,,100859,100,,,,,,,,,,
2019-06-28 09:54:50.000000000,99912,188,99379,188,99942,188,99373,188,100009,188,99287,188,100255,188,99139,188,100369,100,99079,100,100682,100,98820,100,100859,100,,,,,,,,,,,,,,
2019-06-28 09:54:50.054622611,99912,188,99379,188,99942,188,99373,188,100009,188,99287,188,100084,100,99139,188,100255,188,99079,100,100369,100,,,100682,100,,,100859,100,,,,,,,,,,
2019-06-28 09:54:59.909317030,99912,88,99379,188,99942,188,99373,188,100009,188,99287,188,100084,100,99139,188,100255,188,99079,100,100369,100,,,100682,100,,,100859,100,,,,,,,,,,
2019-06-28 09:55:00.000000000,99942,220,99379,220,100009,216,99373,216,100084,216,99287,216,100255,100,99139,100,100369,100,99079,100,100682,100,,,100859,100,,,,,,,,,,,,,,
2019-06-28 09:55:10.000000000,99942,220,99379,220,100009,216,99373,216,100084,216,99287,216,100255,100,99139,100,100369,100,99079,100,100682,100,,,100859,100,,,,,,,,,,,,,,
2019-06-28 09:55:20.000000000,99942,276,99379,276,100009,276,99373,276,100084,100,99287,100,100255,100,99139,100,100369,100,99079,100,100682,100,,,100859,100,,,,,,,,,,,,,,
2019-06-28 09:55:30.000000000,99942,276,99379,276,100009,276,99373,276,100084,100,99287,100,100255,100,99139,100,100369,100,99079,100,100682,100,,,100859,100,,,,,,,,,,,,,,
2019-06-28 09:55:35.840184207,99942,276,99927,100,100009,276,99379,276,100084,100,99373,276,100255,100,99287,100,100369,100,99139,100,100682,100,,,100859,100,,,,,,,,,,,,,,
2019-06-28 09:55:38.974743149,99942,276,99379,276,100009,276,99373,276,100084,100,99287,100,100209,100,99139,100,100255,100,,,100369,100,,,100682,100,,,100859,100,,,,,,,,,,
2019-06-28 09:55:40.000000000,99942,188,99379,188,100009,188,99373,188,100084,188,99287,188,100209,188,99139,188,100255,100,,,100369,100,,,100682,100,,,100859,100,,,,,,,,,,
2019-06-28 09:55:40.736547511,99942,188,99379,188,100009,188,99373,188,100084,188,99287,188,100209,188,99139,188,100255,100,,,100307,100,,,100369,100,,,100682,100,,,100859,100,,,,,,
2019-06-28 09:55:50.000000000,99942,276,99379,276,100009,276,99373,276,100084,100,99287,100,100209,100,99139,100,100255,100,,,100307,100,,,100369,100,,,100682,100,,,100859,100,,,,,,
2019-06-28 09:55:59.609390297,99942,276,99379,276,100009,276,99373,276,100084,100,99287,100,100209,100,99139,100,100255,100,,,100290,100,,,100307,100,,,100369,100,,,100682,100,,,100859,100,,
2019-06-28 09:56:00.000000000,99942,188,99379,188,100009,188,99373,188,100084,188,99287,188,100209,188,99139,188,100255,100,,,100290,100,,,100307,100,,,100369,100,,,100682,100,,,100859,100,,
2019-06-28 09:56:10.000000000,99942,220,99379,220,100009,216,99373,216,100084,216,99287,216,100209,100,99139,100,100255,100,,,100290,100,,,100307,100,,,100369,100,,,100682,100,,,100859,100,,
2019-06-28 09:56:20.000000000,99942,276,99379,276,100009,276,99373,276,100084,100,99287,100,100209,100,99139,100,100255,100,,,100290,100,,,100307,100,,,100369,100,,,100682,100,,,100859,100,,
2019-06-28 09:56:27.254350623,99942,276,99379,276,99969,100,99373,276,100009,276,99287,100,100084,100,99139,100,100209,100,,,100255,100,,,100290,100,,,100307,100,,,100369,100,,,100682,100,,
2019-06-28 09:56:30.000000000,99942,276,99379,276,99969,276,99373,276,100009,100,99287,100,100084,100,99139,100,100209,100,,,100255,100,,,100290,100,,,100307,100,,,100369,100,,,100682,100,,
2019-06-28 09:56:40.000000000,99942,276,99379,276,99969,276,99373,276,100009,100,99287,100,100084,100,99139,100,100209,100,,,100255,100,,,100290,100,,,100307,100,,,100369,100,,,100682,100,,
2019-06-28 09:56:50.000000000,99942,220,99379,220,99969,216,99373,216,100009,216,99287,216,100084,100,99139,100,100209,100,,,100255,100,,,100290,100,,,100307,100,,,100369,100,,,100682,100,,
2019-06-28 09:57:00.000000000,99942,170,99379,170,99969,170,99373,170,100009,170,99287,170,100084,170,99139,170,100209,170,99138,70,100255,100,,,100290,100,,,100307,100,,,100369,100,,,100682,100,,
2019-06-28 09:57:03.724591723,99942,170,99379,170,99944,100,99373,170,99969,70,99287,170,100009,170,99139,170,100084,170,99138,70,100209,170,,,100255,100,,,100290,100,,,100307,100,,,100369,100,,
2019-06-28 09:57:10.000000000,99942,220,99379,220,99944,216,99373,216,100009,216,99287,216,100084,100,99139,100,100209,100,,,100255,100,,,100290,100,,,100307,100,,,100369,100,,,100682,100,,
2019-06-28 09:57:14.263055820,99942,220,99379,220,99944,216,99373,216,100009,216,99287,216,100084,100,99139,100,100153,100,,,100209,100,,,100255,100,,,100290,100,,,100307,100,,,100369,100,,
2019-06-28 09:57:20.000000000,99942,170,99379,170,99944,170,99373,170,100009,170,99287,170,100084,170,99139,170,100153,170,99138,70,100209,100,,,100255,100,,,100290,100,,,100307,100,,,100369,100,,
2019-06-28 09:57:29.910587419,99942,170,99911,100,99944,170,99379,170,100009,170,99373,170,100084,170,99287,170,100153,170,99139,170,100209,100,99138,70,100255,100,,,100290,100,,,100307,100,,,100369,100,,
2019-06-28 09:57:30.000000000,99942,188,99911,188,99944,188,99379,188,100009,188,99373,188,100084,188,99287,188,100153,100,99139,100,100209,100,,,100255,100,,,100290,100,,,100307,100,,,100369,100,,
2019-06-28 09:57:36.696548471,99942,188,99911,88,99944,188,99379,188,100009,188,99373,188,100084,188,99287,188,100153,100,99139,100,100209,100,,,100255,100,,,100290,100,,,100307,100,,,100369,100,,
2019-06-28 09:57:40.000000000,99942,452,99379,452,99944,100,99373,100,100009,100,99287,100,100084,100,99139,100,100153,100,,,100209,100,,,100255,100,,,100290,100,,,100307,100,,,100369,100,,
2019-06-28 09:57:42.463787441,99942,452,99912,100,99944,100,99379,452,100084,100,99373,100,100153,100,99287,100,100209,100,99139,100,100255,100,,,100290,100,,,100307,100,,,100369,100,,,100682,100,,
2019-06-28 09:57:50.000000000,99942,220,99912,220,99944,216,99379,216,100084,216,99373,216,100153,100,99287,100,100209,100,99139,100,100255,100,,,100290,100,,,100307,100,,,100369,100,,,100682,100,,
2019-06-28 09:57:54.966667260,99942,220,99912,120,99944,216,99379,216,100084,216,99373,216,100153,100,99287,100,100209,100,99139,100,100255,100,,,100290,100,,,100307,100,,,100369,100,,,100682,100,,
2019-06-28 09:58:00.000000000,99942,188,99379,188,99944,188,99373,188,100084,188,99287,188,100153,188,99139,188,100209,100,,,100255,100,,,100290,100,,,100307,100,,,100369,100,,,100682,100,,
2019-06-28 09:58:06.143848983,99776,100,99379,188,99942,188,99373,188,99944,188,99287,188,100084,188,99139,188,100153,188,,,100209,100,,,100255,100,,,100290,100,,,100307,100,,,100369,100,,
2019-06-28 09:58:10.000000000,99776,170,99379,170,99942,170,99373,170,99944,170,99287,170,100084,170,99139,170,100153,170,99138,70,100209,100,,,100255,100,,,100290,100,,,100307,100,,,100369,100,,
2019-06-28 09:58:20.000000000,99776,188,99379,188,99942,188,99373,188,99944,188,99287,188,100084,188,99139,188,100153,100,,,100209,100,,,100255,100,,,100290,100,,,100307,100,,,100369,100,,
2019-06-28 09:58:30.000000000,99776,188,99379,188,99942,188,99373,188,99944,188,99287,188,100084,188,99139,188,100153,100,,,100209,100,,,100255,100,,,100290,100,,,100307,100,,,100369,100,,
2019-06-28 09:58:37.058392527,99712,100,99379,188,99776,188,99373,188,99942,188,99287,188,99944,188,99139,188,100084,188,,,100153,100,,,100209,100,,,100255,100,,,100290,100,,,100307,100,,
2019-06-28 09:58:38.867407459,99712,100,99379,188,99722,100,99373,188,99776,188,99287,188,99942,188,99139,188,99944,188,,,100084,188,,,100153,100,,,100209,100,,,100255,100,,,100290,100,,
2019-06-28 09:58:40.000000000,99712,276,99379,276,99722,276,99373,276,99776,100,99287,100,99942,100,99139,100,99944,100,,,100084,100,,,100153,100,,,100209,100,,,100255,100,,,100290,100,,
2019-06-28 09:58:42.722755354,99712,276,99379,276,99722,276,99373,276,99776,100,99287,100,99924,100,99139,100,99942,100,,,99944,100,,,100084,100,,,100153,100,,,100209,100,,,100255,100,,
2019-06-28 09:58:50.000000000,99712,188,99379,188,99722,188,99373,188,99776,188,99287,188,99924,188,99139,188,99942,100,,,99944,100,,,100084,100,,,100153,100,,,100209,100,,,100255,100,,
2019-06-28 09:59:00.000000000,99712,170,99379,170,99722,170,99373,170,99776,170,99287,170,99924,170,99139,170,99942,170,99138,70,99944,100,,,100084,100,,,100153,100,,,100209,100,,,100255,100,,
2019-06-28 09:59:10.000000000,99712,188,99379,188,99722,188,99373,188,99776,188,99287,188,99924,188,99139,188,99942,100,,,99944,100,,,100084,100,,,100153,100,,,100209,100,,,100255,100,,
2019-06-28 09:59:13.180422718,99562,100,99379,188,99712,188,99373,188,99722,188,99287,188,99776,188,99139,188,99924,188,,,99942,100,,,99944,100,,,100084,100,,,100153,100,,,100209,100,,
2019-06-28 09:59:20.000000000,99562,220,99379,220,99712,216,99373,216,99722,216,99287,216,99776,100,99139,100,99924,100,,,99942,100,,,99944,100,,,100084,100,,,100153,100,,,100209,100,,
2019-06-28 09:59:30.000000000,99562,220,99379,220,99712,216,99373,216,99722,216,99287,216,99776,100,99139,100,99924,100,,,99942,100,,,99944,100,,,100084,100,,,100153,100,,,100209,100,,
2019-06-28 09:59:40.000000000,99562,170,99379,170,99712,170,99373,170,99722,170,99287,170,99776,170,99139,170,99924,170,99138,70,99942,100,,,99944,100,,,100084,100,,,100153,100,,,100209,100,,
2019-06-28 09:59:49.771201721,99562,170,99379,170,99712,170,99373,170,99722,170,99360,100,99776,170,99287,170,99924,170,99139,170,99942,100,99138,70,99944,100,,,100084,100,,,100153,100,,,100209,100,,
2019-06-28 09:59:50.000000000,99562,452,99379,452,99712,100,99373,100,99722,100,99360,100,99776,100,99287,100,99924,100,99139,100,99942,100,,,99944,100,,,100084,100,,,100153,100,,,100209,100,,
2019-06-28 10:00:00.000000000,99562,220,99379,220,99712,216,99373,216,99722,216,99360,216,99776,100,99287,100,99924,100,99139,100,99942,100,,,99944,100,,,100084,100,,,100153,100,,,100209,100,,
2019-06-28 10:00:01.615790675,99562,220,99379,220,99712,216,99373,216,99722,216,99360,216,99776,100,99287,100,99924,100,99139,100,99942,100,99058,100,99944,100,,,100084,100,,,100153,100,,,100209,100,,
2019-06-28 10:00:10.000000000,99562,188,99379,188,99712,188,99373,188,99722,188,99360,188,99776,188,99287,188,99924,100,99139,100,99942,100,99058,100,99944,100,,,100084,100,,,100153,100,,,100209,100,,
2019-06-28 10:00:20.000000000,99562,276,99379,276,99712,276,99373,276,99722,100,99360,100,99776,100,99287,100,99924,100,99139,100,99942,100,99058,100,99944,100,,,100084,100,,,100153,100,,,100209,100,,
2019-06-28 10:00:30.000000000,99562,452,99379,452,99712,100,99373,100,99722,100,99360,100,99776,100,99287,100,99924,100,99139,100,99942,100,99058,100,99944,100,,,100084,100,,,100153,100,,,100209,100,,
2019-06-28 10:00:40.000000000,99562,452,99379,452,99712,100,99373,100,99722,100,99360,100,99776,100,99287,100,99924,100,99139,100,99942,100,99058,100,99944,100,,,100084,100,,,100153,100,,,100209,100,,
2019-06-28 10:00:41.735590555,99562,452,99379,352,99712,100,99373,100,99722,100,99360,100,99776,100,99287,100,99924,100,99139,100,99942,100,99058,100,99944,100,,,100084,100,,,100153,100,,,100209,100,,
2019-06-28 10:00:45.759337740,99562,452,99460,100,99712,100,99379,352,99722,100,99373,100,99776,100,99360,100,99924,100,99287,100,99942,100,99139,100,99944,100,99058,100,100084,100,,,100153,100,,,100209,100,,
2019-06-28 10:00:47.641102702,99562,452,99379,352,99712,100,99373,100,99722,100,99360,100,99776,100,99287,100,99924,100,99139,100,99942,100,99058,100,99944,100,,,100084,100,,,100153,100,,,100209,100,,
2019-06-28 10:00:49.720395503,99562,452,99434,100,99712,100,99379,352,99722,100,99373,100,99776,100,99360,100,99924,100,99287,100,99942,100,99139,100,99944,100,99058,100,100084,100,,,100153,100,,,100209,100,,
2019-06-28 10:00:50.000000000,99562,452,99434,452,99712,100,99373,100,99722,100,99360,100,99776,100,99287,100,99924,100,99139,100,99942,100,99058,100,99944,100,,,100084,100,,,100153,100,,,100209,100,,
2019-06-28 10:00:53.252506416,99460,100,99434,452,99562,452,99373,100,99712,100,99360,100,99722,100,99287,100,99776,100,99139,100,99924,100,99058,100,99942,100,,,99944,100,,,100084,100,,,100153,100,,
2019-06-28 10:01:00.000000000,99460,452,99434,452,99562,100,99373,100,99712,100,99360,100,99722,100,99287,100,99776,100,99139,100,99924,100,99058,100,99942,100,,,99944,100,,,100084,100,,,100153,100,,
2019-06-28 10:01:10.000000000,99460,452,99434,452,99562,100,99373,100,99712,100,99360,100,99722,100,99287,100,99776,100,99139,100,99924,100,99058,100,99942,100,,,99944,100,,,100084,100,,,100153,100,,
2019-06-28 10:01:20.000000000,99460,220,99434,220,99562,216,99373,216,99712,216,99360,216,99722,100,99287,100,99776,100,99139,100,99924,100,99058,100,99942,100,,,99944,100,,,100084,100,,,100153,100,,
2019-06-28 10:01:27.851165206,99460,320,99434,220,99562,216,99373,216,99712,216,99360,216,99722,100,99287,100,99776,100,99139,100,99924,100,99058,100,99942,100,,,99944,100,,,100084,100,,,100153,100,,
2019-06-28 10:01:30.000000000,99460,376,99434,276,99562,276,99373,276,99712,100,99360,100,99722,100,99287,100,99776,100,99139,100,99924,100,99058,100,99942,100,,,99944,100,,,100084,100,,,100153,100,,
2019-06-28 10:01:40.000000000,99460,288,99434,188,99562,188,99373,188,99712,188,99360,188,99722,188,99287,188,99776,100,99139,100,99924,100,99058,100,99942,100,,,99944,100,,,100084,100,,,100153,100,,
2019-06-28 10:01:50.000000000,99460,376,99434,276,99562,276,99373,276,99712,100,99360,100,99722,100,99287,100,99776,100,99139,100,99924,100,99058,100,99942,100,,,99944,100,,,100084,100,,,100153,100,,
2019-06-28 10:01:59.098989650,99460,376,99434,176,99562,276,99373,276,99712,100,99360,100,99722,100,99287,100,99776,100,99139,100,99924,100,99058,100,99942,100,,,100084,100,,,100153,100,,,100209,100,,
2019-06-28 10:02:00.000000000,99460,288,99373,188,99562,188,99360,188,99712,188,99287,188,99722,188,99139,188,99776,100,99058,100,99924,100,,,99942,100,,,100084,100,,,100153,100,,,100209,100,,
2019-06-28 10:02:10.000000000,99460,376,99373,276,99562,276,99360,276,99712,100,99287,100,99722,100,99139,100,99776,100,99058,100,99924,100,,,99942,100,,,100084,100,,,100153,100,,,100209,100,,
2019-06-28 10:02:13.107234992,99460,376,99373,176,99562,276,99360,276,99712,100,99287,100,99722,100,99139,100,99776,100,99058,100,99924,100,,,99942,100,,,100084,100,,,100153,100,,,100209,100,,
2019-06-28 10:02:20.000000000,99460,552,99360,452,99562,100,99287,100,99712,100,99139,100,99722,100,99058,100,99776,100,,,99924,100,,,99942,100,,,100084,100,,,100153,100,,,100209,100,,
2019-06-28 10:02:28.684978790,99460,552,99360,452,99562,100,99287,100,99712,100,99196,100,99722,100,99139,100,99776,100,99058,100,99924,100,,,99942,100,,,100084,100,,,100153,100,,,100209,100,,
2019-06-28 10:02:30.000000000,99460,376,99360,276,99562,276,99287,276,99712,100,99196,100,99722,100,99139,100,99776,100,99058,100,99924,100,,,99942,100,,,100084,100,,,100153,100,,,100209,100,,
2019-06-28 10:02:40.000000000,99460,320,99360,220,99562,216,99287,216,99712,216,99196,216,99722,100,99139,100,99776,100,99058,100,99924,100,,,99942,100,,,100084,100,,,100153,100,,,100209,100,,
2019-06-28 10:02:45.341082381,99379,100,99360,220,99460,320,99287,216,99562,216,99196,216,99712,216,99139,100,99722,100,99058,100,99776,100,,,99924,100,,,99942,100,,,100084,100,,,100153,100,,
2019-06-28 10:02:50.000000000,99379,170,99360,170,99460,270,99287,170,99562,170,99196,170,99712,170,99139,170,99722,170,99058,170,99776,100,,,99924,100,,,99942,100,,,100084,100,,,100153,100,,
2019-06-28 10:02:58.793005996,99379,170,99374,100,99460,170,99360,170,99562,170,99287,170,99712,170,99196,170,99722,170,99139,170,99776,100,99058,170,99924,100,,,99942,100,,,100084,100,,,100153,100,,
2019-06-28 10:03:00.000000000,99379,170,99374,170,99460,170,99360,170,99562,170,99287,170,99712,170,99196,170,99722,170,99139,170,99776,100,99058,100,99924,100,,,99942,100,,,100084,100,,,100153,100,,
2019-06-28 10:03:02.904246584,99379,70,99374,170,99460,170,99360,170,99562,170,99287,170,99712,170,99196,170,99722,170,99139,170,99776,100,99058,100,99924,100,,,99942,100,,,100084,100,,,100153,100,,
2019-06-28 10:03:04.272833772,99379,70,99374,170,99460,170,99360,70,99562,170,99287,170,99608,100,99196,170,99712,170,99139,170,99722,170,99058,100,99776,100,,,99924,100,,,99942,100,,,100084,100,,
2019-06-28 10:03:10.000000000,99460,276,99374,276,99562,276,99287,276,99608,100,99196,100,99712,100,99139,100,99722,100,99058,100,99776,100,,,99924,100,,,99942,100,,,100084,100,,,100153,100,,
2019-06-28 10:03:20.000000000,99460,220,99374,220,99562,216,99287,216,99608,216,99196,216,99712,100,99139,100,99722,100,99058,100,99776,100,,,99924,100,,,99942,100,,,100084,100,,,100153,100,,
2019-06-28 10:03:30.000000000,99460,452,99374,452,99562,100,99287,100,99608,100,99196,100,99712,100,99139,100,99722,100,99058,100,99776,100,,,99924,100,,,99942,100,,,100084,100,,,100153,100,,
2019-06-28 10:03:40.000000000,99460,220,99374,220,99562,216,99287,216,99608,216,99196,216,99712,100,99139,100,99722,100,99058,100,99776,100,,,99924,100,,,99942,100,,,100084,100,,,100153,100,,
2019-06-28 10:03:42.135459200,99460,220,99374,220,99552,100,99287,216,99562,216,99196,216,99608,216,99139,100,99712,100,,,99722,100,,,99776,100,,,99924,100,,,99942,100,,,100084,100,,
2019-06-28 10:03:50.000000000,99460,276,99374,276,99552,276,99287,276,99562,100,99196,100,99608,100,99139,100,99712,100,,,99722,100,,,99776,100,,,99924,100,,,99942,100,,,100084,100,,
2019-06-28 10:03:50.821223730,99460,176,99374,276,99552,276,99287,276,99562,100,99196,100,99608,100,99139,100,99712,100,,,99722,100,,,99924,100,,,99942,100,,,100084,100,,,100153,100,,
2019-06-28 10:03:57.725557842,99460,76,99374,276,99552,276,99287,276,99562,100,99196,100,99608,100,,,99712,100,,,99722,100,,,99924,100,,,99942,100,,,100084,100,,,100153,100,,
2019-06-28 10:04:00.000000000,99552,452,99374,452,99562,100,99287,100,99608,100,99196,100,99712,100,,,99722,100,,,99924,100,,,99942,100,,,100084,100,,,100153,100,,,100209,100,,
2019-06-28 10:04:10.000000000,99552,276,99374,276,99562,276,99287,276,99608,100,99196,100,99712,100,,,99722,100,,,99924,100,,,99942,100,,,100084,100,,,100153,100,,,100209,100,,
2019-06-28 10:04:20.000000000,99552,220,99374,220,99562,216,99287,216,99608,216,99196,216,99712,100,,,99722,100,,,99924,100,,,99942,100,,,100084,100,,,100153,100,,,100209,100,,
2019-06-28 10:04:20.134415383,99552,220,99460,100,99562,216,99374,220,99608,216,99287,216,99712,100,99196,216,99722,100,,,99924,100,,,99942,100,,,100084,100,,,100153,100,,,100209,100,,
2019-06-28 10:04:28.441950397,99552,220,99481,100,99562,216,99460,100,99608,216,99374,220,99712,100,99287,216,99722,100,99196,216,99924,100,,,99942,100,,,100084,100,,,100153,100,,,100290,100,,
2019-06-28 10:04:30.000000000,99552,452,99481,452,99562,100,99460,100,99608,100,99374,100,99712,100,99287,100,99722,100,99196,100,99924,100,,,99942,100,,,100084,100,,,100153,100,,,100290,100,,
2019-06-28 10:04:40.000000000,99552,170,99481,170,99562,170,99460,170,99608,170,99374,170,99712,170,99287,170,99722,170,99196,170,99924,100,,,99942,100,,,100084,100,,,100153,100,,,100290,100,,
2019-06-28 10:04:45.365954771,99552,170,99481,170,99562,170,99460,170,99608,70,99374,170,99712,170,99287,170,99722,170,99196,170,99782,100,,,99924,100,,,99942,100,,,100084,100,,,100153,100,,
2019-06-28 10:04:50.000000000,99552,276,99481,276,99562,276,99460,276,99712,100,99374,100,99722,100,99287,100,99782,100,99196,100,99924,100,,,99942,100,,,100084,100,,,100153,100,,,100290,100,,
2019-06-28 10:04:51.062629436,99552,276,99481,276,99562,276,99460,276,99700,100,99374,100,99712,100,99287,100,99782,100,99196,100,99924,100,,,99942,100,,,100084,100,,,100153,100,,,100290,100,,
2019-06-28 10:05:00.000000000,99552,452,99481,452,99562,100,99460,100,99700,100,99374,100,99712,100,99287,100,99782,100,99196,100,99924,100,,,99942,100,,,100084,100,,,100153,100,,,100290,100,,
2019-06-28 10:05:10.000000000,99552,276,99481,276,99562,276,99460,276,99700,100,99374,100,99712,100,99287,100,99782,100,99196,100,99924,100,,,99942,100,,,100084,100,,,100153,100,,,100290,100,,
2019-06-28 10:05:14.135443956,99552,276,99481,276,99562,276,99460,276,99700,100,99374,100,99712,100,99287,100,99782,100,99196,100,99924,100,,,99942,100,,,100084,100,,,100153,100,,,100189,100,,
2019-06-28 10:05:20.000000000,99552,220,99481,220,99562,216,99460,216,99700,216,99374,216,99712,100,99287,100,99782,100,99196,100,99924,100,,,99942,100,,,100084,100,,,100153,100,,,100189,100,,
2019-06-28 10:05:23.239053705,99552,220,99481,220,99562,216,99460,216,99700,216,99374,216,99782,100,99287,100,99924,100,99196,100,99942,100,,,99945,100,,,100084,100,,,100153,100,,,100189,100,,
2019-06-28 10:05:30.000000000,99552,170,99481,170,99562,170,99460,170,99700,170,99374,170,99782,170,99287,170,99924,170,99196,170,99942,100,,,99945,100,,,100084,100,,,100153,100,,,100189,100,,
2019-06-28 10:05:40.000000000,99552,276,99481,276,99562,276,99460,276,99700,100,99374,100,99782,100,99287,100,99924,100,99196,100,99942,100,,,99945,100,,,100084,100,,,100153,100,,,100189,100,,
2019-06-28 10:05:41.087826032,99552,176,99481,276,99562,276,99460,276,99700,100,99374,100,99782,100,99287,100,99924,100,99196,100,99942,100,,,99945,100,,,100084,100,,,100153,100,,,100189,100,,
2019-06-28 10:05:47.219780699,99552,176,99481,276,99562,276,99460,276,99700,100,99374,100,99782,100,99287,100,99924,100,99196,100,99942,100,,,99945,100,,,100016,100,,,100084,100,,,100153,100,,
2019-06-28 10:05:50.000000000,99562,276,99481,276,99700,276,99460,276,99782,100,99374,100,99924,100,99287,100,99942,100,99196,100,99945,100,,,100016,100,,,100084,100,,,100153,100,,,100189,100,,
2019-06-28 10:05:58.284346367,99562,276,99481,276,99700,276,99460,276,99782,100,99374,100,99924,100,99287,100,99942,200,99196,100,99945,100,,,100016,100,,,100084,100,,,100153,100,,,100189,100,,
2019-06-28 10:06:00.000000000,99562,452,99481,452,99700,100,99460,100,99782,100,99374,100,99924,100,99287,100,99942,200,99196,100,99945,100,,,100016,100,,,100084,100,,,100153,100,,,100189,100,,
2019-06-28 10:06:10.000000000,99562,220,99481,220,99700,216,99460,216,99782,216,99374,216,99924,100,99287,100,99942,200,99196,100,99945,100,,,100016,100,,,100084,100,,,100153,100,,,100189,100,,
2019-06-28 10:06:19.349774830,99562,220,99481,220,99648,100,99460,216,99700,216,99374,216,99782,216,99287,100,99924,100,99196,100,99942,200,,,99945,100,,,100016,100,,,100084,100,,,100153,100,,
2019-06-28 10:06:20.000000000,99562,220,99481,220,99648,216,99460,216,99700,216,99374,216,99782,100,99287,100,99924,100,99196,100,99942,200,,,99945,100,,,100016,100,,,100084,100,,,100153,100,,
2019-06-28 10:06:23.031588880,99562,220,99481,220,99648,216,99460,216,99700,216,99374,216,99782,100,99287,100,99924,100,99196,100,99942,200,,,99945,100,,,99974,100,,,100016,100,,,100084,100,,
2019-06-28 10:06:30.000000000,99562,220,99481,220,99648,216,99460,216,99700,216,99374,216,99782,100,99287,100,99924,100,99196,100,99942,200,,,99945,100,,,99974,100,,,100016,100,,,100084,100,,
2019-06-28 10:06:36.219537428,99562,220,99482,100,99648,216,99481,220,99700,216,99460,216,99782,100,99374,216,99924,100,99287,100,99942,200,99196,100,99945,100,,,99974,100,,,100016,100,,,100084,100,,
2019-06-28 10:06:40.000000000,99562,452,99482,452,99648,100,99481,100,99700,100,99460,100,99782,100,99374,100,99924,100,99287,100,99942,200,99196,100,99945,100,,,99974,100,,,100016,100,,,100084,100,,
2019-06-28 10:06:45.796139657,99562,452,99482,452,99648,100,99481,100,99700,100,99460,100,99782,100,99374,100,99924,100,99287,100,99942,200,99196,100,99945,100,,,99974,100,,,100016,100,,,100084,100,,
2019-06-28 10:06:50.000000000,99562,220,99482,220,99648,216,99481,216,99700,216,99460,216,99782,100,99374,100,99924,100,99287,100,99942,200,99196,100,99945,100,,,99974,100,,,100016,100,,,100084,100,,
2019-06-28 10:06:52.428487722,99562,120,99482,220,99648,216,99481,216,99700,216,99460,216,99782,100,99374,100,99942,200,99287,100,99945,100,99196,100,99974,100,,,100016,100,,,100084,100,,,100153,100,,
2019-06-28 10:07:00.000000000,99648,452,99482,452,99700,100,99481,100,99782,100,99460,100,99942,200,99374,100,99945,100,99287,100,99974,100,99196,100,100016,100,,,100084,100,,,100153,100,,,100189,100,,
2019-06-28 10:07:07.449929635,99648,452,99482,452,99700,100,99481,100,99782,100,99460,100,99799,100,99374,100,99942,200,99287,100,99945,100,99196,100,99974,100,,,100016,100,,,100084,100,,,100153,100,,
2019-06-28 10:07:10.000000000,99648,220,99482,220,99700,216,99481,216,99782,216,99460,216,99799,100,99374,100,99942,200,99287,100,99945,100,99196,100,99974,100,,,100016,100,,,100084,100,,,100153,100,,
2019-06-28 10:07:20.000000000,99648,220,99482,220,99700,216,99481,216,99782,216,99460,216,99799,100,99374,100,99942,200,99287,100,99945,100,99196,100,99974,100,,,100016,100,,,100084,100,,,100153,100,,
2019-06-28 10:07:30.000000000,99648,220,99482,220,99700,216,99481,216,99782,216,99460,216,99799,100,99374,100,99942,200,99287,100,99945,100,99196,100,99974,100,,,100016,100,,,100084,100,,,100153,100,,
2019-06-28 10:07:35.257014774,99648,220,99482,220,99700,216,99481,216,99782,216,99460,216,99799,100,99374,100,99942,200,99287,100,99945,100,99196,100,99974,100,,,100016,100,,,100084,100,,,100153,100,,
2019-06-28 10:07:40.000000000,99648,188,99482,188,99700,188,99481,188,99782,188,99460,188,99799,188,99374,188,99942,200,99287,100,99945,100,99196,100,99974,100,,,100016,100,,,100084,100,,,100153,100,,
2019-06-28 10:07:50.000000000,99648,276,99482,276,99700,276,99481,276,99782,100,99460,100,99799,100,99374,100,99942,200,99287,100,99945,100,99196,100,99974,100,,,100016,100,,,100084,100,,,100153,100,,
2019-06-28 10:08:00.000000000,99648,220,99482,220,99700,216,99481,216,99782,216,99460,216,99799,100,99374,100,99942,200,99287,100,99945,100,99196,100,99974,100,,,100016,100,,,100084,100,,,100153,100,,
2019-06-28 10:08:10.000000000,99648,170,99482,170,99700,170,99481,170,99782,170,99460,170,99799,170,99374,170,99942,270,99287,170,99945,100,99196,100,99974,100,,,100016,100,,,100084,100,,,100153,100,,
2019-06-28 10:08:20.000000000,99648,276,99482,276,99700,276,99481,276,99782,100,99460,100,99799,100,99374,100,99942,200,99287,100,99945,100,99196,100,99974,100,,,100016,100,,,100084,100,,,100153,100,,
2019-06-28 10:08:30.000000000,99648,220,99482,220,99700,216,99481,216,99782,216,99460,216,99799,100,99374,100,99942,200,99287,100,99945,100,99196,100,99974,100,,,100016,100,,,100084,100,,,100153,100,,
2019-06-28 10:08:40.000000000,99648,188,99482,188,99700,188,99481,188,99782,188,99460,188,99799,188,99374,188,99942,200,99287,100,99945,100,99196,100,99974,100,,,100016,100,,,100084,100,,,100153,100,,
2019-06-28 10:08:41.706503654,99648,88,99482,188,99700,188,99481,188,99782,188,99460,188,99799,188,99374,188,99942,200,99287,100,99945,100,99196,100,99974,100,,,100016,100,,,100084,100,,,100153,100,,
2019-06-28 10:08:42.567123726,99648,88,99482,188,99700,188,99481,188,99782,188,99460,188,99799,188,99374,188,99942,200,99287,100,99945,100,99196,100,99974,100,,,100016,100,,,100084,100,,,100153,100,,
2019-06-28 10:08:50.000000000,99700,220,99482,220,99782,216,99481,216,99799,216,99460,216,99942,200,99374,100,99945,100,99287,100,99974,100,99196,100,100016,100,,,100084,100,,,100153,100,,,100189,100,,
2019-06-28 10:09:00.000000000,99700,220,99482,220,99782,216,99481,216,99799,216,99460,216,99942,200,99374,100,99945,100,99287,100,99974,100,99196,100,100016,100,,,100084,100,,,100153,100,,,100189,100,,
2019-06-28 10:09:01.487805058,99700,120,99482,220,99782,216,99481,216,99799,216,99460,216,99942,200,99374,100,99945,100,99287,100,99974,100,,,100016,100,,,100084,100,,,100153,100,,,100189,100,,
2019-06-28 10:09:10.000000000,99782,220,99482,220,99799,216,99481,216,99942,316,99460,216,99945,100,99374,100,99974,100,99287,100,100016,100,,,100084,100,,,100153,100,,,100189,100,,,100220,100,,
2019-06-28 10:09:20.000000000,99782,276,99482,276,99799,276,99481,276,99942,200,99460,100,99945,100,99374,100,99974,100,99287,100,100016,100,,,100084,100,,,100153,100,,,100189,100,,,100220,100,,
2019-06-28 10:09:22.832487952,99782,76,99482,276,99799,276,99481,276,99942,200,99460,100,99945,100,99374,100,99974,100,99287,100,100016,100,,,100084,100,,,100153,100,,,100189,100,,,100220,100,,
2019-06-28 10:09:30.000000000,99799,452,99482,452,99942,200,99481,100,99945,100,99460,100,99974,100,99374,100,100016,100,99287,100,100084,100,,,100153,100,,,100189,100,,,100220,100,,,100290,100,,
2019-06-28 10:09:40.000000000,99799,452,99482,452,99942,200,99481,100,99945,100,99460,100,99974,100,99374,100,100016,100,99287,100,100084,100,,,100153,100,,,100189,100,,,100220,100,,,100290,100,,
2019-06-28 10:09:44.438702469,99799,352,99482,452,99942,200,99481,100,99945,100,99460,100,99974,100,99374,100,100016,100,99287,100,100084,100,,,100153,100,,,100189,100,,,100220,100,,,100290,100,,
2019-06-28 10:09:50.000000000,99942,320,99482,220,99945,216,99481,216,99974,216,99460,216,100016,100,99374,100,100084,100,99287,100,100153,100,,,100189,100,,,100220,100,,,100290,100,,,100307,100,,
2019-06-28 10:09:54.562207109,99942,320,99482,220,99945,216,99481,216,99974,116,99460,216,100016,100,99374,100,100084,100,99287,100,100153,100,,,100189,100,,,100220,100,,,100290,100,,,100307,100,,
2019-06-28 10:10:00.000000000,99942,376,99482,276,99945,276,99481,276,100016,100,99460,100,100084,100,99374,100,100153,100,99287,100,100189,100,,,100220,100,,,100290,100,,,100307,100,,,100369,100,,
2019-06-28 10:10:10.000000000,99942,288,99482,188,99945,188,99481,188,100016,188,99460,188,100084,188,99374,188,100153,100,99287,100,100189,100,,,100220,100,,,100290,100,,,100307,100,,,100369,100,,
2019-06-28 10:10:18.984003487,99942,188,99482,188,99945,188,99481,188,100016,188,99460,188,100084,188,99374,188,100153,100,99287,100,100189,100,,,100220,100,,,100290,100,,,100307,100,,,100369,100,,
2019-06-28 10:10:20.000000000,99942,276,99482,276,99945,276,99481,276,100016,100,99460,100,100084,100,99374,100,100153,100,99287,100,100189,100,,,100220,100,,,100290,100,,,100307,100,,,100369,100,,
2019-06-28 10:10:24.805079014,99942,276,99799,100,99945,276,99482,276,100016,100,99481,276,100084,100,99460,100,100153,100,99374,100,100189,100,99287,100,100220,100,,,100290,100,,,100307,100,,,100369,100,,
2019-06-28 10:10:30.000000000,99942,188,99799,188,99945,188,99482,188,100016,188,99481,188,100084,188,99460,188,100153,100,99374,100,100189,100,99287,100,100220,100,,,100290,100,,,100307,100,,,100369,100,,
2019-06-28 10:10:30.941437676,99942,188,99799,288,99945,188,99482,188,100016,188,99481,188,100084,188,99460,188,100153,100,99374,100,100189,100,99287,100,100220,100,,,100290,100,,,100307,100,,,100369,100,,
2019-06-28 10:10:34.329251089,99942,188,99799,388,99945,188,99482,88,100016,188,99481,188,100084,188,99460,188,100153,100,99374,100,100189,100,99287,100,100220,100,,,100290,100,,,100307,100,,,100369,100,,
2019-06-28 10:10:40.000000000,99942,188,99799,388,99945,188,99481,188,100016,188,99460,188,100084,188,99374,188,100153,100,99287,100,100189,100,,,100220,100,,,100290,100,,,100307,100,,,100369,100,,
2019-06-28 10:10:50.000000000,99942,170,99799,370,99945,170,99481,170,100016,170,99460,170,100084,170,99374,170,100153,170,99287,170,100189,100,,,100220,100,,,100290,100,,,100307,100,,,100369,100,,
2019-06-28 10:10:55.046200503,99942,170,99799,470,99945,170,99481,170,100016,170,99460,170,100084,170,99374,170,100153,170,99287,170,100189,100,,,100220,100,,,100290,100,,,100307,100,,,100369,100,,
2019-06-28 10:11:00.000000000,99942,188,99799,488,99945,188,99481,188,100016,188,99460,188,100084,188,99374,188,100153,100,99287,100,100189,100,,,100220,100,,,100290,100,,,100307,100,,,100369,100,,
2019-06-28 10:11:08.506073396,99942,88,99799,488,99945,188,99481,188,100016,188,99460,188,100084,188,99374,188,100153,100,99287,100,100189,100,,,100220,100,,,100290,100,,,100307,100,,,100369,100,,
2019-06-28 10:11:10.000000000,99945,452,99799,752,100016,100,99481,100,100084,100,99460,100,100153,100,99374,100,100189,100,99287,100,100220,100,,,100290,100,,,100307,100,,,100369,100,,,100370,100,,
2019-06-28 10:11:20.000000000,99945,188,99799,488,100016,188,99481,188,100084,188,99460,188,100153,188,99374,188,100189,100,99287,100,100220,100,,,100290,100,,,100307,100,,,100369,100,,,100370,100,,
2019-06-28 10:11:30.000000000,99945,452,99799,752,100016,100,99481,100,100084,100,99460,100,100153,100,99374,100,100189,100,99287,100,100220,100,,,100290,100,,,100307,100,,,100369,100,,,100370,100,,
2019-06-28 10:11:31.642586692,99945,452,99942,100,100016,100,99799,752,100084,100,99481,100,100153,100,99460,100,100189,100,99374,100,100220,100,99287,100,100290,100,,,100307,100,,,100369,100,,,100370,100,,
2019-06-28 10:11:37.245822423,99945,452,99942,100,100016,100,99799,752,100084,100,99481,100,100153,100,99460,100,100189,100,99374,100,100220,100,99287,100,100290,100,,,100307,100,,,100369,100,,,100370,100,,
2019-06-28 10:11:40.000000000,99945,170,99942,170,100016,170,99799,470,100084,170,99481,170,100153,170,99460,170,100189,170,99374,170,100220,100,99287,100,100290,100,,,100307,100,,,100369,100,,,100370,100,,
