,ask_price_1,ask_size_1,bid_price_1,bid_size_1,ask_price_2,ask_size_2,bid_price_2,bid_size_2,ask_price_3,ask_size_3,bid_price_3,bid_size_3,ask_price_4,ask_size_4,bid_price_4,bid_size_4,ask_price_5,ask_size_5,bid_price_5,bid_size_5,ask_price_6,ask_size_6,bid_price_6,bid_size_6,ask_price_7,ask_size_7,bid_price_7,bid_size_7,ask_price_8,ask_size_8,bid_price_8,bid_size_8,ask_price_9,ask_size_9,bid_price_9,bid_size_9,ask_price_10,ask_size_10,bid_price_10,bid_size_10
2019-06-28 09:30:00.000000001,100099,100,99981,100,100119,100,99909,100,100155,100,,,,,,,,,,,,,,,,,,,,,,,,,,,,,,
2019-06-28 09:30:00.000000003,100099,100,99981,100,100119,100,99909,100,100155,100,99892,100,,,,,,,,,,,,,,,,,,,,,,,,,,,,
2019-06-28 09:30:00.000000004,100062,100,99981,100,100095,100,99909,100,100099,100,99892,100,100111,100,,,100116,100,,,100119,100,,,100155,100,,,,,,,,,,,,,,
2019-06-28 09:30:00.000000006,100062,100,99981,100,100095,100,99909,100,100099,100,99892,200,100111,100,,,100116,100,,,100119,100,,,100155,100,,,,,,,,,,,,,,
2019-06-28 09:30:00.000000008,100095,100,99981,100,100099,100,99909,100,100111,100,99892,200,100116,100,,,100119,100,,,100155,100,,,,,,,,,,,,,,,,,,
2019-06-28 09:30:00.000000010,100095,100,99981,100,100099,100,99909,100,100111,100,99892,200,100116,100,,,100118,100,,,100119,100,,,100155,100,,,,,,,,,,,,,,
2019-06-28 09:30:00.000000011,100095,100,99981,100,100099,100,99909,100,100111,100,99892,200,100116,100,99889,100,100118,100,,,100119,100,,,100155,100,,,,,,,,,,,,,,
2019-06-28 09:30:00.000000012,100050,100,99981,100,100095,100,99909,100,100099,100,99892,200,100111,100,99889,100,100116,100,,,100118,100,,,100119,100,,,100155,100,,,,,,,,,,
2019-06-28 09:30:00.000000013,100050,100,99909,100,100095,100,99892,200,100099,100,99889,100,100111,100,,,100116,100,,,100118,100,,,100119,100,,,100124,100,,,100155,100,,,,,,
2019-06-28 09:30:00.000000015,100050,100,99926,100,100095,100,99909,100,100099,100,99892,200,100111,100,99889,100,100116,100,,,100118,100,,,100119,100,,,100124,100,,,100155,100,,,,,,
2019-06-28 09:30:00.000000017,100050,100,99932,100,100095,100,99926,100,100099,100,99909,100,100111,100,99892,200,100116,100,99889,100,100118,100,,,100119,100,,,100124,100,,,100155,100,,,,,,
2019-06-28 09:30:00.000000018,100050,100,99932,100,100086,100,99926,100,100095,100,99909,100,100099,100,99892,200,100111,100,99889,100,100116,100,,,100118,100,,,100119,100,,,100124,100,,,100155,100,,
2019-06-28 09:30:00.000000021,100050,100,100009,100,100086,100,99932,100,100095,100,99926,100,100099,100,99909,100,100111,100,99892,200,100116,100,99889,100,100118,100,,,100119,100,,,100124,100,,,100155,100,,
2019-06-28 09:30:00.000000023,100050,100,100009,100,100086,100,99932,100,100095,100,99926,100,100099,100,99909,100,100101,100,99892,200,100111,100,99889,100,100116,100,,,100118,100,,,100119,100,,,100124,100,,
2019-06-28 09:30:00.000000025,100050,100,100009,100,100057,100,99932,100,100086,100,99926,100,100095,100,99909,100,100099,100,99892,200,100101,100,99889,100,100111,100,,,100116,100,,,100118,100,,,100119,100,,
2019-06-28 09:30:00.000000030,100050,100,100009,100,100057,100,99932,200,100086,100,99926,100,100095,100,99909,100,100099,100,99892,200,100101,100,99889,100,100111,100,,,100116,100,,,100118,100,,,100119,100,,
2019-06-28 09:30:00.000000035,100050,100,100009,100,100057,100,99995,100,100086,100,99932,200,100095,100,99926,100,100099,100,99909,100,100101,100,99892,200,100111,100,99889,100,100116,100,,,100118,100,,,100119,100,,
2019-06-28 09:30:00.000000036,100050,100,99995,100,100057,100,99932,200,100086,100,99926,100,100095,100,99909,100,100099,100,99892,200,100101,100,99889,100,100111,100,,,100116,100,,,100118,100,,,100119,100,,
2019-06-28 09:30:00.000000037,100050,100,99995,200,100057,100,99932,200,100086,100,99926,100,100095,100,99909,100,100099,100,99892,200,100101,100,99889,100,100111,100,,,100116,100,,,100118,100,,,100119,100,,
2019-06-28 09:30:00.000000038,100050,100,99995,200,100057,100,99959,100,100086,100,99932,200,100095,100,99926,100,100099,100,99909,100,100101,100,99892,200,100111,100,99889,100,100116,100,,,100118,100,,,100119,100,,
2019-06-28 09:30:00.000000041,100050,100,99995,200,100057,100,99959,100,100086,100,99932,200,100095,100,99926,100,100099,100,99909,100,100101,100,99892,200,100111,100,99889,100,100116,100,99852,100,100118,100,,,100119,100,,
2019-06-28 09:30:00.000000042,100009,100,99995,200,100044,100,99959,100,100050,100,99932,200,100057,100,99926,100,100086,100,99909,100,100095,100,99892,200,100099,100,99889,100,100101,100,99852,100,100111,100,,,100116,100,,
2019-06-28 09:30:00.000000043,100009,100,99995,200,100044,100,99981,100,100050,100,99959,100,100057,100,99932,200,100086,100,99926,100,100095,100,99909,100,100099,100,99892,200,100101,100,99889,100,100111,100,99852,100,100116,100,,
2019-06-28 09:30:00.000000044,100009,100,99995,200,100044,100,99981,100,100050,100,99959,100,100057,100,99932,200,100086,100,99926,100,100095,100,99909,100,100099,100,99892,200,100101,100,99889,100,100111,100,99852,100,100116,100,,
2019-06-28 09:30:00.000000048,100044,100,99995,100,100050,100,99981,100,100057,100,99959,100,100086,100,99932,200,100095,100,99926,100,100099,100,99909,100,100101,100,99892,200,100111,100,99889,100,100116,100,99852,100,100118,100,,
2019-06-28 09:30:00.000000049,100044,100,99995,100,100050,100,99981,100,100057,100,99959,100,100086,100,99938,100,100095,100,99932,200,100099,100,99926,100,100101,100,99909,100,100111,100,99892,200,100116,100,99889,100,100118,100,99852,100
2019-06-28 09:30:00.000000051,100044,100,99995,100,100050,100,99981,100,100057,200,99959,100,100086,100,99938,100,100095,100,99932,200,100099,100,99926,100,100101,100,99909,100,100111,100,99892,200,100116,100,99889,100,100118,100,99852,100
2019-06-28 09:30:00.000000053,100044,100,99995,100,100050,100,99981,100,100057,200,99959,100,100086,100,99938,100,100095,100,99932,200,100099,100,99926,100,100101,100,99909,100,100111,100,99892,200,100116,100,99889,100,100118,100,99870,100
2019-06-28 09:30:00.000000054,100018,100,99995,100,100044,100,99981,100,100050,100,99959,100,100057,200,99938,100,100086,100,99932,200,100095,100,99926,100,100099,100,99909,100,100101,100,99892,200,100111,100,99889,100,100116,100,99870,100
2019-06-28 09:30:00.000000061,100018,200,99995,100,100044,100,99981,100,100050,100,99959,100,100057,200,99938,100,100086,100,99932,200,100088,100,99926,100,100095,100,99909,100,100099,100,99892,200,100101,100,99889,100,100111,100,99870,100
2019-06-28 09:30:00.000000065,100018,300,99995,100,100044,100,99981,100,100047,100,99959,100,100050,100,99938,100,100057,200,99932,200,100086,100,99926,100,100088,100,99909,100,100095,100,99892,200,100099,100,99889,100,100101,100,99870,100
2019-06-28 09:30:00.000000068,100018,300,99995,100,100044,100,99981,100,100047,100,99959,100,100050,100,99938,100,100057,200,99932,200,100086,100,99926,100,100088,100,99924,100,100095,100,99909,100,100099,100,99892,200,100101,100,99889,100
2019-06-28 09:30:00.000000069,100018,300,99995,100,100044,100,99981,100,100047,100,99959,100,100050,100,99938,100,100057,200,99932,200,100072,100,99926,100,100086,100,99924,100,100088,100,99909,100,100095,100,99892,200,100099,100,99889,100
2019-06-28 09:30:00.000000072,100018,300,99995,100,100044,100,99981,100,100047,100,99959,100,100050,100,99938,100,100057,200,99932,200,100072,100,99926,100,100077,100,99924,100,100086,100,99909,100,100088,100,99892,200,100095,100,99889,100
2019-06-28 09:30:00.000000074,100018,300,99995,100,100044,100,99981,100,100047,100,99959,100,100050,100,99938,100,100057,200,99932,200,100072,100,99926,100,100077,100,99924,100,100086,100,99909,100,100088,100,99892,200,100095,100,99889,100
2019-06-28 09:30:00.000000079,100018,300,99995,100,100044,100,99981,100,100047,100,99974,100,100050,100,99959,100,100057,200,99938,100,100072,100,99932,200,100077,100,99926,100,100086,100,99924,100,100088,100,99909,100,100095,100,99892,200
2019-06-28 09:30:00.000000081,100018,300,100016,100,100044,100,99995,100,100047,100,99981,100,100050,100,99974,100,100057,200,99959,100,100072,100,99938,100,100077,100,99932,200,100086,100,99926,100,100088,100,99924,100,100095,100,99909,100
2019-06-28 09:30:00.000000084,100018,300,100016,100,100044,100,99995,100,100047,100,99993,100,100050,100,99981,100,100057,200,99974,100,100072,100,99959,100,100077,100,99938,100,100086,100,99932,200,100088,100,99926,100,100095,100,99924,100
2019-06-28 09:30:00.000000086,100018,300,100016,100,100044,100,99995,100,100047,100,99993,100,100050,100,99981,100,100057,200,99974,100,100072,100,99959,100,100077,100,99938,100,100086,100,99932,200,100088,100,99926,100,100090,100,99924,100
2019-06-28 09:30:00.000000088,100018,300,100016,100,100044,100,99995,100,100047,100,99993,100,100050,100,99981,100,100057,200,99974,100,100072,100,99959,100,100077,100,99938,100,100086,100,99932,200,100088,100,99926,100,100090,100,99924,100
2019-06-28 09:30:00.000000091,100018,300,100016,100,100044,100,99995,100,100047,100,99993,100,100050,100,99981,100,100057,200,99974,100,100072,100,99967,100,100077,100,99959,100,100086,100,99938,100,100088,100,99932,200,100090,100,99926,100
2019-06-28 09:30:00.000000093,100018,300,100016,100,100044,100,99995,100,100047,100,99993,100,100050,100,99981,100,100057,200,99974,100,100072,100,99967,100,100077,100,99959,100,100086,100,99938,100,100088,100,99932,200,100090,100,99926,100
2019-06-28 09:30:00.000000094,100018,300,100016,100,100044,100,99995,100,100047,100,99993,100,100050,100,99981,100,100057,200,99974,100,100072,100,99967,100,100077,100,99959,100,100086,100,99938,100,100088,100,99936,100,100090,100,99932,200
2019-06-28 09:30:00.000000096,100018,300,100016,100,100044,100,99995,100,100047,100,99993,100,100050,100,99981,100,100057,200,99974,100,100072,100,99967,100,100077,100,99959,100,100086,100,99946,100,100088,100,99938,100,100090,100,99936,100
2019-06-28 09:30:00.000000097,100018,300,100016,100,100044,100,99995,200,100047,100,99993,100,100050,100,99981,100,100057,200,99974,100,100072,100,99967,100,100077,100,99959,100,100086,100,99946,100,100088,100,99938,100,100090,100,99936,100
2019-06-28 09:30:00.000000098,100018,300,99995,200,100044,100,99993,100,100047,100,99981,100,100050,100,99974,100,100057,200,99967,100,100072,100,99959,100,100077,100,99946,100,100086,100,99938,100,100088,100,99936,100,100090,100,99932,200
2019-06-28 09:30:10.000000000,100018,513,99995,413,100044,313,99993,313,100047,100,99981,100,100050,100,99974,100,100057,200,99967,100,100072,100,99959,100,100077,100,99946,100,100086,100,99938,100,100088,100,99936,100,100090,100,99932,200
2019-06-28 09:30:20.000000000,100018,513,99995,413,100044,313,99993,313,100047,100,99981,100,100050,100,99974,100,100057,200,99967,100,100072,100,99959,100,100077,100,99946,100,100086,100,99938,100,100088,100,99936,100,100090,100,99932,200
2019-06-28 09:30:30.000000000,100018,445,99995,345,100044,241,99993,241,100047,241,99981,241,100050,100,99974,100,100057,200,99967,100,100072,100,99959,100,100077,100,99946,100,100086,100,99938,100,100088,100,99936,100,100090,100,99932,200
2019-06-28 09:30:40.000000000,100018,726,99995,626,100044,100,99993,100,100047,100,99981,100,100050,100,99974,100,100057,200,99967,100,100072,100,99959,100,100077,100,99946,100,100086,100,99938,100,100088,100,99936,100,100090,100,99932,200
2019-06-28 09:30:41.903642371,100017,100,99995,626,100018,726,99993,100,100044,100,99981,100,100047,100,99974,100,100050,100,99967,100,100057,200,99959,100,100072,100,99946,100,100077,100,99938,100,100086,100,99936,100,100088,100,99932,200
2019-06-28 09:30:50.000000000,100017,245,99995,345,100018,441,99993,241,100044,241,99981,241,100047,100,99974,100,100050,100,99967,100,100057,200,99959,100,100072,100,99946,100,100077,100,99938,100,100086,100,99936,100,100088,100,99932,200
2019-06-28 09:30:59.385516418,100017,245,99995,345,100018,441,99993,241,100044,241,99981,241,100047,100,99974,100,100050,100,99967,100,100057,200,99959,100,100072,100,99946,100,100077,100,99938,100,100086,100,99936,100,100088,100,99932,100
2019-06-28 09:31:00.000000000,100017,206,99995,306,100018,406,99993,206,100044,206,99981,206,100047,206,99974,206,100050,100,99967,100,100057,200,99959,100,100072,100,99946,100,100077,100,99938,100,100086,100,99936,100,100088,100,99932,100
2019-06-28 09:31:10.000000000,100017,313,99995,413,100018,513,99993,313,100044,100,99981,100,100047,100,99974,100,100050,100,99967,100,100057,200,99959,100,100072,100,99946,100,100077,100,99938,100,100086,100,99936,100,100088,100,99932,100
2019-06-28 09:31:14.822763121,100017,313,99995,413,100018,513,99993,313,100044,100,99981,100,100047,100,99974,100,100050,100,99967,100,100057,200,99959,100,100072,100,99946,100,100077,100,99938,100,100086,100,99936,100,100088,100,99932,100
2019-06-28 09:31:20.000000000,100017,526,99995,626,100018,300,99993,100,100044,100,99981,100,100047,100,99974,100,100050,100,99967,100,100057,200,99959,100,100072,100,99946,100,100077,100,99938,100,100086,100,99936,100,100088,100,99932,100
2019-06-28 09:31:30.000000000,100017,526,99995,626,100018,300,99993,100,100044,100,99981,100,100047,100,99974,100,100050,100,99967,100,100057,200,99959,100,100072,100,99946,100,100077,100,99938,100,100086,100,99936,100,100088,100,99932,100
2019-06-28 09:31:37.823419244,100017,526,99995,626,100018,300,99993,100,100044,100,99981,100,100047,100,99974,100,100050,100,99967,100,100057,200,99946,100,100072,100,99938,100,100077,100,99936,100,100086,100,99932,100,100088,100,99926,100
2019-06-28 09:31:40.000000000,100017,206,99995,306,100018,406,99993,206,100044,206,99981,206,100047,206,99974,206,100050,100,99967,100,100057,200,99946,100,100072,100,99938,100,100077,100,99936,100,100086,100,99932,100,100088,100,99926,100
2019-06-28 09:31:50.000000000,100017,313,99995,413,100018,513,99993,313,100044,100,99981,100,100047,100,99974,100,100050,100,99967,100,100057,200,99946,100,100072,100,99938,100,100077,100,99936,100,100086,100,99932,100,100088,100,99926,100
2019-06-28 09:31:50.950680401,100017,313,99995,313,100018,513,99993,313,100044,100,99981,100,100047,100,99974,100,100050,100,99967,100,100057,200,99946,100,100072,100,99938,100,100077,100,99936,100,100086,100,99932,100,100088,100,99926,100
2019-06-28 09:32:00.000000000,100017,185,99995,185,100018,385,99993,185,100044,185,99981,185,100047,185,99974,185,100050,185,99967,185,100057,200,99946,100,100072,100,99938,100,100077,100,99936,100,100086,100,99932,100,100088,100,99926,100
2019-06-28 09:32:10.000000000,100017,206,99995,206,100018,406,99993,206,100044,206,99981,206,100047,206,99974,206,100050,100,99967,100,100057,200,99946,100,100072,100,99938,100,100077,100,99936,100,100086,100,99932,100,100088,100,99926,100
2019-06-28 09:32:14.791518039,100017,206,100016,100,100018,406,99995,206,100044,206,99993,206,100047,206,99981,206,100050,100,99974,206,100057,200,99967,100,100072,100,99946,100,100077,100,99938,100,100086,100,99936,100,100088,100,99932,100
2019-06-28 09:32:20.000000000,100017,526,100016,526,100018,300,99995,100,100044,100,99993,100,100047,100,99981,100,100050,100,99974,100,100057,200,99967,100,100072,100,99946,100,100077,100,99938,100,100086,100,99936,100,100088,100,99932,100
2019-06-28 09:32:30.000000000,100017,206,100016,206,100018,406,99995,206,100044,206,99993,206,100047,206,99981,206,100050,100,99974,100,100057,200,99967,100,100072,100,99946,100,100077,100,99938,100,100086,100,99936,100,100088,100,99932,100
2019-06-28 09:32:39.317572775,100017,206,100016,206,100018,406,99995,206,100044,206,99993,206,100047,206,99981,206,100050,100,99974,100,100057,200,99967,100,100072,100,99946,100,100077,100,99938,100,100086,100,99936,100,100088,100,99932,100
2019-06-28 09:32:40.000000000,100017,526,100016,526,100018,300,99995,100,100044,100,99993,100,100047,100,99981,100,100050,100,99974,100,100057,200,99967,100,100072,100,99946,100,100077,100,99938,100,100086,100,99936,100,100088,100,99932,100
2019-06-28 09:32:50.000000000,100017,245,100016,245,100018,441,99995,241,100044,241,99993,241,100047,100,99981,100,100050,100,99974,100,100057,200,99967,100,100072,100,99946,100,100077,100,99938,100,100086,100,99936,100,100088,100,99932,100
2019-06-28 09:32:50.086701014,100017,145,100016,245,100018,441,99995,241,100044,241,99993,241,100047,100,99981,100,100050,100,99974,100,100057,200,99967,100,100072,100,99946,100,100077,100,99936,100,100086,100,99932,100,100088,100,99926,100
2019-06-28 09:32:52.796691551,100017,45,100016,245,100018,441,99995,241,100044,241,99993,241,100047,100,99981,100,100050,100,99974,100,100057,200,99967,100,100072,100,99946,100,100077,100,99936,100,100086,100,99932,100,100088,100,99926,100
2019-06-28 09:32:56.498688670,100018,441,100017,55,100044,241,100016,245,100047,100,99995,241,100050,100,99993,241,100057,200,99981,100,100077,100,99974,100,100086,100,99967,100,100088,100,99946,100,100090,100,99936,100,100095,200,99932,100
2019-06-28 09:33:00.000000000,100018,726,100017,481,100044,100,100016,100,100047,100,99995,100,100050,100,99993,100,100057,200,99981,100,100077,100,99974,100,100086,100,99967,100,100088,100,99946,100,100090,100,99936,100,100095,200,99932,100
2019-06-28 09:33:00.802641735,100018,726,100017,481,100044,100,100016,100,100047,100,99995,100,100050,100,99993,100,100057,200,99981,100,100077,100,99974,100,100086,100,99967,100,100088,100,99946,100,100090,100,99936,100,100095,200,99932,100
2019-06-28 09:33:07.520584261,100018,726,100017,581,100044,100,100016,100,100047,100,99995,100,100050,100,99993,100,100057,200,99981,100,100077,100,99974,100,100086,100,99967,100,100088,100,99946,100,100090,100,99936,100,100095,200,99932,100
2019-06-28 09:33:09.697905232,100018,626,100017,581,100044,100,100016,100,100047,100,99995,100,100057,200,99993,100,100077,100,99981,100,100086,100,99974,100,100088,100,99967,100,100090,100,99946,100,100095,200,99936,100,100099,100,99932,100
2019-06-28 09:33:10.000000000,100018,285,100017,240,100044,185,100016,185,100047,185,99995,185,100057,285,99993,185,100077,185,99981,185,100086,100,99974,100,100088,100,99967,100,100090,100,99946,100,100095,200,99936,100,100099,100,99932,100
2019-06-28 09:33:10.372820529,100018,285,100017,240,100044,185,100016,185,100047,185,99995,185,100057,285,99993,185,100077,185,99981,185,100086,100,99974,100,100088,100,99967,100,100090,100,99946,100,100095,200,99936,100,100099,100,99932,100
2019-06-28 09:33:20.000000000,100018,626,100017,581,100044,100,100016,100,100047,100,99995,100,100057,200,99993,100,100077,100,99981,100,100086,100,99974,100,100088,100,99967,100,100090,100,99946,100,100095,200,99936,100,100099,100,99932,100
2019-06-28 09:33:30.000000000,100018,306,100017,261,100044,206,100016,206,100047,206,99995,206,100057,306,99993,206,100077,100,99981,100,100086,100,99974,100,100088,100,99967,100,100090,100,99946,100,100095,200,99936,100,100099,100,99932,100
2019-06-28 09:33:40.000000000,100018,413,100017,368,100044,313,100016,313,100047,100,99995,100,100057,200,99993,100,100077,100,99981,100,100086,100,99974,100,100088,100,99967,100,100090,100,99946,100,100095,200,99936,100,100099,100,99932,100
2019-06-28 09:33:43.478692100,100018,413,100017,368,100044,313,100016,313,100047,100,99995,100,100057,200,99993,100,100077,100,99981,100,100086,100,99974,100,100088,100,99967,100,100090,100,99946,100,100095,200,99936,100,100099,100,99932,100
2019-06-28 09:33:50.000000000,100018,285,100017,240,100044,185,100016,185,100047,185,99995,185,100057,285,99993,185,100077,185,99981,185,100086,100,99974,100,100088,100,99967,100,100090,100,99946,100,100095,200,99936,100,100099,100,99932,100
2019-06-28 09:34:00.000000000,100018,626,100017,581,100044,100,100016,100,100047,100,99995,100,100057,200,99993,100,100077,100,99981,100,100086,100,99974,100,100088,100,99967,100,100090,100,99946,100,100095,200,99936,100,100099,100,99932,100
2019-06-28 09:34:10.000000000,100018,626,100017,581,100044,100,100016,100,100047,100,99995,100,100057,200,99993,100,100077,100,99981,100,100086,100,99974,100,100088,100,99967,100,100090,100,99946,100,100095,200,99936,100,100099,100,99932,100
2019-06-28 09:34:20.000000000,100018,413,100017,368,100044,313,100016,313,100047,100,99995,100,100057,200,99993,100,100077,100,99981,100,100086,100,99974,100,100088,100,99967,100,100090,100,99946,100,100095,200,99936,100,100099,100,99932,100
2019-06-28 09:34:30.000000000,100018,626,100017,581,100044,100,100016,100,100047,100,99995,100,100057,200,99993,100,100077,100,99981,100,100086,100,99974,100,100088,100,99967,100,100090,100,99946,100,100095,200,99936,100,100099,100,99932,100
2019-06-28 09:34:30.872708030,100018,626,100017,581,100044,100,100016,100,100047,100,99995,100,100057,200,99993,100,100077,100,99981,100,100086,100,99974,100,100088,100,99967,100,100090,100,99946,100,100095,200,99936,100,100099,100,99932,100
2019-06-28 09:34:32.233550078,100018,526,100017,581,100044,100,100016,100,100047,100,99995,100,100057,100,99993,100,100077,100,99981,100,100086,100,99974,100,100088,100,99967,100,100090,100,99946,100,100095,200,99936,100,100099,100,99932,100
2019-06-28 09:34:40.000000000,100018,313,100017,368,100044,313,100016,313,100047,100,99995,100,100057,100,99993,100,100077,100,99981,100,100086,100,99974,100,100088,100,99967,100,100090,100,99946,100,100095,200,99936,100,100099,100,99932,100
2019-06-28 09:34:41.321450288,100018,213,100017,368,100044,313,100016,313,100047,100,99995,100,100057,100,99993,100,100077,100,99981,100,100086,100,99974,100,100088,100,99967,100,100090,100,99946,100,100095,200,99936,100,100099,100,99932,100
2019-06-28 09:34:49.854384022,100018,213,100017,268,100044,313,100016,313,100047,100,99995,100,100057,100,99993,100,100077,100,99981,100,100086,100,99974,100,100088,100,99967,100,100090,100,99946,100,100095,200,99936,100,100099,100,99932,100
2019-06-28 09:34:50.000000000,100044,185,100017,140,100047,185,100016,185,100057,185,99995,185,100077,185,99993,185,100086,185,99981,185,100088,100,99974,100,100090,100,99967,100,100095,200,99946,100,100099,100,99936,100,100101,100,99932,100
2019-06-28 09:35:00.000000000,100044,526,100017,481,100047,100,100016,100,100057,100,99995,100,100077,100,99993,100,100086,100,99981,100,100088,100,99974,100,100090,100,99967,100,100095,200,99946,100,100099,100,99936,100,100101,100,99932,100
2019-06-28 09:35:10.000000000,100044,526,100017,481,100047,100,100016,100,100057,100,99995,100,100077,100,99993,100,100086,100,99981,100,100088,100,99974,100,100090,100,99967,100,100095,200,99946,100,100099,100,99936,100,100101,100,99932,100
2019-06-28 09:35:12.304924409,100044,526,100017,481,100047,100,100016,100,100057,100,99995,100,100077,100,99993,100,100086,100,99981,100,100088,100,99974,100,100090,100,99967,100,100095,100,99946,100,100099,100,99936,100,100101,100,99932,100
2019-06-28 09:35:14.859916686,100044,526,100017,481,100047,100,100016,100,100057,100,99995,100,100077,100,99993,100,100086,100,99981,100,100088,100,99974,100,100090,100,99967,100,100095,100,99946,100,100099,100,99936,100,100101,100,99932,100
2019-06-28 09:35:20.000000000,100044,245,100017,200,100047,241,100016,241,100057,241,99995,241,100077,100,99993,100,100086,100,99981,100,100088,100,99974,100,100090,100,99967,100,100095,100,99946,100,100099,100,99936,100,100101,100,99932,100
2019-06-28 09:35:21.849843299,100044,245,100017,100,100047,241,100016,241,100057,241,99995,241,100077,100,99993,100,100086,100,99981,100,100088,100,99974,100,100090,100,99967,100,100095,100,99946,100,100099,100,99936,100,100101,100,99932,100
2019-06-28 09:35:27.137444251,100044,245,100032,100,100047,241,100017,100,100057,241,100016,241,100077,100,99995,241,100086,100,99993,100,100088,100,99981,100,100090,100,99974,100,100095,100,99967,100,100099,100,99946,100,100101,100,99936,100
2019-06-28 09:35:27.496908079,100044,245,100032,100,100047,241,100018,100,100057,241,100017,100,100077,100,100016,241,100086,100,99995,241,100088,100,99993,100,100090,100,99981,100,100095,100,99974,100,100099,100,99967,100,100101,100,99946,100
2019-06-28 09:35:30.000000000,100044,245,100032,245,100047,241,100018,241,100057,241,100016,241,100077,100,99995,100,100086,100,99993,100,100088,100,99981,100,100090,100,99974,100,100095,100,99967,100,100099,100,99946,100,100101,100,99936,100
2019-06-28 09:35:40.000000000,100044,245,100032,245,100047,241,100018,241,100057,241,100016,241,100077,100,99995,100,100086,100,99993,100,100088,100,99981,100,100090,100,99974,100,100095,100,99967,100,100099,100,99946,100,100101,100,99936,100
2019-06-28 09:35:50.000000000,100044,313,100032,313,100047,313,100018,313,100057,100,100016,100,100077,100,99995,100,100086,100,99993,100,100088,100,99981,100,100090,100,99974,100,100095,100,99967,100,100099,100,99946,100,100101,100,99936,100
2019-06-28 09:35:51.986509876,100044,313,100032,313,100047,313,100018,313,100057,100,100016,100,100077,100,99995,100,100086,100,99993,100,100088,100,99981,100,100090,100,99974,100,100095,100,99967,100,100099,100,99946,100,100101,100,99938,100
2019-06-28 09:36:00.000000000,100044,185,100032,185,100047,185,100018,185,100057,185,100016,185,100077,185,99995,185,100086,185,99993,185,100088,100,99981,100,100090,100,99974,100,100095,100,99967,100,100099,100,99946,100,100101,100,99938,100
2019-06-28 09:36:06.705693018,100044,185,100032,185,100047,185,100024,100,100057,185,100018,185,100077,185,100016,185,100086,185,99995,185,100088,100,99993,185,100090,100,99981,100,100095,100,99974,100,100099,100,99967,100,100101,100,99946,100
2019-06-28 09:36:06.865851295,100044,185,100032,185,100047,185,100024,100,100057,185,100018,185,100077,185,100016,185,100086,185,99995,185,100088,100,99993,185,100090,100,99981,100,100095,100,99974,100,100099,100,99967,100,100101,100,99946,100
2019-06-28 09:36:10.000000000,100044,313,100032,313,100047,313,100024,313,100057,100,100018,100,100077,100,100016,100,100086,100,99995,100,100088,100,99993,100,100090,100,99981,100,100095,100,99974,100,100099,100,99967,100,100101,100,99946,100
2019-06-28 09:36:20.000000000,100044,526,100032,526,100047,100,100024,100,100057,100,100018,100,100077,100,100016,100,100086,100,99995,100,100088,100,99993,100,100090,100,99981,100,100095,100,99974,100,100099,100,99967,100,100101,100,99946,100
2019-06-28 09:36:27.720815555,100044,526,100032,526,100047,100,100024,100,100057,100,100018,200,100077,100,100016,100,100086,100,99995,100,100088,100,99993,100,100090,100,99981,100,100095,100,99974,100,100099,100,99967,100,100101,100,99946,100
2019-06-28 09:36:30.000000000,100044,313,100032,313,100047,313,100024,313,100057,100,100018,200,100077,100,100016,100,100086,100,99995,100,100088,100,99993,100,100090,100,99981,100,100095,100,99974,100,100099,100,99967,100,100101,100,99946,100
2019-06-28 09:36:40.000000000,100044,206,100032,206,100047,206,100024,206,100057,206,100018,306,100077,206,100016,206,100086,100,99995,100,100088,100,99993,100,100090,100,99981,100,100095,100,99974,100,100099,100,99967,100,100101,100,99946,100
2019-06-28 09:36:50.000000000,100044,313,100032,313,100047,313,100024,313,100057,100,100018,200,100077,100,100016,100,100086,100,99995,100,100088,100,99993,100,100090,100,99981,100,100095,100,99974,100,100099,100,99967,100,100101,100,99946,100
2019-06-28 09:37:00.000000000,100044,245,100032,245,100047,241,100024,241,100057,241,100018,341,100077,100,100016,100,100086,100,99995,100,100088,100,99993,100,100090,100,99981,100,100095,100,99974,100,100099,100,99967,100,100101,100,99946,100
2019-06-28 09:37:10.000000000,100044,245,100032,245,100047,241,100024,241,100057,241,100018,341,100077,100,100016,100,100086,100,99995,100,100088,100,99993,100,100090,100,99981,100,100095,100,99974,100,100099,100,99967,100,100101,100,99946,100
2019-06-28 09:37:20.000000000,100044,206,100032,206,100047,206,100024,206,100057,206,100018,306,100077,206,100016,206,100086,100,99995,100,100088,100,99993,100,100090,100,99981,100,100095,100,99974,100,100099,100,99967,100,100101,100,99946,100
2019-06-28 09:37:21.479809686,100044,206,100032,106,100047,206,100024,206,100057,206,100018,306,100077,206,100016,206,100086,100,99995,100,100088,100,99993,100,100090,100,99981,100,100095,100,99974,100,100099,100,99967,100,100101,100,99946,100
2019-06-28 09:37:30.000000000,100044,245,100024,245,100047,241,100018,341,100057,241,100016,241,100077,100,99995,100,100086,100,99993,100,100088,100,99981,100,100090,100,99974,100,100095,100,99967,100,100099,100,99946,100,100101,100,99938,100
2019-06-28 09:37:33.738945646,100044,45,100024,245,100047,241,100018,341,100057,241,100016,241,100077,100,99995,100,100086,100,99993,100,100088,100,99981,100,100090,100,99974,100,100095,100,99967,100,100099,100,99946,100,100101,100,99938,100
2019-06-28 09:37:38.051757911,100044,45,100024,245,100047,241,100018,341,100057,241,100016,141,100077,100,99995,100,100086,100,99993,100,100088,100,99981,100,100090,100,99974,100,100095,100,99967,100,100099,100,99946,100,100101,100,99938,100
2019-06-28 09:37:40.000000000,100047,206,100024,206,100057,206,100018,306,100077,206,99995,206,100086,206,99993,206,100088,100,99981,100,100090,100,99974,100,100095,100,99967,100,100099,100,99946,100,100101,100,99938,100,100108,100,99936,100
2019-06-28 09:37:50.000000000,100047,245,100024,245,100057,241,100018,341,100077,241,99995,241,100086,100,99993,100,100088,100,99981,100,100090,100,99974,100,100095,100,99967,100,100099,100,99946,100,100101,100,99938,100,100108,100,99936,100
2019-06-28 09:38:00.000000000,100047,245,100024,245,100057,241,100018,341,100077,241,99995,241,100086,100,99993,100,100088,100,99981,100,100090,100,99974,100,100095,100,99967,100,100099,100,99946,100,100101,100,99938,100,100108,100,99936,100
2019-06-28 09:38:08.167827879,100047,245,100033,100,100057,241,100024,245,100077,241,100018,341,100086,100,99995,241,100088,100,99993,100,100090,100,99981,100,100095,100,99974,100,100099,100,99967,100,100101,100,99946,100,100108,100,99938,100
2019-06-28 09:38:10.000000000,100047,313,100033,313,100057,313,100024,313,100077,100,100018,200,100086,100,99995,100,100088,100,99993,100,100090,100,99981,100,100095,100,99974,100,100099,100,99967,100,100101,100,99946,100,100108,100,99938,100
2019-06-28 09:38:10.838379786,100047,213,100033,313,100057,313,100024,313,100077,100,100018,200,100086,100,99995,100,100088,100,99993,100,100090,100,99981,100,100095,100,99974,100,100099,100,99967,100,100101,100,99946,100,100108,100,99938,100
2019-06-28 09:38:20.000000000,100057,245,100033,245,100077,241,100024,241,100086,241,100018,341,100088,100,99995,100,100090,100,99993,100,100095,100,99981,100,100099,100,99974,100,100101,100,99967,100,100108,100,99946,100,100111,100,99938,100
2019-06-28 09:38:27.225151964,100057,245,100033,245,100077,241,100024,241,100086,241,100018,341,100088,100,99995,100,100090,100,99993,100,100095,100,99974,100,100099,100,99967,100,100101,100,99946,100,100108,100,99938,100,100111,100,99936,100
2019-06-28 09:38:30.000000000,100057,313,100033,313,100077,313,100024,313,100086,100,100018,200,100088,100,99995,100,100090,100,99993,100,100095,100,99974,100,100099,100,99967,100,100101,100,99946,100,100108,100,99938,100,100111,100,99936,100
2019-06-28 09:38:40.000000000,100057,526,100033,526,100077,100,100024,100,100086,100,100018,200,100088,100,99995,100,100090,100,99993,100,100095,100,99974,100,100099,100,99967,100,100101,100,99946,100,100108,100,99938,100,100111,100,99936,100
2019-06-28 09:38:50.000000000,100057,526,100033,526,100077,100,100024,100,100086,100,100018,200,100088,100,99995,100,100090,100,99993,100,100095,100,99974,100,100099,100,99967,100,100101,100,99946,100,100108,100,99938,100,100111,100,99936,100
2019-06-28 09:38:52.070055815,100057,426,100033,526,100077,100,100024,100,100086,100,100018,200,100088,100,99995,100,100090,100,99993,100,100095,100,99974,100,100099,100,99967,100,100101,100,99946,100,100108,100,99938,100,100111,100,99936,100
2019-06-28 09:39:00.000000000,100077,245,100033,245,100086,241,100024,241,100088,241,100018,341,100090,100,99995,100,100095,100,99993,100,100099,100,99974,100,100101,100,99967,100,100108,100,99946,100,100111,100,99938,100,100118,100,99936,100
2019-06-28 09:39:10.000000000,100077,245,100033,245,100086,241,100024,241,100088,241,100018,341,100090,100,99995,100,100095,100,99993,100,100099,100,99974,100,100101,100,99967,100,100108,100,99946,100,100111,100,99938,100,100118,100,99936,100
2019-06-28 09:39:20.000000000,100077,185,100033,185,100086,185,100024,185,100088,185,100018,285,100090,185,99995,185,100095,185,99993,185,100099,100,99974,100,100101,100,99967,100,100108,100,99946,100,100111,100,99938,100,100118,100,99936,100
2019-06-28 09:39:30.000000000,100077,185,100033,185,100086,185,100024,185,100088,185,100018,285,100090,185,99995,185,100095,185,99993,185,100099,100,99974,100,100101,100,99967,100,100108,100,99946,100,100111,100,99938,100,100118,100,99936,100
2019-06-28 09:39:34.791160548,100077,185,100033,185,100086,185,100024,185,100088,185,100018,285,100090,185,99995,185,100095,185,99993,185,100099,100,99974,100,100101,100,99967,100,100108,100,99946,100,100111,100,99938,100,100118,100,99936,100
2019-06-28 09:39:39.167611752,100077,185,100033,185,100086,185,100024,185,100088,185,100018,285,100090,185,99995,185,100095,185,99993,185,100099,100,99974,100,100101,100,99967,100,100108,100,99946,100,100111,100,99938,100,100118,100,99936,100
2019-06-28 09:39:40.000000000,100077,185,100033,185,100086,185,100024,185,100088,185,100018,285,100090,185,99995,185,100095,185,99993,185,100099,100,99974,100,100101,100,99967,100,100108,100,99946,100,100111,100,99938,100,100118,100,99936,100
2019-06-28 09:39:41.867734908,100077,185,100033,85,100086,185,100024,185,100088,185,100018,285,100090,185,99995,185,100095,185,99993,185,100099,100,99974,100,100101,100,99967,100,100108,100,99946,100,100111,100,99938,100,100118,100,99936,100
2019-06-28 09:39:42.457427504,100077,185,100033,85,100086,185,100024,185,100088,185,100018,285,100090,185,99995,185,100095,185,99993,185,100099,100,99974,100,100101,100,99967,100,100108,100,99946,100,100111,100,99938,100,100118,100,99936,100
2019-06-28 09:39:44.726534652,100033,15,100024,185,100077,185,100018,285,100086,185,99995,185,100088,185,99993,185,100090,185,99974,100,100095,185,99967,100,100099,100,99946,100,100101,100,99938,100,100108,100,99936,100,100111,100,99932,100
2019-06-28 09:39:50.000000000,100033,100,100024,185,100077,185,100018,285,100086,185,99995,185,100088,185,99993,185,100090,185,99974,185,100095,100,99967,100,100099,100,99946,100,100101,100,99938,100,100108,100,99936,100,100111,100,99932,100
2019-06-28 09:39:50.149626906,100033,100,100024,185,100077,185,100018,285,100086,185,99995,185,100088,185,99993,185,100090,185,99974,185,100095,100,99967,100,100099,100,99946,100,100101,100,99938,100,100108,100,99936,100,100111,100,99932,100
2019-06-28 09:40:00.000000000,100033,121,100024,206,100077,206,100018,306,100086,206,99995,206,100088,206,99993,206,100090,100,99974,100,100095,100,99967,100,100099,100,99946,100,100101,100,99938,100,100108,100,99936,100,100111,100,99932,100
2019-06-28 09:40:06.577145049,100033,121,100024,206,100077,206,100018,306,100086,206,99995,206,100088,206,99993,206,100090,100,99991,100,100095,100,99974,100,100099,100,99967,100,100101,100,99946,100,100108,100,99938,100,100111,100,99936,100
2019-06-28 09:40:07.756746957,100026,100,100024,106,100033,121,100018,306,100077,206,99995,206,100086,206,99993,206,100088,206,99991,100,100090,100,99974,100,100095,100,99967,100,100099,100,99946,100,100101,100,99938,100,100108,100,99936,100
2019-06-28 09:40:10.000000000,100026,526,100018,626,100033,15,99995,100,100077,100,99993,100,100086,100,99991,100,100088,100,99974,100,100090,100,99967,100,100095,100,99946,100,100099,100,99938,100,100101,100,99936,100,100108,100,99932,100
2019-06-28 09:40:15.284120734,100026,526,100018,626,100033,15,100002,100,100077,100,99995,100,100086,100,99993,100,100088,100,99991,100,100090,100,99974,100,100095,100,99967,100,100099,100,99946,100,100101,100,99938,100,100108,100,99936,100
2019-06-28 09:40:20.000000000,100026,185,100018,285,100033,100,100002,185,100077,185,99995,185,100086,185,99993,185,100088,185,99991,185,100090,100,99974,100,100095,100,99967,100,100099,100,99946,100,100101,100,99938,100,100108,100,99936,100
2019-06-28 09:40:25.765097445,100026,185,100018,285,100033,100,100002,185,100077,185,99995,185,100086,185,99993,185,100088,185,99991,185,100090,100,99974,100,100099,100,99967,100,100101,100,99946,100,100108,100,99938,100,100111,100,99936,100
2019-06-28 09:40:26.041424655,100026,85,100018,285,100033,100,100002,85,100077,185,99995,185,100086,185,99993,185,100088,185,99991,185,100090,100,99974,100,100099,100,99967,100,100101,100,99946,100,100108,100,99938,100,100111,100,99936,100
2019-06-28 09:40:28.275297840,100026,85,100018,285,100033,100,100002,85,100077,185,99995,185,100086,185,99993,185,100088,185,99991,185,100090,100,99974,100,100099,100,99967,100,100101,100,99946,100,100108,100,99938,100,100111,100,99936,100
2019-06-28 09:40:30.000000000,100033,100,100018,285,100077,185,99995,185,100086,185,99993,185,100088,185,99991,185,100090,185,99974,185,100099,100,99967,100,100101,100,99946,100,100108,100,99938,100,100111,100,99936,100,100118,100,99932,100
2019-06-28 09:40:40.000000000,100033,228,100018,413,100077,313,99995,313,100086,100,99993,100,100088,100,99991,100,100090,100,99974,100,100099,100,99967,100,100101,100,99946,100,100108,100,99938,100,100111,100,99936,100,100118,100,99932,100
2019-06-28 09:40:50.000000000,100033,121,100018,306,100077,206,99995,206,100086,206,99993,206,100088,206,99991,206,100090,100,99974,100,100099,100,99967,100,100101,100,99946,100,100108,100,99938,100,100111,100,99936,100,100118,100,99932,100
2019-06-28 09:41:00.000000000,100033,121,100018,306,100077,206,99995,206,100086,206,99993,206,100088,206,99991,206,100090,100,99974,100,100099,100,99967,100,100101,100,99946,100,100108,100,99938,100,100111,100,99936,100,100118,100,99932,100
2019-06-28 09:41:07.123597443,100033,121,100018,306,100077,206,99995,206,100086,206,99993,206,100088,206,99991,206,100090,100,99974,100,100099,100,99967,100,100101,100,99946,100,100108,100,99938,100,100111,100,99936,100,100118,100,99932,100
2019-06-28 09:41:10.000000000,100033,121,100018,306,100077,206,99995,206,100086,206,99993,206,100088,206,99991,206,100090,100,99974,100,100099,100,99967,100,100101,100,99946,100,100108,100,99938,100,100111,100,99936,100,100118,100,99932,100
2019-06-28 09:41:12.153169312,100033,21,100018,306,100077,206,99995,206,100086,206,99993,206,100088,206,99991,206,100090,100,99974,100,100099,100,99967,100,100101,100,99946,100,100108,100,99938,100,100111,100,99936,100,100118,100,99932,100
2019-06-28 09:41:19.932655036,100077,206,100033,79,100086,206,100018,306,100088,206,99995,206,100090,100,99993,206,100099,100,99991,206,100101,100,99974,100,100108,100,99967,100,100111,100,99946,100,100118,100,99938,100,100119,100,99936,100
2019-06-28 09:41:20.000000000,100077,526,100033,505,100086,100,100018,200,100088,100,99995,100,100090,100,99993,100,100099,100,99991,100,100101,100,99974,100,100108,100,99967,100,100111,100,99946,100,100118,100,99938,100,100119,100,99936,100
2019-06-28 09:41:27.697461449,100077,426,100033,505,100086,100,100018,200,100088,100,99995,100,100090,100,99993,100,100099,100,99991,100,100108,100,99974,100,100111,100,99967,100,100118,100,99946,100,100119,100,99938,100,100124,100,99936,100
2019-06-28 09:41:30.000000000,100086,526,100033,505,100088,100,100018,200,100090,100,99995,100,100099,100,99993,100,100108,100,99991,100,100111,100,99974,100,100118,100,99967,100,100119,100,99946,100,100124,100,99938,100,100132,100,99936,100
2019-06-28 09:41:40.000000000,100086,313,100033,292,100088,313,100018,413,100090,100,99995,100,100099,100,99993,100,100108,100,99991,100,100111,100,99974,100,100118,100,99967,100,100119,100,99946,100,100124,100,99938,100,100132,100,99936,100
2019-06-28 09:41:42.741896159,100086,213,100033,292,100088,313,100018,413,100090,100,99995,100,100099,100,99993,100,100108,100,99991,100,100111,100,99974,100,100118,100,99967,100,100119,100,99946,100,100124,100,99938,100,100132,100,99936,100
2019-06-28 09:41:50.000000000,100088,185,100033,164,100090,185,100018,285,100099,185,99995,185,100108,185,99993,185,100111,185,99991,185,100118,100,99974,100,100119,100,99967,100,100124,100,99946,100,100132,100,99938,100,100134,100,99936,100
2019-06-28 09:41:55.712138758,100088,185,100077,100,100090,185,100033,164,100099,185,100018,285,100108,185,99995,185,100111,185,99993,185,100118,100,99991,185,100119,100,99974,100,100124,100,99967,100,100132,100,99946,100,100134,100,99938,100
2019-06-28 09:42:00.000000000,100088,526,100077,526,100090,100,100033,79,100099,100,100018,200,100108,100,99995,100,100111,100,99993,100,100118,100,99991,100,100119,100,99974,100,100124,100,99967,100,100132,100,99946,100,100134,100,99938,100
2019-06-28 09:42:10.000000000,100088,206,100077,206,100090,206,100033,185,100099,206,100018,306,100108,206,99995,206,100111,100,99993,100,100118,100,99991,100,100119,100,99974,100,100124,100,99967,100,100132,100,99946,100,100134,100,99938,100
2019-06-28 09:42:17.177627433,100088,206,100077,206,100090,206,100033,185,100099,206,100018,306,100108,206,99995,206,100111,100,99993,100,100118,100,99991,100,100119,100,99974,100,100124,100,99967,100,100132,100,99946,100,100134,100,99938,100
2019-06-28 09:42:20.000000000,100088,185,100077,185,100090,185,100033,164,100099,185,100018,285,100108,185,99995,185,100111,185,99993,185,100118,100,99991,100,100119,100,99974,100,100124,100,99967,100,100132,100,99946,100,100134,100,99938,100
2019-06-28 09:42:30.000000000,100088,313,100077,313,100090,313,100033,292,100099,100,100018,200,100108,100,99995,100,100111,100,99993,100,100118,100,99991,100,100119,100,99974,100,100124,100,99967,100,100132,100,99946,100,100134,100,99938,100
2019-06-28 09:42:40.000000000,100088,526,100077,526,100090,100,100033,79,100099,100,100018,200,100108,100,99995,100,100111,100,99993,100,100118,100,99991,100,100119,100,99974,100,100124,100,99967,100,100132,100,99946,100,100134,100,99938,100
2019-06-28 09:42:45.023273144,100088,426,100077,526,100090,100,100033,79,100099,100,100018,200,100108,100,99995,100,100111,100,99993,100,100118,100,99991,100,100119,100,99974,100,100124,100,99967,100,100132,100,99946,100,100134,100,99938,100
2019-06-28 09:42:50.000000000,100090,313,100077,313,100099,313,100033,292,100108,100,100018,200,100111,100,99995,100,100118,100,99993,100,100119,100,99991,100,100124,100,99974,100,100132,100,99967,100,100134,100,99946,100,100139,100,99938,100
2019-06-28 09:43:00.000000000,100090,313,100077,313,100099,313,100033,292,100108,100,100018,200,100111,100,99995,100,100118,100,99993,100,100119,100,99991,100,100124,100,99974,100,100132,100,99967,100,100134,100,99946,100,100139,100,99938,100
2019-06-28 09:43:10.000000000,100090,526,100077,526,100099,100,100033,79,100108,100,100018,200,100111,100,99995,100,100118,100,99993,100,100119,100,99991,100,100124,100,99974,100,100132,100,99967,100,100134,100,99946,100,100139,100,99938,100
2019-06-28 09:43:16.381665131,100090,526,100077,526,100099,100,100033,79,100108,100,100018,200,100111,100,99995,100,100118,100,99993,100,100119,100,99991,100,100124,100,99974,100,100132,100,99967,100,100134,100,99946,100,100139,100,99938,100
2019-06-28 09:43:20.000000000,100090,185,100077,185,100099,185,100033,164,100108,185,100018,285,100111,185,99995,185,100118,185,99993,185,100119,100,99991,100,100124,100,99974,100,100132,100,99967,100,100134,100,99946,100,100139,100,99938,100
2019-06-28 09:43:24.087618246,100090,185,100086,100,100099,185,100077,185,100108,185,100033,164,100111,185,100018,285,100118,185,99995,185,100119,100,99993,185,100124,100,99991,100,100132,100,99974,100,100134,100,99967,100,100139,100,99946,100
2019-06-28 09:43:30.000000000,100090,526,100086,526,100099,100,100077,100,100108,100,100033,79,100111,100,100018,200,100118,100,99995,100,100119,100,99993,100,100124,100,99991,100,100132,100,99974,100,100134,100,99967,100,100139,100,99946,100
2019-06-28 09:43:40.000000000,100090,185,100086,185,100099,185,100077,185,100108,185,100033,164,100111,185,100018,285,100118,185,99995,185,100119,100,99993,100,100124,100,99991,100,100132,100,99974,100,100134,100,99967,100,100139,100,99946,100
2019-06-28 09:43:50.000000000,100090,526,100086,526,100099,100,100077,100,100108,100,100033,79,100111,100,100018,200,100118,100,99995,100,100119,100,99993,100,100124,100,99991,100,100132,100,99974,100,100134,100,99967,100,100139,100,99946,100
2019-06-28 09:43:54.800127270,100090,426,100086,526,100099,100,100077,100,100108,100,100033,79,100111,100,100018,200,100118,100,99995,100,100119,100,99993,100,100124,100,99991,100,100132,100,99974,100,100134,100,99967,100,100139,100,99946,100
2019-06-28 09:44:00.000000000,100099,185,100086,185,100108,185,100077,185,100111,185,100033,164,100118,185,100018,285,100119,185,99995,185,100124,100,99993,100,100132,100,99991,100,100134,100,99974,100,100139,100,99967,100,100192,100,99946,100
2019-06-28 09:44:03.074053309,100099,85,100086,185,100108,185,100077,185,100111,185,100033,164,100118,185,100018,285,100119,185,99995,185,100124,100,99993,100,100132,100,99991,100,100134,100,99974,100,100139,100,99967,100,100192,100,99946,100
2019-06-28 09:44:10.000000000,100108,526,100086,526,100111,100,100077,100,100118,100,100033,79,100119,100,100018,200,100124,100,99995,100,100132,100,99993,100,100134,100,99991,100,100139,100,99974,100,100192,100,99967,100,100266,100,99946,100
2019-06-28 09:44:20.000000000,100108,245,100086,245,100111,241,100077,241,100118,241,100033,220,100119,100,100018,200,100124,100,99995,100,100132,100,99993,100,100134,100,99991,100,100139,100,99974,100,100192,100,99967,100,100266,100,99946,100
2019-06-28 09:44:30.000000000,100108,313,100086,313,100111,313,100077,313,100118,100,100033,79,100119,100,100018,200,100124,100,99995,100,100132,100,99993,100,100134,100,99991,100,100139,100,99974,100,100192,100,99967,100,100266,100,99946,100
2019-06-28 09:44:40.000000000,100108,245,100086,245,100111,241,100077,241,100118,241,100033,220,100119,100,100018,200,100124,100,99995,100,100132,100,99993,100,100134,100,99991,100,100139,100,99974,100,100192,100,99967,100,100266,100,99946,100
2019-06-28 09:44:46.733403007,100108,245,100090,100,100111,241,100086,245,100118,241,100077,241,100119,100,100033,220,100124,100,100018,200,100132,100,99995,100,100134,100,99993,100,100139,100,99991,100,100192,100,99974,100,100266,100,99967,100
2019-06-28 09:44:47.168735267,100108,145,100090,100,100111,241,100086,245,100118,241,100077,241,100119,100,100033,220,100124,100,100018,200,100132,100,99995,100,100134,100,99993,100,100139,100,99991,100,100266,100,99974,100,100291,100,99967,100
2019-06-28 09:44:50.000000000,100111,245,100090,245,100118,241,100086,241,100119,241,100077,241,100124,100,100033,79,100132,100,100018,200,100134,100,99995,100,100139,100,99993,100,100266,100,99991,100,100291,100,99974,100,100311,100,99967,100
2019-06-28 09:45:00.000000000,100111,526,100090,526,100118,100,100086,100,100119,100,100077,100,100124,100,100033,79,100132,100,100018,200,100134,100,99995,100,100139,100,99993,100,100266,100,99991,100,100291,100,99974,100,100311,100,99967,100
2019-06-28 09:45:10.000000000,100111,185,100090,185,100118,185,100086,185,100119,185,100077,185,100124,185,100033,164,100132,185,100018,285,100134,100,99995,100,100139,100,99993,100,100266,100,99991,100,100291,100,99974,100,100311,100,99967,100
2019-06-28 09:45:18.888260258,100111,185,100090,185,100118,185,100086,185,100119,185,100077,185,100124,185,100033,164,100132,185,100018,285,100134,100,99995,100,100139,100,99993,100,100266,100,99991,100,100291,100,99974,100,100311,100,99967,100
2019-06-28 09:45:20.000000000,100111,206,100090,206,100118,206,100086,206,100119,206,100077,206,100124,206,100033,185,100132,100,100018,200,100134,100,99995,100,100139,100,99993,100,100266,100,99991,100,100291,100,99974,100,100311,100,99967,100
2019-06-28 09:45:24.779779487,100111,106,100090,206,100118,206,100086,206,100119,206,100077,206,100124,206,100033,185,100132,100,100018,200,100134,100,99995,100,100139,100,99993,100,100266,100,99991,100,100291,100,99967,100,100311,100,99946,100
2019-06-28 09:45:26.537566449,100111,106,100090,206,100118,206,100086,206,100119,206,100077,206,100124,206,100033,185,100132,100,100018,200,100134,100,99995,100,100139,100,99993,100,100266,100,99991,100,100291,100,99967,100,100311,100,99946,100
2019-06-28 09:45:29.442406104,100111,6,100090,206,100118,206,100086,206,100119,206,100077,206,100124,206,100033,185,100132,100,100018,200,100134,100,99995,100,100139,100,99993,100,100266,100,99991,100,100291,100,99967,100,100311,100,99946,100
2019-06-28 09:45:29.846324843,100118,206,100111,94,100119,206,100090,206,100124,206,100086,206,100132,100,100077,206,100134,100,100033,185,100139,100,100018,200,100266,100,99995,100,100291,100,99993,100,100311,100,99991,100,100346,100,99967,100
2019-06-28 09:45:30.000000000,100118,313,100111,307,100119,313,100090,313,100124,100,100086,100,100132,100,100077,100,100134,100,100033,79,100139,100,100018,200,100266,100,99995,100,100291,100,99993,100,100311,100,99991,100,100346,100,99967,100
2019-06-28 09:45:34.510462733,100118,313,100111,307,100119,313,100090,313,100124,100,100086,100,100132,100,100077,100,100134,100,100033,79,100139,100,100018,200,100266,100,99995,100,100291,100,99993,100,100311,100,99991,100,100346,100,99967,100
2019-06-28 09:45:40.000000000,100118,206,100111,200,100119,206,100090,206,100124,206,100086,206,100132,206,100077,206,100134,100,100033,79,100139,100,100018,200,100266,100,99995,100,100291,100,99993,100,100311,100,99991,100,100346,100,99967,100
2019-06-28 09:45:43.941302454,100118,106,100111,200,100119,206,100090,206,100124,206,100086,206,100132,206,100077,206,100134,100,100033,79,100139,100,100018,200,100266,100,99995,100,100291,100,99993,100,100311,100,99991,100,100346,100,99967,100
2019-06-28 09:45:50.000000000,100119,206,100111,200,100124,206,100090,206,100132,206,100086,206,100134,206,100077,206,100139,100,100033,79,100266,100,100018,200,100291,100,99995,100,100311,100,99993,100,100346,100,99991,100,100501,100,99967,100
2019-06-28 09:46:00.000000000,100119,206,100111,200,100124,206,100090,206,100132,206,100086,206,100134,206,100077,206,100139,100,100033,79,100266,100,100018,200,100291,100,99995,100,100311,100,99993,100,100346,100,99991,100,100501,100,99967,100
2019-06-28 09:46:10.000000000,100119,313,100111,307,100124,313,100090,313,100132,100,100086,100,100134,100,100077,100,100139,100,100033,79,100266,100,100018,200,100291,100,99995,100,100311,100,99993,100,100346,100,99991,100,100501,100,99967,100
2019-06-28 09:46:20.000000000,100119,206,100111,200,100124,206,100090,206,100132,206,100086,206,100134,206,100077,206,100139,100,100033,79,100266,100,100018,200,100291,100,99995,100,100311,100,99993,100,100346,100,99991,100,100501,100,99967,100
2019-06-28 09:46:29.517137046,100119,206,100111,100,100124,206,100090,206,100132,206,100086,206,100134,206,100077,206,100139,100,100033,79,100266,100,100018,200,100291,100,99995,100,100311,100,99993,100,100346,100,99991,100,100501,100,99967,100
2019-06-28 09:46:30.000000000,100119,185,100090,185,100124,185,100086,185,100132,185,100077,185,100134,185,100033,164,100139,185,100018,285,100266,100,99995,100,100291,100,99993,100,100311,100,99991,100,100346,100,99967,100,100501,100,99946,100
2019-06-28 09:46:30.119171929,100119,185,100090,85,100124,185,100086,185,100132,185,100077,185,100134,185,100033,164,100139,185,100018,285,100266,100,99995,100,100291,100,99993,100,100346,100,99991,100,100501,100,99967,100,100811,100,99946,100
2019-06-28 09:46:40.000000000,100119,206,100086,206,100124,206,100077,206,100132,206,100033,185,100134,206,100018,306,100139,100,99995,100,100266,100,99993,100,100291,100,99991,100,100346,100,99967,100,100501,100,99946,100,100811,100,99938,100
2019-06-28 09:46:50.000000000,100119,206,100086,206,100124,206,100077,206,100132,206,100033,185,100134,206,100018,306,100139,100,99995,100,100266,100,99993,100,100291,100,99991,100,100346,100,99967,100,100501,100,99946,100,100811,100,99938,100
2019-06-28 09:46:52.245074996,100119,206,100086,206,100124,206,100077,206,100132,206,100033,185,100134,206,100018,306,100139,100,99995,100,100291,100,99993,100,100346,100,99991,100,100501,100,99967,100,100811,100,99946,100,100856,100,99938,100
2019-06-28 09:47:00.000000000,100119,245,100086,245,100124,241,100077,241,100132,241,100033,220,100134,100,100018,200,100139,100,99995,100,100291,100,99993,100,100346,100,99991,100,100501,100,99967,100,100811,100,99946,100,100856,100,99938,100
2019-06-28 09:47:09.166395394,100111,100,100086,245,100119,245,100077,241,100124,241,100033,220,100132,241,100018,200,100134,100,99995,100,100139,100,99993,100,100291,100,99991,100,100346,100,99967,100,100501,100,99946,100,100811,100,99938,100
2019-06-28 09:47:10.000000000,100111,185,100086,185,100119,185,100077,185,100124,185,100033,164,100132,185,100018,285,100134,185,99995,185,100139,100,99993,100,100291,100,99991,100,100346,100,99967,100,100501,100,99946,100,100811,100,99938,100
2019-06-28 09:47:20.000000000,100111,185,100086,185,100119,185,100077,185,100124,185,100033,164,100132,185,100018,285,100134,185,99995,185,100139,100,99993,100,100291,100,99991,100,100346,100,99967,100,100501,100,99946,100,100811,100,99938,100
2019-06-28 09:47:30.000000000,100111,245,100086,245,100119,241,100077,241,100124,241,100033,220,100132,100,100018,200,100134,100,99995,100,100139,100,99993,100,100291,100,99991,100,100346,100,99967,100,100501,100,99946,100,100811,100,99938,100
2019-06-28 09:47:37.301795065,100111,245,100086,245,100119,241,100077,241,100124,241,100033,220,100132,100,100018,200,100134,100,99995,100,100139,100,99993,100,100195,100,99991,100,100291,100,99967,100,100346,100,99946,100,100501,100,99938,100
2019-06-28 09:47:40.000000000,100111,526,100086,526,100119,100,100077,100,100124,100,100033,79,100132,100,100018,200,100134,100,99995,100,100139,100,99993,100,100195,100,99991,100,100291,100,99967,100,100346,100,99946,100,100501,100,99938,100
2019-06-28 09:47:43.004090510,100111,526,100086,526,100119,100,100077,100,100124,100,100040,100,100132,100,100033,79,100134,100,100018,200,100139,100,99995,100,100195,100,99993,100,100291,100,99991,100,100346,100,99967,100,100501,100,99946,100
2019-06-28 09:47:50.000000000,100111,245,100086,245,100119,241,100077,241,100124,241,100040,241,100132,100,100033,79,100134,100,100018,200,100139,100,99995,100,100195,100,99993,100,100291,100,99991,100,100346,100,99967,100,100501,100,99946,100
2019-06-28 09:47:54.379420840,100111,345,100086,245,100119,241,100077,241,100124,241,100040,241,100132,100,100033,79,100134,100,100018,200,100139,100,99995,100,100195,100,99993,100,100291,100,99991,100,100346,100,99967,100,100501,100,99946,100
2019-06-28 09:47:55.274340993,100111,345,100086,245,100119,141,100077,241,100124,241,100040,241,100132,100,100033,79,100134,100,100018,200,100139,100,99995,100,100195,100,99993,100,100291,100,99991,100,100346,100,99967,100,100501,100,99946,100
2019-06-28 09:48:00.000000000,100111,626,100086,526,100124,100,100077,100,100132,100,100040,100,100134,100,100033,79,100139,100,100018,200,100195,100,99995,100,100291,100,99993,100,100346,100,99991,100,100501,100,99967,100,100811,100,99946,100
2019-06-28 09:48:10.000000000,100111,626,100086,526,100124,100,100077,100,100132,100,100040,100,100134,100,100033,79,100139,100,100018,200,100195,100,99995,100,100291,100,99993,100,100346,100,99991,100,100501,100,99967,100,100811,100,99946,100
2019-06-28 09:48:13.692570403,100111,526,100086,526,100124,100,100077,100,100132,100,100040,100,100134,100,100033,79,100139,100,100018,200,100195,100,99995,100,100291,100,99993,100,100346,100,99991,100,100501,100,99967,100,100811,100,99946,100
2019-06-28 09:48:20.000000000,100111,185,100086,185,100124,185,100077,185,100132,185,100040,185,100134,185,100033,164,100139,185,100018,285,100195,100,99995,100,100291,100,99993,100,100346,100,99991,100,100501,100,99967,100,100811,100,99946,100
2019-06-28 09:48:29.130142420,100111,185,100086,185,100124,185,100077,185,100132,185,100040,185,100134,185,100033,164,100139,185,100018,285,100195,100,99995,100,100291,100,99993,100,100346,100,99991,100,100501,100,99967,100,100811,100,99946,100
2019-06-28 09:48:30.000000000,100111,526,100086,526,100124,100,100077,100,100132,100,100040,100,100134,100,100033,79,100139,100,100018,200,100195,100,99995,100,100291,100,99993,100,100346,100,99991,100,100501,100,99967,100,100811,100,99946,100
2019-06-28 09:48:40.000000000,100111,526,100086,526,100124,100,100077,100,100132,100,100040,100,100134,100,100033,79,100139,100,100018,200,100195,100,99995,100,100291,100,99993,100,100346,100,99991,100,100501,100,99967,100,100811,100,99946,100
2019-06-28 09:48:43.643785789,100110,100,100086,526,100111,526,100077,100,100124,100,100040,100,100132,100,100033,79,100134,100,100018,200,100139,100,99995,100,100195,100,99993,100,100291,100,99991,100,100346,100,99967,100,100501,100,99946,100
2019-06-28 09:48:50.000000000,100110,313,100086,313,100111,313,100077,313,100124,100,100040,100,100132,100,100033,79,100134,100,100018,200,100139,100,99995,100,100195,100,99993,100,100291,100,99991,100,100346,100,99967,100,100501,100,99946,100
2019-06-28 09:48:51.718483782,100110,313,100086,313,100111,313,100077,313,100124,100,100040,100,100132,100,100033,79,100134,100,100018,200,100139,100,99995,100,100195,100,99993,100,100291,100,99991,100,100346,100,99967,100,100501,100,99946,100
2019-06-28 09:48:55.009338159,100110,313,100086,313,100111,313,100077,313,100124,100,100040,100,100132,100,100033,79,100134,100,100018,200,100139,100,99995,100,100291,100,99993,100,100346,100,99991,100,100501,100,99978,100,100811,100,99967,100
2019-06-28 09:49:00.000000000,100110,313,100086,313,100111,313,100077,313,100124,100,100040,100,100132,100,100033,79,100134,100,100018,200,100139,100,99995,100,100291,100,99993,100,100346,100,99991,100,100501,100,99978,100,100811,100,99967,100
2019-06-28 09:49:10.000000000,100110,245,100086,245,100111,241,100077,241,100124,241,100040,241,100132,100,100033,79,100134,100,100018,200,100139,100,99995,100,100291,100,99993,100,100346,100,99991,100,100501,100,99978,100,100811,100,99967,100
2019-06-28 09:49:20.000000000,100110,245,100086,245,100111,241,100077,241,100124,241,100040,241,100132,100,100033,79,100134,100,100018,200,100139,100,99995,100,100291,100,99993,100,100346,100,99991,100,100501,100,99978,100,100811,100,99967,100
2019-06-28 09:49:30.000000000,100110,526,100086,526,100111,100,100077,100,100124,100,100040,100,100132,100,100033,79,100134,100,100018,200,100139,100,99995,100,100291,100,99993,100,100346,100,99991,100,100501,100,99978,100,100811,100,99967,100
2019-06-28 09:49:30.058110863,100110,526,100086,526,100111,100,100077,100,100124,100,100040,100,100132,100,100033,79,100134,100,100018,200,100139,100,99995,100,100291,100,99993,100,100346,100,99991,100,100501,100,99978,100,100811,100,99967,100
2019-06-28 09:49:32.478405976,100110,526,100086,526,100111,100,100077,100,100124,100,100040,100,100132,100,100033,79,100134,100,100018,200,100139,100,99995,100,100291,100,99993,100,100346,100,99991,100,100501,100,99978,100,100811,100,99967,100
2019-06-28 09:49:40.000000000,100110,185,100086,185,100111,185,100077,185,100124,185,100040,185,100132,185,100033,164,100134,185,100018,285,100139,100,99995,100,100291,100,99993,100,100346,100,99991,100,100501,100,99978,100,100811,100,99967,100
2019-06-28 09:49:44.802322781,100110,185,100086,85,100111,185,100077,185,100124,185,100040,185,100132,185,100033,164,100134,185,100018,285,100139,100,99995,100,100291,100,99993,100,100346,100,99991,100,100501,100,99978,100,100811,100,99967,100
2019-06-28 09:49:50.000000000,100110,245,100077,245,100111,241,100040,241,100124,241,100033,220,100132,100,100018,200,100134,100,99995,100,100139,100,99993,100,100291,100,99991,100,100346,100,99978,100,100501,100,99967,100,100811,100,99946,100
2019-06-28 09:50:00.000000000,100110,245,100077,245,100111,241,100040,241,100124,241,100033,220,100132,100,100018,200,100134,100,99995,100,100139,100,99993,100,100291,100,99991,100,100346,100,99978,100,100501,100,99967,100,100811,100,99946,100
2019-06-28 09:50:07.335467156,100110,245,100077,245,100111,241,100040,241,100124,241,100033,220,100132,100,100018,200,100134,100,99995,100,100139,100,99993,100,100291,100,99991,100,100346,100,99978,100,100501,100,99967,100,100811,100,99946,100
2019-06-28 09:50:10.000000000,100110,313,100077,313,100111,313,100040,313,100124,100,100033,79,100132,100,100018,200,100134,100,99995,100,100139,100,99993,100,100291,100,99991,100,100346,100,99978,100,100501,100,99967,100,100811,100,99946,100
2019-06-28 09:50:20.000000000,100110,245,100077,245,100111,241,100040,241,100124,241,100033,220,100132,100,100018,200,100134,100,99995,100,100139,100,99993,100,100291,100,99991,100,100346,100,99978,100,100501,100,99967,100,100811,100,99946,100
2019-06-28 09:50:22.857073522,100110,245,100082,100,100111,241,100077,245,100124,241,100040,241,100132,100,100033,220,100134,100,100018,200,100139,100,99995,100,100291,100,99993,100,100346,100,99991,100,100811,100,99978,100,100875,100,99967,100
2019-06-28 09:50:30.000000000,100110,526,100082,526,100111,100,100077,100,100124,100,100040,100,100132,100,100033,79,100134,100,100018,200,100139,100,99995,100,100291,100,99993,100,100346,100,99991,100,100811,100,99978,100,100875,100,99967,100
2019-06-28 09:50:40.000000000,100110,313,100082,313,100111,313,100077,313,100124,100,100040,100,100132,100,100033,79,100134,100,100018,200,100139,100,99995,100,100291,100,99993,100,100346,100,99991,100,100811,100,99978,100,100875,100,99967,100
2019-06-28 09:50:46.788574099,100110,313,100082,313,100111,313,100077,313,100124,100,100040,100,100132,100,100033,79,100134,100,100018,200,100139,100,99995,100,100291,100,99993,100,100346,100,99991,100,100811,100,99978,100,100875,100,99967,100
2019-06-28 09:50:50.000000000,100110,526,100082,526,100111,100,100077,100,100124,100,100040,100,100132,100,100033,79,100134,100,100018,200,100139,100,99995,100,100291,100,99993,100,100346,100,99991,100,100811,100,99978,100,100875,100,99967,100
2019-06-28 09:50:54.485618963,100110,526,100082,426,100111,100,100077,100,100124,100,100040,100,100132,100,100033,79,100134,100,100018,200,100139,100,99993,100,100291,100,99991,100,100346,100,99978,100,100811,100,99967,100,100875,100,99946,100
2019-06-28 09:51:00.000000000,100110,206,100077,206,100111,206,100040,206,100124,206,100033,185,100132,206,100018,306,100134,100,99993,100,100139,100,99991,100,100291,100,99978,100,100346,100,99967,100,100811,100,99946,100,100875,100,99936,100
2019-06-28 09:51:03.546223197,100110,206,100077,206,100111,206,100040,206,100124,206,100033,185,100132,206,100018,306,100134,100,99993,100,100139,100,99991,100,100291,100,99978,100,100346,100,99967,100,100811,100,99946,100,100875,100,99936,100
2019-06-28 09:51:10.000000000,100110,206,100077,206,100111,206,100040,206,100124,206,100033,185,100132,206,100018,306,100134,100,99993,100,100139,100,99991,100,100291,100,99978,100,100346,100,99967,100,100811,100,99946,100,100875,100,99936,100
2019-06-28 09:51:13.359807701,100086,100,100077,206,100110,206,100040,206,100111,206,100033,185,100124,206,100018,306,100132,206,99993,100,100134,100,99991,100,100139,100,99978,100,100291,100,99967,100,100346,100,99946,100,100811,100,99936,100
2019-06-28 09:51:20.000000000,100086,313,100077,313,100110,313,100040,313,100111,100,100033,79,100124,100,100018,200,100132,100,99993,100,100134,100,99991,100,100139,100,99978,100,100291,100,99967,100,100346,100,99946,100,100811,100,99936,100
2019-06-28 09:51:24.304568053,100086,313,100077,313,100110,313,100040,313,100111,100,100033,79,100124,100,100018,200,100132,100,99993,100,100134,100,99991,100,100139,100,99978,100,100291,100,99967,100,100346,100,99946,100,100811,100,99936,100
2019-06-28 09:51:27.503672044,100086,313,100077,313,100110,313,100040,313,100111,100,100033,79,100124,100,100018,200,100132,100,99993,100,100134,100,99991,100,100139,100,99978,100,100291,100,99967,100,100346,100,99946,100,100811,100,99936,100
2019-06-28 09:51:30.000000000,100086,526,100077,526,100110,100,100040,100,100111,100,100033,79,100124,100,100018,200,100132,100,99993,100,100134,100,99991,100,100139,100,99978,100,100291,100,99967,100,100346,100,99946,100,100811,100,99936,100
2019-06-28 09:51:40.000000000,100086,526,100077,526,100110,100,100040,100,100111,100,100033,79,100124,100,100018,200,100132,100,99993,100,100134,100,99991,100,100139,100,99978,100,100291,100,99967,100,100346,100,99946,100,100811,100,99936,100
2019-06-28 09:51:50.000000000,100086,206,100077,206,100110,206,100040,206,100111,206,100033,185,100124,206,100018,306,100132,100,99993,100,100134,100,99991,100,100139,100,99978,100,100291,100,99967,100,100346,100,99946,100,100811,100,99936,100
2019-06-28 09:51:53.393555122,100086,106,100077,206,100110,206,100040,206,100111,206,100033,185,100124,206,100018,306,100132,100,99993,100,100134,100,99991,100,100139,100,99978,100,100291,100,99967,100,100346,100,99946,100,100811,100,99936,100
2019-06-28 09:51:56.876850451,100086,106,100077,206,100110,206,100040,206,100111,206,100033,185,100124,206,100018,306,100132,100,99993,100,100134,100,99991,100,100139,100,99978,100,100192,100,99967,100,100291,100,99946,100,100346,100,99936,100
2019-06-28 09:52:00.000000000,100110,313,100077,313,100111,313,100040,313,100124,100,100033,79,100132,100,100018,200,100134,100,99993,100,100139,100,99991,100,100192,100,99978,100,100291,100,99967,100,100346,100,99946,100,100811,100,99936,100
2019-06-28 09:52:10.000000000,100110,526,100077,526,100111,100,100040,100,100124,100,100033,79,100132,100,100018,200,100134,100,99993,100,100139,100,99991,100,100192,100,99978,100,100291,100,99967,100,100346,100,99946,100,100811,100,99936,100
2019-06-28 09:52:12.382560878,100110,526,100077,526,100111,100,100040,100,100124,100,100033,79,100132,100,100018,200,100134,100,99993,100,100139,100,99991,100,100140,100,99978,100,100192,100,99967,100,100291,100,99946,100,100346,100,99936,100
2019-06-28 09:52:18.405018660,100110,526,100077,526,100111,100,100040,100,100124,100,100033,79,100132,100,100018,200,100134,100,99993,100,100139,100,99991,100,100140,100,99978,100,100291,100,99967,100,100318,100,99946,100,100346,100,99936,100
2019-06-28 09:52:20.000000000,100110,245,100077,245,100111,241,100040,241,100124,241,100033,220,100132,100,100018,200,100134,100,99993,100,100139,100,99991,100,100140,100,99978,100,100291,100,99967,100,100318,100,99946,100,100346,100,99936,100
2019-06-28 09:52:27.227761525,100110,245,100077,245,100111,241,100040,241,100124,241,100033,220,100132,100,100018,200,100134,100,99993,100,100139,100,99991,100,100140,100,99978,100,100235,100,99946,100,100291,100,99936,100,100318,100,99929,100
2019-06-28 09:52:30.000000000,100110,526,100077,526,100111,100,100040,100,100124,100,100033,79,100132,100,100018,200,100134,100,99993,100,100139,100,99991,100,100140,100,99978,100,100235,100,99946,100,100291,100,99936,100,100318,100,99929,100
2019-06-28 09:52:40.000000000,100110,245,100077,245,100111,241,100040,241,100124,241,100033,220,100132,100,100018,200,100134,100,99993,100,100139,100,99991,100,100140,100,99978,100,100235,100,99946,100,100291,100,99936,100,100318,100,99929,100
2019-06-28 09:52:50.000000000,100110,185,100077,185,100111,185,100040,185,100124,185,100033,164,100132,185,100018,285,100134,185,99993,185,100139,100,99991,100,100140,100,99978,100,100235,100,99946,100,100291,100,99936,100,100318,100,99929,100
2019-06-28 09:53:00.000000000,100110,185,100077,185,100111,185,100040,185,100124,185,100033,164,100132,185,100018,285,100134,185,99993,185,100139,100,99991,100,100140,100,99978,100,100235,100,99946,100,100291,100,99936,100,100318,100,99929,100
2019-06-28 09:53:10.000000000,100110,245,100077,245,100111,241,100040,241,100124,241,100033,220,100132,100,100018,200,100134,100,99993,100,100139,100,99991,100,100140,100,99978,100,100235,100,99946,100,100291,100,99936,100,100318,100,99929,100
2019-06-28 09:53:20.000000000,100110,185,100077,185,100111,185,100040,185,100124,185,100033,164,100132,185,100018,285,100134,185,99993,185,100139,100,99991,100,100140,100,99978,100,100235,100,99946,100,100291,100,99936,100,100318,100,99929,100
2019-06-28 09:53:21.300073988,100110,185,100077,185,100111,185,100040,185,100124,185,100033,164,100132,185,100018,285,100134,85,99993,185,100139,100,99991,100,100140,100,99978,100,100235,100,99963,100,100291,100,99946,100,100318,100,99936,100
2019-06-28 09:53:30.000000000,100110,245,100077,245,100111,241,100040,241,100124,241,100033,220,100132,100,100018,200,100139,100,99993,100,100140,100,99991,100,100235,100,99978,100,100291,100,99963,100,100318,100,99946,100,100346,100,99936,100
2019-06-28 09:53:40.000000000,100110,245,100077,245,100111,241,100040,241,100124,241,100033,220,100132,100,100018,200,100139,100,99993,100,100140,100,99991,100,100235,100,99978,100,100291,100,99963,100,100318,100,99946,100,100346,100,99936,100
2019-06-28 09:53:50.000000000,100110,526,100077,526,100111,100,100040,100,100124,100,100033,79,100132,100,100018,200,100139,100,99993,100,100140,100,99991,100,100235,100,99978,100,100291,100,99963,100,100318,100,99946,100,100346,100,99936,100
2019-06-28 09:53:57.853896460,100110,526,100077,526,100111,100,100040,100,100124,100,100033,79,100132,100,100018,200,100139,100,99993,100,100140,100,99991,100,100232,100,99978,100,100235,100,99963,100,100291,100,99946,100,100318,100,99936,100
2019-06-28 09:54:00.000000000,100110,185,100077,185,100111,185,100040,185,100124,185,100033,164,100132,185,100018,285,100139,185,99993,185,100140,100,99991,100,100232,100,99978,100,100235,100,99963,100,100291,100,99946,100,100318,100,99936,100
2019-06-28 09:54:09.844110514,100110,185,100077,185,100111,185,100040,185,100124,185,100033,164,100132,185,100018,285,100139,185,99993,185,100140,100,99978,100,100232,100,99963,100,100235,100,99946,100,100291,100,99936,100,100318,100,99929,100
2019-06-28 09:54:10.000000000,100110,313,100077,313,100111,313,100040,313,100124,100,100033,79,100132,100,100018,200,100139,100,99993,100,100140,100,99978,100,100232,100,99963,100,100235,100,99946,100,100291,100,99936,100,100318,100,99929,100
2019-06-28 09:54:17.063000863,100110,213,100077,313,100111,313,100040,313,100124,100,100033,79,100132,100,100018,200,100139,100,99993,100,100140,100,99978,100,100232,100,99963,100,100235,100,99946,100,100291,100,99936,100,100318,100,99929,100
2019-06-28 09:54:17.273059373,100110,213,100083,100,100111,313,100077,313,100124,100,100040,313,100132,100,100033,79,100139,100,100018,200,100140,100,99993,100,100232,100,99978,100,100235,100,99963,100,100291,100,99946,100,100318,100,99936,100
2019-06-28 09:54:20.000000000,100111,185,100083,185,100124,185,100077,185,100132,185,100040,185,100139,185,100033,164,100140,185,100018,285,100232,100,99993,100,100235,100,99978,100,100291,100,99963,100,100318,100,99946,100,100346,100,99936,100
2019-06-28 09:54:30.000000000,100111,313,100083,313,100124,313,100077,313,100132,100,100040,100,100139,100,100033,79,100140,100,100018,200,100232,100,99993,100,100235,100,99978,100,100291,100,99963,100,100318,100,99946,100,100346,100,99936,100
2019-06-28 09:54:33.150310769,100111,313,100083,313,100124,313,100077,313,100132,100,100040,100,100139,100,100033,79,100140,100,100018,200,100143,100,99993,100,100232,100,99978,100,100235,100,99963,100,100291,100,99946,100,100318,100,99936,100
2019-06-28 09:54:40.000000000,100111,185,100083,185,100124,185,100077,185,100132,185,100040,185,100139,185,100033,164,100140,185,100018,285,100143,100,99993,100,100232,100,99978,100,100235,100,99963,100,100291,100,99946,100,100318,100,99936,100
2019-06-28 09:54:50.000000000,100111,245,100083,245,100124,241,100077,241,100132,241,100040,241,100139,100,100033,79,100140,100,100018,200,100143,100,99993,100,100232,100,99978,100,100235,100,99963,100,100291,100,99946,100,100318,100,99936,100
2019-06-28 09:55:00.000000000,100111,206,100083,206,100124,206,100077,206,100132,206,100040,206,100139,206,100033,185,100140,100,100018,200,100143,100,99993,100,100232,100,99978,100,100235,100,99963,100,100291,100,99946,100,100318,100,99936,100
2019-06-28 09:55:03.220897846,100111,206,100083,206,100115,100,100077,206,100124,206,100040,206,100132,206,100033,185,100139,206,100018,200,100140,100,99993,100,100143,100,99978,100,100232,100,99963,100,100235,100,99946,100,100291,100,99936,100
2019-06-28 09:55:04.268753260,100111,206,100083,206,100115,100,100077,206,100124,206,100040,206,100132,206,100033,185,100139,206,100018,200,100140,100,99993,100,100143,100,99978,100,100232,100,99963,100,100235,100,99946,100,100291,100,99936,100
2019-06-28 09:55:05.033201911,100111,206,100083,206,100115,100,100077,206,100124,206,100068,100,100132,206,100040,206,100139,206,100033,185,100140,100,100018,200,100143,100,99993,100,100232,100,99978,100,100235,100,99963,100,100291,100,99946,100
2019-06-28 09:55:07.181979972,100111,206,100083,206,100115,100,100077,206,100124,206,100068,100,100132,206,100040,206,100139,206,100033,185,100140,100,100018,200,100143,100,99993,100,100232,100,99978,100,100235,100,99963,100,100291,100,99946,100
2019-06-28 09:55:10.000000000,100111,185,100083,185,100115,185,100077,185,100124,185,100068,185,100132,185,100040,185,100139,185,100033,164,100140,100,100018,200,100143,100,99993,100,100232,100,99978,100,100235,100,99963,100,100291,100,99946,100
2019-06-28 09:55:15.900462333,100111,185,100083,85,100115,185,100077,185,100124,185,100068,185,100132,185,100040,185,100139,185,100033,164,100140,100,100018,200,100143,100,99993,100,100232,100,99978,100,100235,100,99963,100,100291,100,99946,100
2019-06-28 09:55:19.511570573,100111,185,100083,85,100115,185,100077,185,100124,185,100068,185,100132,185,100040,185,100139,185,100033,164,100140,100,100018,200,100143,100,99978,100,100232,100,99963,100,100235,100,99946,100,100291,100,99940,100
2019-06-28 09:55:20.000000000,100111,313,100077,313,100115,313,100068,313,100124,100,100040,100,100132,100,100033,79,100139,100,100018,200,100140,100,99978,100,100143,100,99963,100,100232,100,99946,100,100235,100,99940,100,100291,100,99936,100
2019-06-28 09:55:30.000000000,100111,185,100077,185,100115,185,100068,185,100124,185,100040,185,100132,185,100033,164,100139,185,100018,285,100140,100,99978,100,100143,100,99963,100,100232,100,99946,100,100235,100,99940,100,100291,100,99936,100
2019-06-28 09:55:40.000000000,100111,185,100077,185,100115,185,100068,185,100124,185,100040,185,100132,185,100033,164,100139,185,100018,285,100140,100,99978,100,100143,100,99963,100,100232,100,99946,100,100235,100,99940,100,100291,100,99936,100
2019-06-28 09:55:45.041459501,100085,100,100077,185,100111,185,100068,185,100115,185,100040,185,100124,185,100033,164,100132,185,100018,285,100139,185,99978,100,100140,100,99963,100,100143,100,99946,100,100232,100,99940,100,100235,100,99936,100
2019-06-28 09:55:50.000000000,100085,185,100077,185,100111,185,100068,185,100115,185,100040,185,100124,185,100033,164,100132,185,100018,285,100139,100,99978,100,100140,100,99963,100,100143,100,99946,100,100232,100,99940,100,100235,100,99936,100
2019-06-28 09:55:57.550943052,100085,285,100077,185,100111,85,100068,185,100115,185,100040,185,100124,185,100033,164,100132,185,100018,285,100139,100,99978,100,100140,100,99963,100,100143,100,99946,100,100232,100,99940,100,100235,100,99936,100
2019-06-28 09:56:00.000000000,100085,413,100077,313,100115,313,100068,313,100124,100,100040,100,100132,100,100033,79,100139,100,100018,200,100140,100,99978,100,100143,100,99963,100,100232,100,99946,100,100235,100,99940,100,100291,100,99936,100
2019-06-28 09:56:10.000000000,100085,626,100077,526,100115,100,100068,100,100124,100,100040,100,100132,100,100033,79,100139,100,100018,200,100140,100,99978,100,100143,100,99963,100,100232,100,99946,100,100235,100,99940,100,100291,100,99936,100
2019-06-28 09:56:20.000000000,100085,413,100077,313,100115,313,100068,313,100124,100,100040,100,100132,100,100033,79,100139,100,100018,200,100140,100,99978,100,100143,100,99963,100,100232,100,99946,100,100235,100,99940,100,100291,100,99936,100
2019-06-28 09:56:26.718495295,100085,313,100077,313,100115,313,100068,313,100124,100,100040,100,100132,100,100033,79,100139,100,100018,200,100140,100,99978,100,100143,100,99963,100,100232,100,99946,100,100291,100,99940,100,100318,100,99936,100
2019-06-28 09:56:30.000000000,100085,526,100077,526,100115,100,100068,100,100124,100,100040,100,100132,100,100033,79,100139,100,100018,200,100140,100,99978,100,100143,100,99963,100,100232,100,99946,100,100291,100,99940,100,100318,100,99936,100
2019-06-28 09:56:40.000000000,100085,185,100077,185,100115,185,100068,185,100124,185,100040,185,100132,185,100033,164,100139,185,100018,285,100140,100,99978,100,100143,100,99963,100,100232,100,99946,100,100291,100,99940,100,100318,100,99936,100
2019-06-28 09:56:47.423020731,100085,185,100077,185,100115,185,100068,185,100124,185,100040,185,100132,185,100033,164,100139,185,100018,285,100143,100,99978,100,100232,100,99963,100,100291,100,99946,100,100318,100,99940,100,100346,100,99936,100
2019-06-28 09:56:50.000000000,100085,185,100077,185,100115,185,100068,185,100124,185,100040,185,100132,185,100033,164,100139,185,100018,285,100143,100,99978,100,100232,100,99963,100,100291,100,99946,100,100318,100,99940,100,100346,100,99936,100
2019-06-28 09:56:52.181255956,100085,85,100077,185,100115,185,100068,185,100124,185,100040,185,100132,185,100033,164,100139,185,100018,285,100143,100,99978,100,100232,100,99963,100,100291,100,99946,100,100318,100,99940,100,100346,100,99936,100
2019-06-28 09:57:00.000000000,100115,185,100077,185,100124,185,100068,185,100132,185,100040,185,100139,185,100033,164,100143,185,100018,285,100232,100,99978,100,100291,100,99963,100,100318,100,99946,100,100346,100,99940,100,100391,100,99936,100
2019-06-28 09:57:04.522068048,100115,85,100077,185,100124,185,100068,185,100132,185,100040,185,100139,185,100033,164,100143,185,100018,285,100232,100,99978,100,100291,100,99963,100,100318,100,99946,100,100346,100,99940,100,100398,100,99936,100
2019-06-28 09:57:10.000000000,100124,245,100077,245,100132,241,100068,241,100139,241,100040,241,100143,100,100033,79,100232,100,100018,200,100291,100,99978,100,100318,100,99963,100,100346,100,99946,100,100398,100,99940,100,100811,100,99936,100
2019-06-28 09:57:20.000000000,100124,313,100077,313,100132,313,100068,313,100139,100,100040,100,100143,100,100033,79,100232,100,100018,200,100291,100,99978,100,100318,100,99963,100,100346,100,99946,100,100398,100,99940,100,100811,100,99936,100
2019-06-28 09:57:30.000000000,100124,526,100077,526,100132,100,100068,100,100139,100,100040,100,100143,100,100033,79,100232,100,100018,200,100291,100,99978,100,100318,100,99963,100,100346,100,99946,100,100398,100,99940,100,100811,100,99936,100
2019-06-28 09:57:38.496651897,100114,100,100077,526,100124,526,100068,100,100132,100,100040,100,100139,100,100033,79,100143,100,100018,200,100232,100,99978,100,100291,100,99963,100,100318,100,99946,100,100346,100,99940,100,100398,100,99936,100
2019-06-28 09:57:40.000000000,100114,206,100077,206,100124,206,100068,206,100132,206,100040,206,100139,206,100033,185,100143,100,100018,200,100232,100,99978,100,100291,100,99963,100,100318,100,99946,100,100346,100,99940,100,100398,100,99936,100
2019-06-28 09:57:50.000000000,100114,185,100077,185,100124,185,100068,185,100132,185,100040,185,100139,185,100033,164,100143,185,100018,285,100232,100,99978,100,100291,100,99963,100,100318,100,99946,100,100346,100,99940,100,100398,100,99936,100
2019-06-28 09:58:00.000000000,100114,206,100077,206,100124,206,100068,206,100132,206,100040,206,100139,206,100033,185,100143,100,100018,200,100232,100,99978,100,100291,100,99963,100,100318,100,99946,100,100346,100,99940,100,100398,100,99936,100
2019-06-28 09:58:10.000000000,100114,526,100077,526,100124,100,100068,100,100132,100,100040,100,100139,100,100033,79,100143,100,100018,200,100232,100,99978,100,100291,100,99963,100,100318,100,99946,100,100346,100,99940,100,100398,100,99936,100
2019-06-28 09:58:11.097156652,100114,526,100077,426,100124,100,100068,100,100132,100,100040,100,100139,100,100033,79,100143,100,100018,200,100232,100,99978,100,100291,100,99963,100,100318,100,99946,100,100346,100,99940,100,100398,100,99936,100
2019-06-28 09:58:20.000000000,100114,185,100068,185,100124,185,100040,185,100132,185,100033,164,100139,185,100018,285,100143,185,99978,185,100232,100,99963,100,100291,100,99946,100,100318,100,99940,100,100346,100,99936,100,100398,100,99932,100
2019-06-28 09:58:30.000000000,100114,245,100068,245,100124,241,100040,241,100132,241,100033,220,100139,100,100018,200,100143,100,99978,100,100232,100,99963,100,100291,100,99946,100,100318,100,99940,100,100346,100,99936,100,100398,100,99932,100
2019-06-28 09:58:40.000000000,100114,185,100068,185,100124,185,100040,185,100132,185,100033,164,100139,185,100018,285,100143,185,99978,185,100232,100,99963,100,100291,100,99946,100,100318,100,99940,100,100346,100,99936,100,100398,100,99932,100
2019-06-28 09:58:43.485710044,100114,85,100068,185,100124,185,100040,185,100132,185,100033,164,100139,185,100018,285,100143,185,99978,185,100232,100,99963,100,100291,100,99946,100,100318,100,99940,100,100346,100,99936,100,100398,100,99932,100
2019-06-28 09:58:47.813465698,100114,85,100078,100,100124,185,100068,185,100132,185,100040,185,100139,185,100033,164,100143,185,100018,285,100232,100,99978,185,100291,100,99963,100,100318,100,99946,100,100346,100,99940,100,100398,100,99936,100
2019-06-28 09:58:50.000000000,100124,185,100078,185,100132,185,100068,185,100139,185,100040,185,100143,185,100033,164,100232,185,100018,285,100291,100,99978,100,100318,100,99963,100,100346,100,99946,100,100398,100,99940,100,100811,100,99936,100
2019-06-28 09:58:51.597911252,100124,85,100078,185,100132,185,100068,185,100139,185,100040,185,100143,185,100033,164,100232,185,100018,285,100291,100,99978,100,100318,100,99963,100,100346,100,99946,100,100398,100,99940,100,100811,100,99936,100
2019-06-28 09:59:00.000000000,100132,185,100078,185,100139,185,100068,185,100143,185,100040,185,100232,185,100033,164,100291,185,100018,285,100318,100,99978,100,100346,100,99963,100,100398,100,99946,100,100811,100,99940,100,100875,100,99936,100
2019-06-28 09:59:06.358750541,100132,185,100084,100,100139,185,100078,185,100143,185,100068,185,100232,185,100040,185,100291,185,100033,164,100318,100,100018,285,100346,100,99978,100,100398,100,99963,100,100811,100,99946,100,100875,100,99940,100
2019-06-28 09:59:10.000000000,100132,245,100084,245,100139,241,100078,241,100143,241,100068,241,100232,100,100040,100,100291,100,100033,79,100318,100,100018,200,100346,100,99978,100,100398,100,99963,100,100811,100,99946,100,100875,100,99940,100
2019-06-28 09:59:20.000000000,100132,526,100084,526,100139,100,100078,100,100143,100,100068,100,100232,100,100040,100,100291,100,100033,79,100318,100,100018,200,100346,100,99978,100,100398,100,99963,100,100811,100,99946,100,100875,100,99940,100
2019-06-28 09:59:21.088317500,100122,100,100084,526,100132,526,100078,100,100139,100,100068,100,100143,100,100040,100,100232,100,100033,79,100291,100,100018,200,100318,100,99978,100,100346,100,99963,100,100398,100,99946,100,100811,100,99940,100
2019-06-28 09:59:30.000000000,100122,185,100084,185,100132,185,100078,185,100139,185,100068,185,100143,185,100040,185,100232,185,100033,164,100291,100,100018,200,100318,100,99978,100,100346,100,99963,100,100398,100,99946,100,100811,100,99940,100
2019-06-28 09:59:37.798400403,100122,185,100084,185,100132,185,100078,185,100139,185,100068,185,100143,185,100040,185,100232,185,100033,164,100291,100,100018,200,100318,100,99978,100,100346,100,99963,100,100367,100,99946,100,100398,100,99936,100
2019-06-28 09:59:40.000000000,100122,206,100084,206,100132,206,100078,206,100139,206,100068,206,100143,206,100040,206,100232,100,100033,79,100291,100,100018,200,100318,100,99978,100,100346,100,99963,100,100367,100,99946,100,100398,100,99936,100
2019-06-28 09:59:50.000000000,100122,185,100084,185,100132,185,100078,185,100139,185,100068,185,100143,185,100040,185,100232,185,100033,164,100291,100,100018,200,100318,100,99978,100,100346,100,99963,100,100367,100,99946,100,100398,100,99936,100
2019-06-28 09:59:54.662385697,100113,100,100084,185,100122,185,100078,185,100132,185,100068,185,100139,185,100040,185,100143,185,100033,164,100232,185,100018,200,100291,100,99978,100,100318,100,99963,100,100346,100,99946,100,100367,100,99936,100
2019-06-28 10:00:00.000000000,100113,245,100084,245,100122,241,100078,241,100132,241,100068,241,100139,100,100040,100,100143,100,100033,79,100232,100,100018,200,100291,100,99978,100,100318,100,99963,100,100346,100,99946,100,100367,100,99936,100
2019-06-28 10:00:10.000000000,100113,245,100084,245,100122,241,100078,241,100132,241,100068,241,100139,100,100040,100,100143,100,100033,79,100232,100,100018,200,100291,100,99978,100,100318,100,99963,100,100346,100,99946,100,100367,100,99936,100
2019-06-28 10:00:10.647674016,100113,345,100084,245,100122,241,100078,241,100132,241,100068,241,100139,100,100040,100,100143,100,100033,79,100232,100,100018,200,100291,100,99978,100,100318,100,99963,100,100346,100,99946,100,100367,100,99936,100
2019-06-28 10:00:17.234659661,100113,345,100084,245,100122,241,100078,241,100132,241,100068,241,100139,100,100040,100,100143,100,100033,79,100232,100,100018,200,100291,100,99978,100,100318,100,99963,100,100346,100,99946,100,100398,100,99936,100
2019-06-28 10:00:20.000000000,100113,345,100084,245,100122,241,100078,241,100132,241,100068,241,100139,100,100040,100,100143,100,100033,79,100232,100,100018,200,100291,100,99978,100,100318,100,99963,100,100346,100,99946,100,100398,100,99936,100
2019-06-28 10:00:30.000000000,100113,285,100084,185,100122,185,100078,185,100132,185,100068,185,100139,185,100040,185,100143,185,100033,164,100232,100,100018,200,100291,100,99978,100,100318,100,99963,100,100346,100,99946,100,100398,100,99936,100
2019-06-28 10:00:36.710707766,100113,285,100084,85,100122,185,100078,185,100132,185,100068,185,100139,185,100040,185,100143,185,100033,164,100232,100,100018,200,100291,100,99978,100,100318,100,99963,100,100346,100,99946,100,100398,100,99936,100
2019-06-28 10:00:40.000000000,100113,285,100078,185,100122,185,100068,185,100132,185,100040,185,100139,185,100033,164,100143,185,100018,285,100232,100,99978,100,100291,100,99963,100,100318,100,99946,100,100346,100,99936,100,100398,100,99929,100
2019-06-28 10:00:50.000000000,100113,345,100078,245,100122,241,100068,241,100132,241,100040,241,100139,100,100033,79,100143,100,100018,200,100232,100,99978,100,100291,100,99963,100,100318,100,99946,100,100346,100,99936,100,100398,100,99929,100
2019-06-28 10:00:53.103412268,100113,345,100078,145,100122,141,100068,241,100132,241,100040,241,100139,100,100033,79,100143,100,100018,200,100232,100,99978,100,100291,100,99963,100,100318,100,99946,100,100346,100,99936,100,100398,100,99929,100
2019-06-28 10:00:53.976003802,100113,245,100078,145,100122,141,100068,241,100132,241,100040,241,100139,100,100033,79,100143,100,100018,200,100232,100,99978,100,100291,100,99963,100,100318,100,99946,100,100346,100,99936,100,100398,100,99929,100
2019-06-28 10:01:00.000000000,100113,313,100068,313,100132,313,100040,313,100139,100,100033,79,100143,100,100018,200,100232,100,99978,100,100291,100,99963,100,100318,100,99946,100,100346,100,99936,100,100398,100,99929,100,100811,100,99892,200
2019-06-28 10:01:08.719232684,100113,313,100068,313,100132,313,100040,313,100139,100,100033,79,100143,100,100018,100,100232,100,99978,100,100291,100,99963,100,100318,100,99946,100,100346,100,99936,100,100398,100,99929,100,100811,100,99892,200
2019-06-28 10:01:10.000000000,100113,206,100068,206,100132,206,100040,206,100139,206,100033,185,100143,206,100018,206,100232,100,99978,100,100291,100,99963,100,100318,100,99946,100,100346,100,99936,100,100398,100,99929,100,100811,100,99892,200
2019-06-28 10:01:19.634559452,100113,206,100068,206,100132,206,100040,206,100139,206,100033,185,100143,206,100018,206,100232,100,99978,100,100291,100,99963,100,100318,100,99946,100,100346,100,99936,100,100398,100,99929,100,100811,100,99892,200
2019-06-28 10:01:20.000000000,100113,313,100068,313,100132,313,100040,313,100139,100,100033,79,100143,100,100018,100,100232,100,99978,100,100291,100,99963,100,100318,100,99946,100,100346,100,99936,100,100398,100,99929,100,100811,100,99892,200
2019-06-28 10:01:20.265983233,100113,313,100068,313,100132,313,100040,313,100139,100,100033,79,100143,100,100018,100,100232,100,99978,100,100291,100,99963,100,100318,100,99946,100,100346,100,99936,100,100398,100,99929,100,100811,100,99892,200
2019-06-28 10:01:28.307382566,100113,313,100068,313,100132,313,100040,313,100139,100,100033,79,100143,100,100018,100,100232,100,99978,100,100291,100,99946,100,100318,100,99936,100,100346,100,99929,100,100398,100,99892,200,100811,100,99891,100
2019-06-28 10:01:30.000000000,100113,313,100068,313,100132,313,100040,313,100139,100,100033,79,100143,100,100018,100,100232,100,99978,100,100291,100,99946,100,100318,100,99936,100,100346,100,99929,100,100398,100,99892,200,100811,100,99891,100
2019-06-28 10:01:40.000000000,100113,185,100068,185,100132,185,100040,185,100139,185,100033,164,100143,185,100018,185,100232,185,99978,185,100291,100,99946,100,100318,100,99936,100,100346,100,99929,100,100398,100,99892,200,100811,100,99891,100
2019-06-28 10:01:50.000000000,100113,313,100068,313,100132,313,100040,313,100139,100,100033,79,100143,100,100018,100,100232,100,99978,100,100291,100,99946,100,100318,100,99936,100,100346,100,99929,100,100398,100,99892,200,100811,100,99891,100
2019-06-28 10:02:00.000000000,100113,185,100068,185,100132,185,100040,185,100139,185,100033,164,100143,185,100018,185,100232,185,99978,185,100291,100,99946,100,100318,100,99936,100,100346,100,99929,100,100398,100,99892,200,100811,100,99891,100
2019-06-28 10:02:10.000000000,100113,185,100068,185,100132,185,100040,185,100139,185,100033,164,100143,185,100018,185,100232,185,99978,185,100291,100,99946,100,100318,100,99936,100,100346,100,99929,100,100398,100,99892,200,100811,100,99891,100
2019-06-28 10:02:20.000000000,100113,245,100068,245,100132,241,100040,241,100139,241,100033,220,100143,100,100018,100,100232,100,99978,100,100291,100,99946,100,100318,100,99936,100,100346,100,99929,100,100398,100,99892,200,100811,100,99891,100
2019-06-28 10:02:30.000000000,100113,526,100068,526,100132,100,100040,100,100139,100,100033,79,100143,100,100018,100,100232,100,99978,100,100291,100,99946,100,100318,100,99936,100,100346,100,99929,100,100398,100,99892,200,100811,100,99891,100
2019-06-28 10:02:40.000000000,100113,245,100068,245,100132,241,100040,241,100139,241,100033,220,100143,100,100018,100,100232,100,99978,100,100291,100,99946,100,100318,100,99936,100,100346,100,99929,100,100398,100,99892,200,100811,100,99891,100
2019-06-28 10:02:41.552106854,100113,245,100068,245,100132,241,100040,241,100139,241,100033,220,100143,100,100018,100,100232,100,99978,100,100291,100,99946,100,100318,100,99936,100,100346,100,99929,100,100398,100,99912,100,100811,100,99892,200
2019-06-28 10:02:44.347816776,100113,245,100068,145,100132,241,100040,241,100139,241,100033,220,100143,100,100018,100,100232,100,99978,100,100291,100,99946,100,100318,100,99936,100,100346,100,99929,100,100398,100,99912,100,100811,100,99892,200
2019-06-28 10:02:50.000000000,100113,526,100040,526,100132,100,100033,79,100139,100,100018,100,100143,100,99978,100,100232,100,99946,100,100291,100,99936,100,100318,100,99929,100,100346,100,99912,100,100398,100,99892,200,100811,100,99891,100
2019-06-28 10:03:00.000000000,100113,313,100040,313,100132,313,100033,292,100139,100,100018,100,100143,100,99978,100,100232,100,99946,100,100291,100,99936,100,100318,100,99929,100,100346,100,99912,100,100398,100,99892,200,100811,100,99891,100
2019-06-28 10:03:10.000000000,100113,245,100040,245,100132,241,100033,220,100139,241,100018,241,100143,100,99978,100,100232,100,99946,100,100291,100,99936,100,100318,100,99929,100,100346,100,99912,100,100398,100,99892,200,100811,100,99891,100
2019-06-28 10:03:20.000000000,100113,245,100040,245,100132,241,100033,220,100139,241,100018,241,100143,100,99978,100,100232,100,99946,100,100291,100,99936,100,100318,100,99929,100,100346,100,99912,100,100398,100,99892,200,100811,100,99891,100
2019-06-28 10:03:26.013142411,100113,245,100040,245,100132,241,100033,220,100139,241,100018,241,100143,100,99978,100,100232,100,99946,100,100291,100,99936,100,100318,100,99929,100,100346,100,99912,100,100398,100,99892,200,100811,100,99891,100
2019-06-28 10:03:30.000000000,100113,313,100040,313,100132,313,100033,292,100139,100,100018,100,100143,100,99978,100,100232,100,99946,100,100291,100,99936,100,100318,100,99929,100,100346,100,99912,100,100398,100,99892,200,100811,100,99891,100
2019-06-28 10:03:39.275805986,100113,313,100040,213,100132,313,100033,292,100139,100,100018,100,100143,100,99978,100,100232,100,99946,100,100291,100,99929,100,100318,100,99912,100,100346,100,99892,200,100398,100,99891,100,100811,100,99865,100
2019-06-28 10:03:40.000000000,100113,206,100033,185,100132,206,100018,206,100139,206,99978,206,100143,206,99946,206,100232,100,99929,100,100291,100,99912,100,100318,100,99892,200,100346,100,99891,100,100398,100,99865,100,100811,100,99786,100
2019-06-28 10:03:50.000000000,100113,245,100033,224,100132,241,100018,241,100139,241,99978,241,100143,100,99946,100,100232,100,99929,100,100291,100,99912,100,100318,100,99892,200,100346,100,99891,100,100398,100,99865,100,100811,100,99786,100
2019-06-28 10:03:57.231884901,100068,100,100033,224,100113,245,100018,241,100132,241,99978,241,100139,241,99946,100,100143,100,99929,100,100232,100,99912,100,100291,100,99892,200,100318,100,99891,100,100346,100,99865,100,100398,100,99786,100
2019-06-28 10:04:00.000000000,100068,185,100033,164,100113,185,100018,185,100132,185,99978,185,100139,185,99946,185,100143,185,99929,185,100232,100,99912,100,100291,100,99892,200,100318,100,99891,100,100346,100,99865,100,100398,100,99786,100
2019-06-28 10:04:10.000000000,100068,313,100033,292,100113,313,100018,313,100132,100,99978,100,100139,100,99946,100,100143,100,99929,100,100232,100,99912,100,100291,100,99892,200,100318,100,99891,100,100346,100,99865,100,100398,100,99786,100
2019-06-28 10:04:20.000000000,100068,526,100033,505,100113,100,100018,100,100132,100,99978,100,100139,100,99946,100,100143,100,99929,100,100232,100,99912,100,100291,100,99892,200,100318,100,99891,100,100346,100,99865,100,100398,100,99786,100
2019-06-28 10:04:30.000000000,100068,245,100033,224,100113,241,100018,241,100132,241,99978,241,100139,100,99946,100,100143,100,99929,100,100232,100,99912,100,100291,100,99892,200,100318,100,99891,100,100346,100,99865,100,100398,100,99786,100
2019-06-28 10:04:34.769219220,100068,245,100033,124,100113,241,100018,241,100132,241,99978,241,100139,100,99946,100,100232,100,99929,100,100291,100,99912,100,100318,100,99892,200,100346,100,99891,100,100398,100,99865,100,100811,100,99786,100
2019-06-28 10:04:36.638820575,100068,245,100033,24,100113,241,100018,241,100132,241,99978,241,100139,100,99946,100,100232,100,99929,100,100291,100,99912,100,100318,100,99892,200,100346,100,99891,100,100398,100,99865,100,100811,100,99786,100
2019-06-28 10:04:39.591223631,100033,76,100018,241,100068,245,99978,241,100113,241,99946,100,100132,241,99929,100,100139,100,99912,100,100232,100,99892,200,100291,100,99891,100,100318,100,99865,100,100346,100,99786,100,100398,100,99773,100
2019-06-28 10:04:40.000000000,100033,221,100018,245,100068,241,99978,241,100113,241,99946,241,100132,100,99929,100,100139,100,99912,100,100232,100,99892,200,100291,100,99891,100,100318,100,99865,100,100346,100,99786,100,100398,100,99773,100
2019-06-28 10:04:44.807560656,100033,321,100018,245,100068,241,99978,241,100113,241,99946,241,100132,100,99929,100,100139,100,99912,100,100232,100,99892,200,100291,100,99891,100,100318,100,99865,100,100346,100,99786,100,100398,100,99773,100
2019-06-28 10:04:50.000000000,100033,321,100018,245,100068,241,99978,241,100113,241,99946,241,100132,100,99929,100,100139,100,99912,100,100232,100,99892,200,100291,100,99891,100,100318,100,99865,100,100346,100,99786,100,100398,100,99773,100
2019-06-28 10:05:00.000000000,100033,261,100018,185,100068,185,99978,185,100113,185,99946,185,100132,185,99929,185,100139,185,99912,185,100232,100,99892,200,100291,100,99891,100,100318,100,99865,100,100346,100,99786,100,100398,100,99773,100
2019-06-28 10:05:10.000000000,100033,602,100018,526,100068,100,99978,100,100113,100,99946,100,100132,100,99929,100,100139,100,99912,100,100232,100,99892,200,100291,100,99891,100,100318,100,99865,100,100346,100,99786,100,100398,100,99773,100
2019-06-28 10:05:20.000000000,100033,602,100018,526,100068,100,99978,100,100113,100,99946,100,100132,100,99929,100,100139,100,99912,100,100232,100,99892,200,100291,100,99891,100,100318,100,99865,100,100346,100,99786,100,100398,100,99773,100
2019-06-28 10:05:30.000000000,100033,261,100018,185,100068,185,99978,185,100113,185,99946,185,100132,185,99929,185,100139,185,99912,185,100232,100,99892,200,100291,100,99891,100,100318,100,99865,100,100346,100,99786,100,100398,100,99773,100
2019-06-28 10:05:40.000000000,100033,321,100018,245,100068,241,99978,241,100113,241,99946,241,100132,100,99929,100,100139,100,99912,100,100232,100,99892,200,100291,100,99891,100,100318,100,99865,100,100346,100,99786,100,100398,100,99773,100
2019-06-28 10:05:50.000000000,100033,602,100018,526,100068,100,99978,100,100113,100,99946,100,100132,100,99929,100,100139,100,99912,100,100232,100,99892,200,100291,100,99891,100,100318,100,99865,100,100346,100,99786,100,100398,100,99773,100
2019-06-28 10:05:51.589903055,100033,602,100018,526,100068,100,99978,100,100113,100,99946,100,100132,100,99929,100,100139,100,99912,100,100232,100,99892,200,100291,100,99891,100,100318,100,99865,100,100346,100,99786,100,100398,100,99773,100
2019-06-28 10:06:00.000000000,100033,261,100018,185,100068,185,99978,185,100113,185,99946,185,100132,185,99929,185,100139,185,99912,185,100232,100,99892,200,100291,100,99891,100,100318,100,99865,100,100346,100,99786,100,100398,100,99773,100
2019-06-28 10:06:09.352243106,100033,261,100018,85,100068,185,99978,185,100113,185,99946,185,100132,185,99929,185,100139,185,99912,185,100232,100,99892,200,100291,100,99891,100,100318,100,99865,100,100346,100,99786,100,100398,100,99773,100
2019-06-28 10:06:10.000000000,100033,282,99978,206,100068,206,99946,206,100113,206,99929,206,100132,206,99912,206,100139,100,99892,200,100232,100,99891,100,100291,100,99865,100,100318,100,99786,100,100346,100,99773,100,100398,100,99768,100
2019-06-28 10:06:20.000000000,100033,602,99978,526,100068,100,99946,100,100113,100,99929,100,100132,100,99912,100,100139,100,99892,200,100232,100,99891,100,100291,100,99865,100,100318,100,99786,100,100346,100,99773,100,100398,100,99768,100
2019-06-28 10:06:30.000000000,100033,261,99978,185,100068,185,99946,185,100113,185,99929,185,100132,185,99912,185,100139,185,99892,285,100232,100,99891,100,100291,100,99865,100,100318,100,99786,100,100346,100,99773,100,100398,100,99768,100
2019-06-28 10:06:38.679516001,100033,261,99978,85,100068,185,99946,185,100113,185,99929,185,100132,185,99912,185,100139,185,99892,285,100291,100,99891,100,100318,100,99865,100,100346,100,99786,100,100398,100,99773,100,100811,100,99768,100
2019-06-28 10:06:40.000000000,100033,602,99946,526,100068,100,99929,100,100113,100,99912,100,100132,100,99892,200,100139,100,99891,100,100291,100,99865,100,100318,100,99786,100,100346,100,99773,100,100398,100,99768,100,100811,100,99767,100
2019-06-28 10:06:50.000000000,100033,321,99946,245,100068,241,99929,241,100113,241,99912,241,100132,100,99892,200,100139,100,99891,100,100291,100,99865,100,100318,100,99786,100,100346,100,99773,100,100398,100,99768,100,100811,100,99767,100
2019-06-28 10:06:53.455950965,100033,321,99946,245,100068,241,99929,241,100113,241,99912,241,100132,100,99892,200,100139,100,99891,100,100291,100,99786,100,100318,100,99773,100,100346,100,99768,100,100398,100,99767,100,100811,100,99640,100
2019-06-28 10:07:00.000000000,100033,261,99946,185,100068,185,99929,185,100113,185,99912,185,100132,185,99892,285,100139,185,99891,185,100291,100,99786,100,100318,100,99773,100,100346,100,99768,100,100398,100,99767,100,100811,100,99640,100
2019-06-28 10:07:01.242854873,100033,261,99946,85,100068,185,99929,185,100113,185,99912,185,100132,185,99892,285,100139,185,99891,185,100291,100,99786,100,100318,100,99773,100,100346,100,99768,100,100398,100,99767,100,100811,100,99640,100
