,ask_price_1,ask_size_1,bid_price_1,bid_size_1,ask_price_2,ask_size_2,bid_price_2,bid_size_2,ask_price_3,ask_size_3,bid_price_3,bid_size_3,ask_price_4,ask_size_4,bid_price_4,bid_size_4,ask_price_5,ask_size_5,bid_price_5,bid_size_5,ask_price_6,ask_size_6,bid_price_6,bid_size_6,ask_price_7,ask_size_7,bid_price_7,bid_size_7,ask_price_8,ask_size_8,bid_price_8,bid_size_8,ask_price_9,ask_size_9,bid_price_9,bid_size_9,ask_price_10,ask_size_10,bid_price_10,bid_size_10
2019-06-28 09:30:00.000000001,100111,100,,,,,,,,,,,,,,,,,,,,,,,,,,,,,,,,,,,,,,
2019-06-28 09:30:00.000000005,100111,100,100028,100,100150,100,,,,,,,,,,,,,,,,,,,,,,,,,,,,,,,,,,
2019-06-28 09:30:00.000000007,100111,100,100028,100,100150,100,99945,100,,,,,,,,,,,,,,,,,,,,,,,,,,,,,,,,
2019-06-28 09:30:00.000000010,100060,100,100028,100,100111,100,99945,100,100150,100,,,,,,,,,,,,,,,,,,,,,,,,,,,,,,
2019-06-28 09:30:00.000000011,100060,100,99945,100,100111,100,,,100150,100,,,,,,,,,,,,,,,,,,,,,,,,,,,,,,
2019-06-28 09:30:00.000000012,100060,100,99945,100,100111,100,99927,100,100150,100,99918,100,,,,,,,,,,,,,,,,,,,,,,,,,,,,
2019-06-28 09:30:00.000000013,100060,100,99945,100,100066,100,99927,100,100111,100,99918,100,100150,100,,,,,,,,,,,,,,,,,,,,,,,,,,
2019-06-28 09:30:00.000000015,100060,100,99970,100,100066,100,99945,100,100111,100,99927,100,100150,100,99918,100,,,,,,,,,,,,,,,,,,,,,,,,
2019-06-28 09:30:00.000000018,100060,100,99970,100,100066,100,99958,100,100111,100,99945,100,100150,100,99927,100,,,99918,100,,,,,,,,,,,,,,,,,,,,
2019-06-28 09:30:00.000000022,100033,100,99970,100,100040,100,99958,100,100060,100,99945,100,100066,100,99927,100,100111,100,99918,100,100150,100,,,,,,,,,,,,,,,,,,
2019-06-28 09:30:00.000000026,100033,100,99970,100,100040,100,99958,100,100060,100,99945,100,100066,100,99927,100,100111,100,99918,100,100150,100,99823,100,,,,,,,,,,,,,,,,
2019-06-28 09:30:00.000000027,100033,100,99970,100,100040,100,99958,100,100060,100,99945,100,100066,100,99927,100,100078,100,99918,100,100111,100,99823,100,100150,100,,,,,,,,,,,,,,
2019-06-28 09:30:00.000000028,100033,100,99970,100,100040,100,99962,100,100060,100,99958,100,100066,100,99945,100,100072,100,99927,100,100078,100,99918,100,100111,100,99823,100,100119,100,,,100150,100,,,,,,
2019-06-28 09:30:00.000000031,100033,100,99970,100,100040,100,99962,100,100060,100,99958,100,100066,100,99945,100,100072,100,99927,100,100078,100,99918,100,100105,100,99823,100,100111,100,,,100119,100,,,100133,100,,
2019-06-28 09:30:00.000000032,100033,100,99970,100,100040,100,99962,100,100060,100,99958,100,100066,100,99945,100,100072,100,99927,100,100078,100,99918,100,100105,100,99823,100,100111,100,,,100119,100,,,100133,100,,
2019-06-28 09:30:00.000000034,100033,100,100007,100,100040,100,99970,100,100060,100,99962,100,100066,100,99958,100,100072,100,99945,100,100078,100,99934,100,100105,100,99927,100,100111,100,99918,100,100119,100,99823,100,100133,100,,
2019-06-28 09:30:00.000000035,100033,100,100007,100,100040,100,99970,100,100060,100,99962,100,100066,100,99958,100,100072,100,99945,100,100078,200,99934,100,100105,100,99927,100,100111,100,99918,100,100119,100,99823,100,100133,100,,
2019-06-28 09:30:00.000000036,100010,100,100007,100,100033,100,99970,100,100040,100,99962,100,100060,100,99958,100,100066,100,99945,100,100072,100,99934,100,100078,200,99927,100,100105,100,99918,100,100111,100,99823,100,100119,100,,
2019-06-28 09:30:00.000000037,100010,100,100007,100,100033,100,99970,100,100040,100,99962,100,100060,100,99958,100,100066,100,99945,100,100072,100,99934,100,100078,200,99927,100,100105,100,99918,100,100111,100,99823,100,100119,100,,
2019-06-28 09:30:00.000000039,100010,100,100007,100,100033,100,99970,100,100040,100,99962,100,100060,100,99959,100,100066,100,99958,100,100072,100,99945,100,100078,200,99934,100,100105,100,99927,100,100111,100,99918,100,100119,100,99872,100
2019-06-28 09:30:00.000000040,100033,100,100007,100,100040,100,99970,100,100060,100,99962,100,100066,100,99959,100,100072,100,99958,100,100078,200,99945,100,100105,100,99934,100,100111,100,99927,100,100119,100,99918,100,100126,100,99872,100
2019-06-28 09:30:00.000000041,100010,100,100007,100,100033,100,99970,100,100040,100,99962,100,100060,100,99959,100,100066,100,99958,100,100072,100,99945,100,100078,200,99934,100,100105,100,99927,100,100108,100,99918,100,100111,100,99872,100
2019-06-28 09:30:00.000000042,100010,100,100007,100,100033,100,99970,100,100040,100,99962,100,100060,100,99959,100,100066,100,99958,100,100072,100,99945,100,100078,200,99934,100,100105,100,99927,100,100108,100,99918,100,100111,100,99872,100
2019-06-28 09:30:00.000000043,100010,100,100007,100,100033,100,99970,100,100040,100,99962,100,100060,100,99960,100,100066,100,99959,100,100072,100,99958,100,100078,200,99945,100,100105,100,99934,100,100108,100,99927,100,100111,100,99918,100
2019-06-28 09:30:00.000000045,100010,100,100007,100,100033,100,99970,100,100040,100,99962,100,100060,100,99960,100,100066,100,99959,100,100072,100,99958,100,100078,200,99951,100,100105,100,99945,100,100108,100,99934,100,100111,100,99927,100
2019-06-28 09:30:00.000000047,100033,100,100007,100,100040,100,99970,100,100060,100,99962,100,100066,100,99960,100,100072,100,99959,100,100078,200,99958,100,100105,100,99951,100,100108,100,99945,100,100111,100,99934,100,100115,100,99927,100
2019-06-28 09:30:00.000000048,100033,100,100007,100,100040,100,99970,100,100060,100,99962,100,100066,100,99960,100,100072,200,99959,100,100078,200,99958,100,100105,100,99951,100,100108,100,99945,100,100111,100,99934,100,100115,100,99927,100
2019-06-28 09:30:00.000000050,100026,100,100010,100,100033,100,100007,100,100040,100,99970,100,100060,100,99962,100,100066,100,99960,100,100072,200,99959,100,100078,200,99958,100,100105,100,99951,100,100108,100,99945,100,100111,100,99934,100
2019-06-28 09:30:00.000000054,100026,100,100010,100,100033,100,100007,100,100040,100,99970,100,100060,100,99962,100,100066,100,99960,100,100072,200,99959,100,100078,200,99958,100,100105,100,99951,100,100108,100,99945,100,100111,100,99934,100
2019-06-28 09:30:00.000000056,100026,100,100007,100,100033,100,99970,100,100040,100,99962,100,100060,100,99960,100,100066,100,99959,100,100072,200,99958,100,100078,200,99951,100,100105,100,99945,100,100108,100,99934,100,100111,100,99927,100
2019-06-28 09:30:00.000000059,100033,100,100007,100,100040,100,99970,100,100060,100,99962,100,100066,100,99960,100,100072,200,99959,100,100078,200,99958,100,100105,100,99951,100,100108,100,99945,100,100111,100,99934,100,100115,100,99927,100
2019-06-28 09:30:00.000000062,100033,100,100007,100,100040,100,99970,100,100060,100,99962,100,100066,100,99960,100,100068,100,99959,100,100072,200,99958,100,100078,200,99951,100,100105,100,99945,100,100108,100,99934,100,100111,100,99927,100
2019-06-28 09:30:00.000000063,100033,100,100007,100,100040,100,99990,100,100060,100,99970,100,100066,100,99962,100,100068,100,99960,100,100072,200,99959,100,100078,200,99958,100,100105,100,99951,100,100108,100,99945,100,100111,100,99934,100
2019-06-28 09:30:00.000000066,100026,100,100007,100,100033,100,99990,100,100040,100,99970,100,100060,100,99962,100,100066,100,99960,100,100068,100,99959,100,100072,200,99958,100,100078,200,99951,100,100105,100,99945,100,100108,100,99934,100
2019-06-28 09:30:00.000000069,100026,100,100007,100,100033,100,99990,100,100040,100,99989,100,100060,100,99970,100,100066,100,99962,100,100068,100,99960,100,100072,200,99959,100,100078,200,99958,100,100105,100,99951,100,100108,100,99945,100
2019-06-28 09:30:00.000000070,100026,200,100007,100,100033,100,99990,100,100040,100,99989,100,100060,100,99970,100,100066,100,99962,100,100068,100,99960,100,100072,200,99959,100,100078,200,99958,100,100105,100,99951,100,100108,100,99945,100
2019-06-28 09:30:00.000000073,100026,300,100007,100,100033,100,99990,100,100040,100,99989,100,100060,100,99970,100,100066,100,99962,100,100068,100,99960,100,100072,200,99959,100,100078,200,99958,100,100105,100,99951,100,100108,100,99945,100
2019-06-28 09:30:00.000000074,100026,300,100007,100,100033,100,99990,100,100040,100,99989,100,100060,100,99970,100,100066,100,99962,100,100068,100,99960,100,100072,200,99959,100,100078,200,99958,100,100105,100,99951,100,100108,100,99945,100
2019-06-28 09:30:00.000000075,100026,300,100018,100,100033,200,100010,100,100040,100,100007,100,100060,100,100004,100,100066,100,99990,100,100068,100,99989,100,100072,200,99970,100,100078,200,99962,100,100105,100,99960,100,100108,100,99959,100
2019-06-28 09:30:00.000000081,100026,300,100018,100,100033,200,100010,100,100040,100,100007,100,100060,100,100004,100,100066,100,99990,100,100068,100,99989,100,100072,200,99970,100,100078,300,99962,100,100105,100,99960,100,100108,100,99959,100
2019-06-28 09:30:00.000000082,100026,300,100018,100,100033,200,100010,200,100040,100,100007,100,100060,100,100004,100,100066,100,99990,100,100068,100,99989,100,100072,200,99970,100,100078,300,99962,100,100105,100,99960,100,100108,100,99959,100
2019-06-28 09:30:00.000000084,100026,200,100018,100,100033,200,100010,200,100040,100,100007,100,100060,100,100004,100,100066,100,99990,100,100068,100,99989,100,100072,200,99970,100,100078,300,99962,100,100105,100,99960,100,100108,100,99959,100
2019-06-28 09:30:00.000000085,100026,200,100018,100,100033,200,100010,200,100040,100,100007,100,100060,100,100004,100,100066,100,99990,100,100068,100,99989,100,100072,200,99970,100,100078,300,99962,100,100105,100,99960,100,100108,100,99959,100
2019-06-28 09:30:00.000000088,100026,200,100010,200,100033,200,100007,100,100040,100,100004,100,100060,100,99990,100,100066,100,99989,100,100068,100,99970,100,100072,200,99962,100,100078,300,99960,100,100105,100,99959,100,100108,100,99958,100
2019-06-28 09:30:00.000000093,100026,200,100010,100,100033,200,100007,100,100040,100,100004,100,100060,100,99990,100,100066,100,99989,100,100068,100,99970,100,100072,200,99962,100,100078,300,99960,100,100105,100,99959,100,100108,100,99958,100
2019-06-28 09:30:00.000000094,100026,200,100010,100,100033,200,100007,100,100040,100,100004,100,100060,100,99990,100,100066,100,99989,100,100068,100,99970,100,100072,200,99962,100,100078,300,99960,200,100105,100,99959,100,100108,100,99958,100
2019-06-28 09:30:00.000000095,100018,100,100010,100,100026,200,100007,100,100033,200,100004,100,100040,100,99990,100,100060,100,99989,100,100066,100,99970,100,100068,100,99962,100,100072,200,99960,200,100078,300,99959,100,100105,100,99958,100
2019-06-28 09:30:00.000000096,100018,100,100007,100,100026,200,100004,100,100033,200,99990,100,100040,100,99989,100,100060,100,99970,100,100066,100,99962,100,100068,100,99960,200,100072,200,99959,100,100078,300,99958,100,100105,100,99951,100
2019-06-28 09:30:00.000000097,100010,100,100007,100,100018,100,100004,100,100026,200,99990,100,100033,200,99989,100,100040,100,99970,100,100060,100,99962,100,100066,100,99960,200,100068,100,99959,100,100072,200,99958,100,100078,300,99951,100
2019-06-28 09:30:00.000000099,100010,100,100007,100,100018,100,100004,100,100026,200,99990,100,100033,200,99989,100,100040,100,99970,100,100060,100,99962,100,100066,100,99960,200,100068,100,99959,100,100072,200,99958,100,100078,300,99951,100
2019-06-28 09:30:10.000000000,100010,554,100007,554,100018,100,100004,100,100026,200,99990,100,100033,200,99989,100,100040,100,99970,100,100060,100,99962,100,100066,100,99960,200,100068,100,99959,100,100072,200,99958,100,100078,300,99951,100
2019-06-28 09:30:11.993786997,100010,554,100007,554,100018,100,100004,100,100026,200,99990,100,100033,200,99989,100,100040,100,99970,100,100060,100,99962,100,100066,100,99960,200,100068,100,99959,100,100072,200,99958,100,100078,200,99951,100
2019-06-28 09:30:20.000000000,100010,254,100007,254,100018,250,100004,250,100026,350,99990,250,100033,200,99989,100,100040,100,99970,100,100060,100,99962,100,100066,100,99960,200,100068,100,99959,100,100072,200,99958,100,100078,200,99951,100
2019-06-28 09:30:20.398954422,100010,254,100007,154,100018,250,100004,250,100026,350,99990,250,100033,200,99989,100,100040,100,99970,100,100060,100,99962,100,100066,100,99960,200,100068,100,99959,100,100072,200,99958,100,100078,200,99951,100
2019-06-28 09:30:30.000000000,100010,214,100004,214,100018,214,99990,214,100026,314,99989,214,100033,314,99970,214,100040,100,99962,100,100060,100,99960,200,100066,100,99959,100,100068,100,99958,100,100072,200,99951,100,100078,200,99945,100
2019-06-28 09:30:32.908392790,100010,214,100004,114,100018,214,99990,214,100026,314,99989,214,100033,314,99970,214,100040,100,99962,100,100060,100,99960,200,100066,100,99959,100,100068,100,99958,100,100072,200,99951,100,100078,200,99945,100
2019-06-28 09:30:40.000000000,100010,327,99990,327,100018,327,99989,327,100026,200,99970,100,100033,200,99962,100,100040,100,99960,200,100060,100,99959,100,100066,100,99958,100,100068,100,99951,100,100072,200,99945,100,100078,200,99934,100
2019-06-28 09:30:50.000000000,100010,191,99990,191,100018,191,99989,191,100026,291,99970,191,100033,291,99962,191,100040,191,99960,291,100060,100,99959,100,100066,100,99958,100,100068,100,99951,100,100072,200,99945,100,100078,200,99934,100
2019-06-28 09:30:51.125692188,100010,191,99990,191,100018,191,99989,191,100026,291,99970,191,100033,291,99962,191,100040,191,99960,291,100060,100,99959,100,100066,100,99958,100,100068,100,99951,100,100072,200,99945,100,100078,200,99934,100
2019-06-28 09:31:00.000000000,100010,214,99990,214,100018,214,99989,214,100026,314,99970,214,100033,314,99962,214,100040,100,99960,200,100060,100,99959,100,100066,100,99958,100,100068,100,99951,100,100072,200,99945,100,100078,200,99934,100
2019-06-28 09:31:04.478330711,100010,214,99990,214,100018,214,99989,214,100026,314,99970,214,100033,314,99962,214,100040,100,99960,200,100066,100,99959,100,100068,100,99958,100,100072,200,99951,100,100078,200,99945,100,100105,100,99934,100
2019-06-28 09:31:10.000000000,100010,191,99990,191,100018,191,99989,191,100026,291,99970,191,100033,291,99962,191,100040,191,99960,291,100066,100,99959,100,100068,100,99958,100,100072,200,99951,100,100078,200,99945,100,100105,100,99934,100
2019-06-28 09:31:20.000000000,100010,327,99990,327,100018,327,99989,327,100026,200,99970,100,100033,200,99962,100,100040,100,99960,200,100066,100,99959,100,100068,100,99958,100,100072,200,99951,100,100078,200,99945,100,100105,100,99934,100
2019-06-28 09:31:30.000000000,100010,327,99990,327,100018,327,99989,327,100026,200,99970,100,100033,200,99962,100,100040,100,99960,200,100066,100,99959,100,100068,100,99958,100,100072,200,99951,100,100078,200,99945,100,100105,100,99934,100
2019-06-28 09:31:40.000000000,100010,191,99990,191,100018,191,99989,191,100026,291,99970,191,100033,291,99962,191,100040,191,99960,291,100066,100,99959,100,100068,100,99958,100,100072,200,99951,100,100078,200,99945,100,100105,100,99934,100
2019-06-28 09:31:47.782119360,100007,100,99990,191,100010,191,99989,191,100018,191,99970,191,100026,291,99962,191,100033,291,99960,291,100040,191,99959,100,100066,100,99958,100,100068,100,99951,100,100072,200,99945,100,100078,200,99934,100
2019-06-28 09:31:50.000000000,100007,327,99990,327,100010,327,99989,327,100018,100,99970,100,100026,200,99962,100,100033,200,99960,200,100040,100,99959,100,100066,100,99958,100,100068,100,99951,100,100072,200,99945,100,100078,200,99934,100
2019-06-28 09:31:54.388463625,100007,327,99990,227,100010,327,99989,327,100018,100,99970,100,100026,200,99962,100,100033,200,99960,200,100040,100,99959,100,100066,100,99958,100,100068,100,99951,100,100072,200,99945,100,100078,200,99934,100
2019-06-28 09:32:00.000000000,100007,214,99989,214,100010,214,99970,214,100018,214,99962,214,100026,314,99960,314,100033,200,99959,100,100040,100,99958,100,100066,100,99951,100,100068,100,99945,100,100072,200,99934,100,100078,200,99927,100
2019-06-28 09:32:10.000000000,100007,254,99989,254,100010,250,99970,250,100018,250,99962,250,100026,200,99960,200,100033,200,99959,100,100040,100,99958,100,100066,100,99951,100,100068,100,99945,100,100072,200,99934,100,100078,200,99927,100
2019-06-28 09:32:20.000000000,100007,327,99989,327,100010,327,99970,327,100018,100,99962,100,100026,200,99960,200,100033,200,99959,100,100040,100,99958,100,100066,100,99951,100,100068,100,99945,100,100072,200,99934,100,100078,200,99927,100
2019-06-28 09:32:30.000000000,100007,327,99989,327,100010,327,99970,327,100018,100,99962,100,100026,200,99960,200,100033,200,99959,100,100040,100,99958,100,100066,100,99951,100,100068,100,99945,100,100072,200,99934,100,100078,200,99927,100
2019-06-28 09:32:38.887495589,100007,327,99989,227,100010,327,99970,327,100018,100,99962,100,100026,200,99960,200,100033,200,99959,100,100040,100,99958,100,100066,100,99951,100,100068,100,99945,100,100072,200,99934,100,100078,200,99927,100
2019-06-28 09:32:40.000000000,100007,327,99970,327,100010,327,99962,327,100018,100,99960,200,100026,200,99959,100,100033,200,99958,100,100040,100,99951,100,100066,100,99945,100,100068,100,99934,100,100072,200,99927,100,100078,200,99921,100
2019-06-28 09:32:47.565500937,100007,327,99970,227,100010,327,99962,327,100018,100,99960,200,100026,200,99959,100,100033,200,99958,100,100040,100,99951,100,100066,100,99945,100,100068,100,99934,100,100072,200,99927,100,100078,200,99918,200
2019-06-28 09:32:50.000000000,100007,554,99962,554,100010,100,99960,200,100018,100,99959,100,100026,200,99958,100,100033,200,99951,100,100040,100,99945,100,100066,100,99934,100,100068,100,99927,100,100072,200,99918,200,100078,200,99898,100
2019-06-28 09:32:54.644718531,100007,554,99962,454,100010,100,99960,200,100018,100,99959,100,100026,200,99958,100,100033,200,99951,100,100040,100,99945,100,100066,100,99934,100,100068,100,99927,100,100072,200,99918,200,100078,200,99898,100
2019-06-28 09:33:00.000000000,100007,191,99960,291,100010,191,99959,191,100018,191,99958,191,100026,291,99951,191,100033,291,99945,191,100040,100,99934,100,100066,100,99927,100,100068,100,99918,200,100072,200,99898,100,100078,200,99876,100
2019-06-28 09:33:10.000000000,100007,254,99960,354,100010,250,99959,250,100018,250,99958,250,100026,200,99951,100,100033,200,99945,100,100040,100,99934,100,100066,100,99927,100,100068,100,99918,200,100072,200,99898,100,100078,200,99876,100
2019-06-28 09:33:20.000000000,100007,254,99960,354,100010,250,99959,250,100018,250,99958,250,100026,200,99951,100,100033,200,99945,100,100040,100,99934,100,100066,100,99927,100,100068,100,99918,200,100072,200,99898,100,100078,200,99876,100
2019-06-28 09:33:24.451202304,100007,254,99960,354,100010,250,99959,250,100018,250,99958,250,100026,200,99951,100,100033,200,99945,100,100040,100,99934,100,100066,100,99927,100,100068,100,99918,200,100072,200,99898,100,100078,200,99876,100
2019-06-28 09:33:25.328772333,100007,254,99960,254,100010,250,99959,250,100018,250,99958,250,100026,200,99945,100,100033,200,99934,100,100040,100,99927,100,100066,100,99918,200,100068,100,99898,100,100072,200,99876,100,100078,200,99872,100
2019-06-28 09:33:30.000000000,100007,191,99960,191,100010,191,99959,191,100018,191,99958,191,100026,291,99945,191,100033,291,99934,191,100040,100,99927,100,100066,100,99918,200,100068,100,99898,100,100072,200,99876,100,100078,200,99872,100
2019-06-28 09:33:33.460522089,100007,191,99960,91,100010,191,99959,191,100018,191,99958,191,100026,291,99945,191,100033,291,99934,191,100040,100,99927,100,100066,100,99918,200,100068,100,99898,100,100072,200,99876,100,100078,200,99872,100
2019-06-28 09:33:40.000000000,100007,554,99959,554,100010,100,99958,100,100018,100,99945,100,100026,200,99934,100,100033,200,99927,100,100040,100,99918,200,100066,100,99898,100,100068,100,99876,100,100072,200,99872,100,100078,200,99871,100
2019-06-28 09:33:43.862050584,99960,100,99959,554,100007,554,99958,100,100010,100,99945,100,100018,100,99934,100,100026,200,99927,100,100033,200,99918,200,100040,100,99898,100,100066,100,99876,100,100068,100,99872,100,100072,200,99871,100
2019-06-28 09:33:50.000000000,99960,554,99959,554,100007,100,99958,100,100010,100,99945,100,100018,100,99934,100,100026,200,99927,100,100033,200,99918,200,100040,100,99898,100,100066,100,99876,100,100068,100,99872,100,100072,200,99871,100
2019-06-28 09:33:53.999275401,99960,554,99959,454,100007,100,99958,100,100010,100,99945,100,100018,100,99934,100,100026,200,99927,100,100033,200,99918,200,100040,100,99898,100,100066,100,99876,100,100068,100,99872,100,100072,200,99871,100
2019-06-28 09:34:00.000000000,99960,554,99958,554,100007,100,99945,100,100010,100,99934,100,100018,100,99927,100,100026,200,99918,200,100033,200,99898,100,100040,100,99876,100,100066,100,99872,100,100068,100,99871,100,100072,200,99848,100
2019-06-28 09:34:07.394655195,99960,554,99958,554,100007,100,99945,100,100010,100,99934,100,100018,100,99927,100,100026,200,99918,200,100033,200,99898,100,100040,100,99876,100,100066,100,99872,100,100068,100,99871,100,100072,100,99848,100
2019-06-28 09:34:10.000000000,99960,254,99958,254,100007,250,99945,250,100010,250,99934,250,100018,100,99927,100,100026,200,99918,200,100033,200,99898,100,100040,100,99876,100,100066,100,99872,100,100068,100,99871,100,100072,100,99848,100
2019-06-28 09:34:15.147888470,99960,254,99958,254,100007,250,99945,250,100010,250,99934,250,100018,100,99927,100,100026,200,99918,200,100033,200,99898,100,100040,100,99876,100,100066,100,99872,100,100068,100,99871,100,100072,100,99848,100
2019-06-28 09:34:20.000000000,99960,554,99958,554,100007,100,99945,100,100010,100,99934,100,100018,100,99927,100,100026,200,99918,200,100033,200,99898,100,100040,100,99876,100,100066,100,99872,100,100068,100,99871,100,100072,100,99848,100
2019-06-28 09:34:27.732704076,99960,554,99958,554,100007,100,99945,100,100010,100,99934,100,100018,100,99927,100,100026,200,99918,200,100033,200,99898,100,100040,100,99876,100,100066,100,99872,100,100068,100,99871,100,100072,100,99848,100
2019-06-28 09:34:30.000000000,99960,191,99958,191,100007,191,99945,191,100010,191,99934,191,100018,191,99927,191,100026,291,99918,291,100033,200,99898,100,100040,100,99876,100,100066,100,99872,100,100068,100,99871,100,100072,100,99848,100
2019-06-28 09:34:40.000000000,99960,327,99958,327,100007,327,99945,327,100010,100,99934,100,100018,100,99927,100,100026,200,99918,200,100033,200,99898,100,100040,100,99876,100,100066,100,99872,100,100068,100,99871,100,100072,100,99848,100
2019-06-28 09:34:50.000000000,99960,254,99958,254,100007,250,99945,250,100010,250,99934,250,100018,100,99927,100,100026,200,99918,200,100033,200,99898,100,100040,100,99876,100,100066,100,99872,100,100068,100,99871,100,100072,100,99848,100
2019-06-28 09:35:00.000000000,99960,254,99958,254,100007,250,99945,250,100010,250,99934,250,100018,100,99927,100,100026,200,99918,200,100033,200,99898,100,100040,100,99876,100,100066,100,99872,100,100068,100,99871,100,100072,100,99848,100
2019-06-28 09:35:05.225509130,99959,100,99958,254,99960,254,99945,250,100007,250,99934,250,100010,250,99927,100,100018,100,99918,200,100026,200,99898,100,100033,200,99876,100,100040,100,99872,100,100066,100,99871,100,100068,100,99848,100
2019-06-28 09:35:06.782633499,99959,100,99958,254,99960,254,99945,250,100007,250,99934,250,100010,250,99927,100,100018,100,99918,200,100026,200,99898,100,100033,200,99876,100,100066,100,99872,100,100068,100,99871,100,100072,100,99848,100
2019-06-28 09:35:09.053263193,99959,200,99958,254,99960,254,99945,250,100007,250,99934,250,100010,250,99927,100,100018,100,99918,200,100026,200,99898,100,100033,200,99876,100,100066,100,99872,100,100068,100,99871,100,100072,100,99848,100
2019-06-28 09:35:10.000000000,99959,314,99958,214,99960,214,99945,214,100007,214,99934,214,100010,214,99927,214,100018,100,99918,200,100026,200,99898,100,100033,200,99876,100,100066,100,99872,100,100068,100,99871,100,100072,100,99848,100
2019-06-28 09:35:20.000000000,99959,427,99958,327,99960,327,99945,327,100007,100,99934,100,100010,100,99927,100,100018,100,99918,200,100026,200,99898,100,100033,200,99876,100,100066,100,99872,100,100068,100,99871,100,100072,100,99848,100
2019-06-28 09:35:30.000000000,99959,291,99958,191,99960,191,99945,191,100007,191,99934,191,100010,191,99927,191,100018,191,99918,291,100026,200,99898,100,100033,200,99876,100,100066,100,99872,100,100068,100,99871,100,100072,100,99848,100
2019-06-28 09:35:40.000000000,99959,427,99958,327,99960,327,99945,327,100007,100,99934,100,100010,100,99927,100,100018,100,99918,200,100026,200,99898,100,100033,200,99876,100,100066,100,99872,100,100068,100,99871,100,100072,100,99848,100
2019-06-28 09:35:43.236762206,99959,427,99958,327,99960,327,99945,327,100007,100,99934,100,100010,100,99927,100,100018,100,99918,200,100026,200,99898,100,100033,200,99876,100,100066,100,99872,100,100068,100,99871,100,100072,100,99848,100
2019-06-28 09:35:50.000000000,99959,354,99958,254,99960,250,99945,250,100007,250,99934,250,100010,100,99927,100,100018,100,99918,200,100026,200,99898,100,100033,200,99876,100,100066,100,99872,100,100068,100,99871,100,100072,100,99848,100
2019-06-28 09:35:50.778796045,99959,354,99958,254,99960,250,99945,250,100007,250,99934,250,100010,100,99927,100,100018,100,99918,200,100026,200,99898,100,100033,200,99876,100,100066,100,99872,100,100068,100,99871,100,100072,100,99848,100
2019-06-28 09:36:00.000000000,99959,291,99958,191,99960,191,99945,191,100007,191,99934,191,100010,191,99927,191,100018,191,99918,291,100026,200,99898,100,100033,200,99876,100,100066,100,99872,100,100068,100,99871,100,100072,100,99848,100
2019-06-28 09:36:10.000000000,99959,314,99958,214,99960,214,99945,214,100007,214,99934,214,100010,214,99927,214,100018,100,99918,200,100026,200,99898,100,100033,200,99876,100,100066,100,99872,100,100068,100,99871,100,100072,100,99848,100
2019-06-28 09:36:20.000000000,99959,314,99958,214,99960,214,99945,214,100007,214,99934,214,100010,214,99927,214,100018,100,99918,200,100026,200,99898,100,100033,200,99876,100,100066,100,99872,100,100068,100,99871,100,100072,100,99848,100
2019-06-28 09:36:25.292151564,99959,314,99958,114,99960,214,99945,214,100007,214,99934,214,100010,214,99927,214,100018,100,99918,200,100026,200,99898,100,100033,200,99876,100,100066,100,99872,100,100068,100,99871,100,100072,100,99823,100
2019-06-28 09:36:29.988440246,99959,314,99958,114,99960,214,99945,214,100007,214,99934,214,100010,214,99927,214,100018,100,99918,200,100026,200,99898,100,100033,200,99876,100,100066,100,99872,100,100068,100,99871,100,100072,100,99823,100
2019-06-28 09:36:30.000000000,99959,427,99945,327,99960,327,99934,327,100007,100,99927,100,100010,100,99918,200,100018,100,99898,100,100026,200,99876,100,100033,200,99872,100,100066,100,99871,100,100068,100,99823,100,100072,100,99243,100
2019-06-28 09:36:32.699144145,99959,427,99945,227,99960,327,99934,327,100007,100,99927,100,100010,100,99918,200,100018,100,99898,100,100026,200,99876,100,100033,200,99872,100,100066,100,99871,100,100068,100,99823,100,100072,100,99243,100
2019-06-28 09:36:40.000000000,99959,314,99934,214,99960,214,99927,214,100007,214,99918,314,100010,214,99898,214,100018,100,99876,100,100026,200,99872,100,100033,200,99871,100,100066,100,99823,100,100068,100,99243,100,100072,100,99138,100
2019-06-28 09:36:50.000000000,99959,427,99934,327,99960,327,99927,327,100007,100,99918,200,100010,100,99898,100,100018,100,99876,100,100026,200,99872,100,100033,200,99871,100,100066,100,99823,100,100068,100,99243,100,100072,100,99138,100
2019-06-28 09:37:00.000000000,99959,314,99934,214,99960,214,99927,214,100007,214,99918,314,100010,214,99898,214,100018,100,99876,100,100026,200,99872,100,100033,200,99871,100,100066,100,99823,100,100068,100,99243,100,100072,100,99138,100
2019-06-28 09:37:04.630238772,99959,314,99934,214,99960,214,99927,214,100007,214,99918,314,100010,214,99898,214,100018,100,99876,100,100026,200,99872,100,100033,200,99871,100,100066,100,99823,100,100068,100,99301,100,100072,100,99243,100
2019-06-28 09:37:10.000000000,99959,427,99934,327,99960,327,99927,327,100007,100,99918,200,100010,100,99898,100,100018,100,99876,100,100026,200,99872,100,100033,200,99871,100,100066,100,99823,100,100068,100,99301,100,100072,100,99243,100
2019-06-28 09:37:13.707936949,99959,427,99934,327,99960,327,99927,327,100007,100,99918,200,100010,100,99898,100,100018,100,99876,100,100026,200,99872,100,100033,200,99871,100,100066,100,99823,100,100068,100,99337,100,100072,100,99301,100
2019-06-28 09:37:20.000000000,99959,354,99934,254,99960,250,99927,250,100007,250,99918,350,100010,100,99898,100,100018,100,99876,100,100026,200,99872,100,100033,200,99871,100,100066,100,99823,100,100068,100,99337,100,100072,100,99301,100
2019-06-28 09:37:20.646608731,99959,354,99934,254,99960,250,99927,250,100007,250,99918,350,100010,100,99898,100,100018,100,99876,100,100026,200,99871,100,100033,200,99823,100,100066,100,99337,100,100068,100,99301,100,100072,100,99243,100
2019-06-28 09:37:30.000000000,99959,314,99934,214,99960,214,99927,214,100007,214,99918,314,100010,214,99898,214,100018,100,99876,100,100026,200,99871,100,100033,200,99823,100,100066,100,99337,100,100068,100,99301,100,100072,100,99243,100
2019-06-28 09:37:40.000000000,99959,354,99934,254,99960,250,99927,250,100007,250,99918,350,100010,100,99898,100,100018,100,99876,100,100026,200,99871,100,100033,200,99823,100,100066,100,99337,100,100068,100,99301,100,100072,100,99243,100
2019-06-28 09:37:41.123559515,99959,354,99934,254,99960,250,99927,250,100007,250,99918,350,100010,100,99898,100,100018,100,99876,100,100026,200,99871,100,100033,200,99823,100,100066,100,99337,100,100068,100,99304,100,100072,100,99301,100
2019-06-28 09:37:50.000000000,99959,427,99934,327,99960,327,99927,327,100007,100,99918,200,100010,100,99898,100,100018,100,99876,100,100026,200,99871,100,100033,200,99823,100,100066,100,99337,100,100068,100,99304,100,100072,100,99301,100
2019-06-28 09:37:59.356388170,99959,427,99934,227,99960,327,99927,327,100007,100,99918,200,100010,100,99898,100,100018,100,99876,100,100026,200,99871,100,100033,200,99823,100,100066,100,99337,100,100068,100,99301,100,100072,100,99243,100
2019-06-28 09:38:00.000000000,99959,314,99927,214,99960,214,99918,314,100007,214,99898,214,100010,214,99876,214,100018,100,99871,100,100026,200,99823,100,100033,200,99337,100,100066,100,99301,100,100068,100,99243,100,100072,100,99138,100
2019-06-28 09:38:06.094715573,99959,314,99927,114,99960,214,99918,314,100007,214,99898,214,100010,214,99876,214,100018,100,99871,100,100026,200,99823,100,100033,200,99337,100,100066,100,99301,100,100068,100,99243,100,100072,100,99138,100
2019-06-28 09:38:07.046120209,99959,314,99927,114,99960,214,99918,314,100007,214,99898,214,100010,214,99876,214,100018,100,99871,100,100026,200,99823,100,100033,200,99395,100,100066,100,99337,100,100068,100,99301,100,100072,100,99243,100
2019-06-28 09:38:10.000000000,99959,654,99918,654,99960,100,99898,100,100007,100,99876,100,100010,100,99871,100,100018,100,99823,100,100026,200,99395,100,100033,200,99337,100,100066,100,99301,100,100068,100,99243,100,100072,100,99138,100
2019-06-28 09:38:20.000000000,99959,427,99918,427,99960,327,99898,327,100007,100,99876,100,100010,100,99871,100,100018,100,99823,100,100026,200,99395,100,100033,200,99337,100,100066,100,99301,100,100068,100,99243,100,100072,100,99138,100
2019-06-28 09:38:30.000000000,99959,354,99918,354,99960,250,99898,250,100007,250,99876,250,100010,100,99871,100,100018,100,99823,100,100026,200,99395,100,100033,200,99337,100,100066,100,99301,100,100068,100,99243,100,100072,100,99138,100
2019-06-28 09:38:40.000000000,99959,654,99918,654,99960,100,99898,100,100007,100,99876,100,100010,100,99871,100,100018,100,99823,100,100026,200,99395,100,100033,200,99337,100,100066,100,99301,100,100068,100,99243,100,100072,100,99138,100
2019-06-28 09:38:42.846600324,99959,654,99918,654,99960,100,99898,100,100007,100,99876,100,100010,100,99871,100,100018,100,99823,100,100026,200,99395,100,100033,100,99337,100,100066,100,99301,100,100068,100,99243,100,100072,100,99138,100
2019-06-28 09:38:50.000000000,99959,291,99918,291,99960,191,99898,191,100007,191,99876,191,100010,191,99871,191,100018,191,99823,191,100026,200,99395,100,100033,100,99337,100,100066,100,99301,100,100068,100,99243,100,100072,100,99138,100
2019-06-28 09:39:00.000000000,99959,427,99918,427,99960,327,99898,327,100007,100,99876,100,100010,100,99871,100,100018,100,99823,100,100026,200,99395,100,100033,100,99337,100,100066,100,99301,100,100068,100,99243,100,100072,100,99138,100
2019-06-28 09:39:10.000000000,99959,354,99918,354,99960,250,99898,250,100007,250,99876,250,100010,100,99871,100,100018,100,99823,100,100026,200,99395,100,100033,100,99337,100,100066,100,99301,100,100068,100,99243,100,100072,100,99138,100
2019-06-28 09:39:20.000000000,99959,354,99918,354,99960,250,99898,250,100007,250,99876,250,100010,100,99871,100,100018,100,99823,100,100026,200,99395,100,100033,100,99337,100,100066,100,99301,100,100068,100,99243,100,100072,100,99138,100
2019-06-28 09:39:30.000000000,99959,291,99918,291,99960,191,99898,191,100007,191,99876,191,100010,191,99871,191,100018,191,99823,191,100026,200,99395,100,100033,100,99337,100,100066,100,99301,100,100068,100,99243,100,100072,100,99138,100
2019-06-28 09:39:40.000000000,99959,427,99918,427,99960,327,99898,327,100007,100,99876,100,100010,100,99871,100,100018,100,99823,100,100026,200,99395,100,100033,100,99337,100,100066,100,99301,100,100068,100,99243,100,100072,100,99138,100
2019-06-28 09:39:40.639884729,99959,427,99918,427,99960,327,99898,327,100007,100,99876,100,100010,100,99871,100,100018,100,99823,100,100026,200,99395,100,100033,100,99301,100,100066,100,99243,100,100068,100,99138,100,100072,100,99128,100
2019-06-28 09:39:50.000000000,99959,354,99918,354,99960,250,99898,250,100007,250,99876,250,100010,100,99871,100,100018,100,99823,100,100026,200,99395,100,100033,100,99301,100,100066,100,99243,100,100068,100,99138,100,100072,100,99128,100
2019-06-28 09:39:59.431125610,99959,354,99918,254,99960,250,99898,250,100007,250,99876,250,100010,100,99871,100,100018,100,99823,100,100026,200,99395,100,100033,100,99301,100,100066,100,99243,100,100068,100,99138,100,100072,100,99128,100
2019-06-28 09:40:00.000000000,99959,427,99918,327,99960,327,99898,327,100007,100,99876,100,100010,100,99871,100,100018,100,99823,100,100026,200,99395,100,100033,100,99301,100,100066,100,99243,100,100068,100,99138,100,100072,100,99128,100
2019-06-28 09:40:10.000000000,99959,354,99918,254,99960,250,99898,250,100007,250,99876,250,100010,100,99871,100,100018,100,99823,100,100026,200,99395,100,100033,100,99301,100,100066,100,99243,100,100068,100,99138,100,100072,100,99128,100
2019-06-28 09:40:20.000000000,99959,314,99918,214,99960,214,99898,214,100007,214,99876,214,100010,214,99871,214,100018,100,99823,100,100026,200,99395,100,100033,100,99301,100,100066,100,99243,100,100068,100,99138,100,100072,100,99128,100
2019-06-28 09:40:30.000000000,99959,314,99918,214,99960,214,99898,214,100007,214,99876,214,100010,214,99871,214,100018,100,99823,100,100026,200,99395,100,100033,100,99301,100,100066,100,99243,100,100068,100,99138,100,100072,100,99128,100
2019-06-28 09:40:40.000000000,99959,654,99918,554,99960,100,99898,100,100007,100,99876,100,100010,100,99871,100,100018,100,99823,100,100026,200,99395,100,100033,100,99301,100,100066,100,99243,100,100068,100,99138,100,100072,100,99128,100
2019-06-28 09:40:50.000000000,99959,654,99918,554,99960,100,99898,100,100007,100,99876,100,100010,100,99871,100,100018,100,99823,100,100026,200,99395,100,100033,100,99301,100,100066,100,99243,100,100068,100,99138,100,100072,100,99128,100
2019-06-28 09:41:00.000000000,99959,291,99918,191,99960,191,99898,191,100007,191,99876,191,100010,191,99871,191,100018,191,99823,191,100026,200,99395,100,100033,100,99301,100,100066,100,99243,100,100068,100,99138,100,100072,100,99128,100
2019-06-28 09:41:10.000000000,99959,291,99918,191,99960,191,99898,191,100007,191,99876,191,100010,191,99871,191,100018,191,99823,191,100026,200,99395,100,100033,100,99301,100,100066,100,99243,100,100068,100,99138,100,100072,100,99128,100
2019-06-28 09:41:20.000000000,99959,654,99918,554,99960,100,99898,100,100007,100,99876,100,100010,100,99871,100,100018,100,99823,100,100026,200,99395,100,100033,100,99301,100,100066,100,99243,100,100068,100,99138,100,100072,100,99128,100
2019-06-28 09:41:30.000000000,99959,654,99918,554,99960,100,99898,100,100007,100,99876,100,100010,100,99871,100,100018,100,99823,100,100026,200,99395,100,100033,100,99301,100,100066,100,99243,100,100068,100,99138,100,100072,100,99128,100
2019-06-28 09:41:33.113750314,99959,654,99918,454,99960,100,99898,100,100007,100,99876,100,100010,100,99871,100,100018,100,99823,100,100026,200,99395,100,100033,100,99301,100,100066,100,99243,100,100068,100,99138,100,100072,100,99128,100
2019-06-28 09:41:33.165352797,99959,654,99918,354,99960,100,99898,100,100007,100,99876,100,100010,100,99871,100,100018,100,99823,100,100026,200,99395,100,100033,100,99301,100,100066,100,99243,100,100068,100,99138,100,100072,100,99128,100
2019-06-28 09:41:34.624814081,99959,654,99918,254,99960,100,99898,100,100007,100,99876,100,100010,100,99871,100,100018,100,99823,100,100026,200,99395,100,100033,100,99301,100,100066,100,99243,100,100068,100,99138,100,100072,100,99128,100
2019-06-28 09:41:40.000000000,99959,427,99898,327,99960,327,99876,327,100007,100,99871,100,100010,100,99823,100,100018,100,99395,100,100026,200,99301,100,100033,100,99243,100,100066,100,99138,100,100068,100,99128,100,100072,100,99108,100
2019-06-28 09:41:46.420115701,99959,427,99898,227,99960,327,99876,327,100007,100,99871,100,100010,100,99823,100,100018,100,99395,100,100026,200,99301,100,100033,100,99243,100,100066,100,99138,100,100068,100,99128,100,100072,100,99108,100
2019-06-28 09:41:50.000000000,99959,354,99876,254,99960,250,99871,250,100007,250,99823,250,100010,100,99395,100,100018,100,99301,100,100026,200,99243,100,100033,100,99138,100,100066,100,99128,100,100068,100,99108,100,100072,100,99082,100
2019-06-28 09:42:00.000000000,99959,354,99876,254,99960,250,99871,250,100007,250,99823,250,100010,100,99395,100,100018,100,99301,100,100026,200,99243,100,100033,100,99138,100,100066,100,99128,100,100068,100,99108,100,100072,100,99082,100
2019-06-28 09:42:10.000000000,99959,354,99876,254,99960,250,99871,250,100007,250,99823,250,100010,100,99395,100,100018,100,99301,100,100026,200,99243,100,100033,100,99138,100,100066,100,99128,100,100068,100,99108,100,100072,100,99082,100
2019-06-28 09:42:20.000000000,99959,654,99876,554,99960,100,99871,100,100007,100,99823,100,100010,100,99395,100,100018,100,99301,100,100026,200,99243,100,100033,100,99138,100,100066,100,99128,100,100068,100,99108,100,100072,100,99082,100
2019-06-28 09:42:23.386866165,99959,654,99876,454,99960,100,99871,100,100007,100,99823,100,100010,100,99395,100,100018,100,99301,100,100026,200,99243,100,100033,100,99138,100,100066,100,99128,100,100068,100,99108,100,100072,100,99082,100
2019-06-28 09:42:30.000000000,99959,291,99871,191,99960,191,99823,191,100007,191,99395,191,100010,191,99301,191,100018,191,99243,191,100026,200,99138,100,100033,100,99128,100,100066,100,99108,100,100068,100,99082,100,100072,100,99025,100
2019-06-28 09:42:40.000000000,99959,314,99871,214,99960,214,99823,214,100007,214,99395,214,100010,214,99301,214,100018,100,99243,100,100026,200,99138,100,100033,100,99128,100,100066,100,99108,100,100068,100,99082,100,100072,100,99025,100
2019-06-28 09:42:50.000000000,99959,354,99871,254,99960,250,99823,250,100007,250,99395,250,100010,100,99301,100,100018,100,99243,100,100026,200,99138,100,100033,100,99128,100,100066,100,99108,100,100068,100,99082,100,100072,100,99025,100
2019-06-28 09:43:00.000000000,99959,354,99871,254,99960,250,99823,250,100007,250,99395,250,100010,100,99301,100,100018,100,99243,100,100026,200,99138,100,100033,100,99128,100,100066,100,99108,100,100068,100,99082,100,100072,100,99025,100
2019-06-28 09:43:10.000000000,99959,427,99871,327,99960,327,99823,327,100007,100,99395,100,100010,100,99301,100,100018,100,99243,100,100026,200,99138,100,100033,100,99128,100,100066,100,99108,100,100068,100,99082,100,100072,100,99025,100
2019-06-28 09:43:20.000000000,99959,427,99871,327,99960,327,99823,327,100007,100,99395,100,100010,100,99301,100,100018,100,99243,100,100026,200,99138,100,100033,100,99128,100,100066,100,99108,100,100068,100,99082,100,100072,100,99025,100
2019-06-28 09:43:30.000000000,99959,654,99871,554,99960,100,99823,100,100007,100,99395,100,100010,100,99301,100,100018,100,99243,100,100026,200,99138,100,100033,100,99128,100,100066,100,99108,100,100068,100,99082,100,100072,100,99025,100
2019-06-28 09:43:39.210003667,99898,100,99871,554,99959,654,99823,100,99960,100,99395,100,100007,100,99301,100,100010,100,99243,100,100018,100,99138,100,100026,200,99128,100,100033,100,99108,100,100066,100,99082,100,100068,100,99025,100
2019-06-28 09:43:40.000000000,99898,327,99871,327,99959,427,99823,327,99960,100,99395,100,100007,100,99301,100,100010,100,99243,100,100018,100,99138,100,100026,200,99128,100,100033,100,99108,100,100066,100,99082,100,100068,100,99025,100
2019-06-28 09:43:50.000000000,99898,254,99871,254,99959,350,99823,250,99960,250,99395,250,100007,100,99301,100,100010,100,99243,100,100018,100,99138,100,100026,200,99128,100,100033,100,99108,100,100066,100,99082,100,100068,100,99025,100
2019-06-28 09:44:00.000000000,99898,191,99871,191,99959,291,99823,191,99960,191,99395,191,100007,191,99301,191,100010,191,99243,191,100018,100,99138,100,100026,200,99128,100,100033,100,99108,100,100066,100,99082,100,100068,100,99025,100
2019-06-28 09:44:03.814381143,99898,191,99871,91,99959,291,99823,191,99960,191,99395,191,100007,191,99301,191,100010,191,99243,191,100018,100,99138,100,100026,200,99128,100,100033,100,99108,100,100066,100,99082,100,100068,100,99025,100
2019-06-28 09:44:10.000000000,99898,191,99823,191,99959,291,99395,191,99960,191,99301,191,100007,191,99243,191,100010,191,99138,191,100018,100,99128,100,100026,200,99108,100,100033,100,99082,100,100066,100,99025,100,100068,100,98966,100
2019-06-28 09:44:20.000000000,99898,327,99823,327,99959,427,99395,327,99960,100,99301,100,100007,100,99243,100,100010,100,99138,100,100018,100,99128,100,100026,200,99108,100,100033,100,99082,100,100066,100,99025,100,100068,100,98966,100
2019-06-28 09:44:26.536690985,99898,327,99823,327,99959,427,99395,327,99960,100,99301,100,100007,100,99243,100,100010,100,99138,100,100018,100,99128,100,100026,200,99108,100,100033,100,99082,100,100066,100,99025,100,100068,100,98966,100
2019-06-28 09:44:30.000000000,99898,191,99823,191,99959,291,99395,191,99960,191,99301,191,100007,191,99243,191,100010,191,99138,191,100018,100,99128,100,100026,200,99108,100,100033,100,99082,100,100066,100,99025,100,100068,100,98966,100
2019-06-28 09:44:30.264990664,99898,191,99823,191,99959,291,99395,191,99960,191,99301,191,100007,191,99243,191,100010,191,99138,191,100018,100,99128,100,100026,200,99108,100,100033,100,99082,100,100066,100,99025,100,100068,100,98966,100
2019-06-28 09:44:40.000000000,99898,327,99823,327,99959,427,99395,327,99960,100,99301,100,100007,100,99243,100,100010,100,99138,100,100018,100,99128,100,100026,200,99108,100,100033,100,99082,100,100066,100,99025,100,100068,100,98966,100
2019-06-28 09:44:45.907925601,99898,327,99823,227,99959,427,99395,327,99960,100,99301,100,100007,100,99243,100,100010,100,99138,100,100018,100,99128,100,100026,200,99108,100,100033,100,99082,100,100066,100,99025,100,100068,100,98966,100
2019-06-28 09:44:50.000000000,99898,327,99395,327,99959,427,99301,327,99960,100,99243,100,100007,100,99138,100,100010,100,99128,100,100018,100,99108,100,100026,200,99082,100,100033,100,99025,100,100066,100,98966,100,100068,100,98500,100
2019-06-28 09:45:00.000000000,99898,554,99395,554,99959,200,99301,100,99960,100,99243,100,100007,100,99138,100,100010,100,99128,100,100018,100,99108,100,100026,200,99082,100,100033,100,99025,100,100066,100,98966,100,100068,100,98500,100
2019-06-28 09:45:03.302479888,99876,100,99395,554,99898,554,99301,100,99959,200,99243,100,99960,100,99138,100,100007,100,99128,100,100010,100,99108,100,100018,100,99082,100,100026,200,99025,100,100033,100,98966,100,100066,100,98500,100
2019-06-28 09:45:10.000000000,99876,327,99395,327,99898,327,99301,327,99959,200,99243,100,99960,100,99138,100,100007,100,99128,100,100010,100,99108,100,100018,100,99082,100,100026,200,99025,100,100033,100,98966,100,100066,100,98500,100
2019-06-28 09:45:20.000000000,99876,191,99395,191,99898,191,99301,191,99959,291,99243,191,99960,191,99138,191,100007,191,99128,191,100010,100,99108,100,100018,100,99082,100,100026,200,99025,100,100033,100,98966,100,100066,100,98500,100
2019-06-28 09:45:30.000000000,99876,554,99395,554,99898,100,99301,100,99959,200,99243,100,99960,100,99138,100,100007,100,99128,100,100010,100,99108,100,100018,100,99082,100,100026,200,99025,100,100033,100,98966,100,100066,100,98500,100
2019-06-28 09:45:40.000000000,99876,554,99395,554,99898,100,99301,100,99959,200,99243,100,99960,100,99138,100,100007,100,99128,100,100010,100,99108,100,100018,100,99082,100,100026,200,99025,100,100033,100,98966,100,100066,100,98500,100
2019-06-28 09:45:42.096389990,99876,554,99395,454,99898,100,99301,100,99959,200,99243,100,99960,100,99138,100,100007,100,99128,100,100010,100,99108,100,100018,100,99082,100,100026,200,99025,100,100033,100,98966,100,100066,100,98500,100
2019-06-28 09:45:50.000000000,99876,214,99301,214,99898,214,99243,214,99959,314,99138,214,99960,214,99128,214,100007,100,99108,100,100010,100,99082,100,100018,100,99025,100,100026,200,98966,100,100033,100,98500,100,100066,100,98291,100
2019-06-28 09:45:50.104144413,99876,214,99301,214,99898,214,99243,214,99959,314,99138,214,99960,214,99128,214,100007,100,99108,100,100010,100,99082,100,100018,100,99025,100,100026,100,98966,100,100033,100,98500,100,100066,100,98291,100
2019-06-28 09:46:00.000000000,99876,554,99301,554,99898,100,99243,100,99959,200,99138,100,99960,100,99128,100,100007,100,99108,100,100010,100,99082,100,100018,100,99025,100,100026,100,98966,100,100033,100,98500,100,100066,100,98291,100
2019-06-28 09:46:10.000000000,99876,327,99301,327,99898,327,99243,327,99959,200,99138,100,99960,100,99128,100,100007,100,99108,100,100010,100,99082,100,100018,100,99025,100,100026,100,98966,100,100033,100,98500,100,100066,100,98291,100
2019-06-28 09:46:20.000000000,99876,191,99301,191,99898,191,99243,191,99959,291,99138,191,99960,191,99128,191,100007,191,99108,191,100010,100,99082,100,100018,100,99025,100,100026,100,98966,100,100033,100,98500,100,100066,100,98291,100
2019-06-28 09:46:23.670121955,99871,100,99301,191,99876,191,99243,191,99898,191,99138,191,99959,291,99128,191,99960,191,99108,191,100007,191,99082,100,100010,100,99025,100,100018,100,98966,100,100026,100,98500,100,100033,100,98291,100
2019-06-28 09:46:23.771666056,99871,100,99301,191,99876,191,99243,191,99898,191,99138,191,99959,291,99128,191,99960,191,99108,191,100007,191,99082,100,100010,100,99025,100,100018,100,98966,100,100026,100,98919,100,100033,100,98500,100
2019-06-28 09:46:30.000000000,99871,554,99301,554,99876,100,99243,100,99898,100,99138,100,99959,200,99128,100,99960,100,99108,100,100007,100,99082,100,100010,100,99025,100,100018,100,98966,100,100026,100,98919,100,100033,100,98500,100
2019-06-28 09:46:40.000000000,99871,327,99301,327,99876,327,99243,327,99898,100,99138,100,99959,200,99128,100,99960,100,99108,100,100007,100,99082,100,100010,100,99025,100,100018,100,98966,100,100026,100,98919,100,100033,100,98500,100
2019-06-28 09:46:50.000000000,99871,254,99301,254,99876,250,99243,250,99898,250,99138,250,99959,200,99128,100,99960,100,99108,100,100007,100,99082,100,100010,100,99025,100,100018,100,98966,100,100026,100,98919,100,100033,100,98500,100
2019-06-28 09:47:00.000000000,99871,254,99301,254,99876,250,99243,250,99898,250,99138,250,99959,200,99128,100,99960,100,99108,100,100007,100,99082,100,100010,100,99025,100,100018,100,98966,100,100026,100,98919,100,100033,100,98500,100
2019-06-28 09:47:00.720662278,99871,254,99301,254,99876,250,99243,250,99898,250,99138,250,99959,200,99128,100,99960,100,99108,100,100007,100,99082,100,100010,100,99025,100,100018,100,98966,100,100026,100,98919,100,100033,100,98681,100
2019-06-28 09:47:06.960519441,99871,254,99301,54,99876,250,99243,250,99898,250,99138,250,99959,200,99128,100,99960,100,99108,100,100007,100,99082,100,100010,100,99025,100,100018,100,98966,100,100026,100,98919,100,100033,100,98681,100
2019-06-28 09:47:10.000000000,99871,554,99243,554,99876,100,99138,100,99898,100,99128,100,99959,200,99108,100,99960,100,99082,100,100007,100,99025,100,100010,100,98966,100,100018,100,98919,100,100026,100,98681,100,100033,100,98500,100
2019-06-28 09:47:14.985029769,99871,554,99243,554,99876,100,99138,100,99898,100,99128,100,99959,200,99108,100,99960,100,99082,100,100007,100,99025,100,100010,100,98966,100,100018,100,98919,100,100026,100,98716,100,100033,100,98681,100
2019-06-28 09:47:20.000000000,99871,554,99243,554,99876,100,99138,100,99898,100,99128,100,99959,200,99108,100,99960,100,99082,100,100007,100,99025,100,100010,100,98966,100,100018,100,98919,100,100026,100,98716,100,100033,100,98681,100
2019-06-28 09:47:30.000000000,99871,327,99243,327,99876,327,99138,327,99898,100,99128,100,99959,200,99108,100,99960,100,99082,100,100007,100,99025,100,100010,100,98966,100,100018,100,98919,100,100026,100,98716,100,100033,100,98681,100
2019-06-28 09:47:40.000000000,99871,554,99243,554,99876,100,99138,100,99898,100,99128,100,99959,200,99108,100,99960,100,99082,100,100007,100,99025,100,100010,100,98966,100,100018,100,98919,100,100026,100,98716,100,100033,100,98681,100
2019-06-28 09:47:47.608743221,99871,554,99243,554,99876,100,99176,100,99898,100,99128,100,99959,200,99108,100,99960,100,99082,100,100007,100,99025,100,100010,100,98966,100,100018,100,98919,100,100026,100,98716,100,100033,100,98681,100
2019-06-28 09:47:50.000000000,99871,191,99243,191,99876,191,99176,191,99898,191,99128,191,99959,291,99108,191,99960,191,99082,191,100007,100,99025,100,100010,100,98966,100,100018,100,98919,100,100026,100,98716,100,100033,100,98681,100
2019-06-28 09:48:00.000000000,99871,191,99243,191,99876,191,99176,191,99898,191,99128,191,99959,291,99108,191,99960,191,99082,191,100007,100,99025,100,100010,100,98966,100,100018,100,98919,100,100026,100,98716,100,100033,100,98681,100
2019-06-28 09:48:01.615009361,99823,100,99243,191,99871,191,99176,191,99876,191,99128,191,99898,191,99108,191,99959,291,99082,191,99960,191,99025,100,100007,100,98966,100,100010,100,98919,100,100018,100,98716,100,100026,100,98681,100
2019-06-28 09:48:10.000000000,99823,327,99243,327,99871,327,99176,327,99876,100,99128,100,99898,100,99108,100,99959,200,99082,100,99960,100,99025,100,100007,100,98966,100,100010,100,98919,100,100018,100,98716,100,100026,100,98681,100
2019-06-28 09:48:20.000000000,99823,554,99243,554,99871,100,99176,100,99876,100,99128,100,99898,100,99108,100,99959,200,99082,100,99960,100,99025,100,100007,100,98966,100,100010,100,98919,100,100018,100,98716,100,100026,100,98681,100
2019-06-28 09:48:30.000000000,99823,554,99243,554,99871,100,99176,100,99876,100,99128,100,99898,100,99108,100,99959,200,99082,100,99960,100,99025,100,100007,100,98966,100,100010,100,98919,100,100018,100,98716,100,100026,100,98681,100
2019-06-28 09:48:38.158774775,99823,554,99551,100,99871,100,99243,554,99876,100,99176,100,99898,100,99128,100,99959,200,99108,100,99960,100,99082,100,100007,100,98966,100,100010,100,98919,100,100018,100,98716,100,100026,100,98681,100
2019-06-28 09:48:40.000000000,99823,327,99551,327,99871,327,99243,327,99876,100,99176,100,99898,100,99128,100,99959,200,99108,100,99960,100,99082,100,100007,100,98966,100,100010,100,98919,100,100018,100,98716,100,100026,100,98681,100
2019-06-28 09:48:42.425283159,99823,327,99551,327,99871,227,99396,100,99876,100,99243,327,99898,100,99176,100,99959,200,99128,100,99960,100,99108,100,100007,100,99082,100,100010,100,98966,100,100018,100,98919,100,100026,100,98716,100
2019-06-28 09:48:50.000000000,99823,327,99551,327,99876,327,99396,327,99898,100,99243,100,99959,200,99176,100,99960,100,99128,100,100007,100,99108,100,100010,100,99082,100,100018,100,98966,100,100026,100,98919,100,100033,100,98716,100
2019-06-28 09:48:56.009950069,99585,100,99551,327,99823,327,99396,327,99876,327,99243,100,99898,100,99176,100,99959,200,99128,100,99960,100,99108,100,100007,100,99082,100,100010,100,98966,100,100018,100,98919,100,100026,100,98716,100
2019-06-28 09:48:59.928336743,99585,100,99551,327,99823,327,99396,427,99876,327,99243,100,99898,100,99176,100,99959,200,99128,100,99960,100,99108,100,100007,100,99082,100,100010,100,98966,100,100018,100,98919,100,100026,100,98716,100
2019-06-28 09:49:00.000000000,99585,214,99551,214,99823,214,99396,314,99876,214,99243,214,99898,214,99176,214,99959,200,99128,100,99960,100,99108,100,100007,100,99082,100,100010,100,98966,100,100018,100,98919,100,100026,100,98716,100
2019-06-28 09:49:02.128244204,99585,214,99551,214,99695,100,99396,314,99823,214,99243,214,99876,214,99176,214,99898,214,99128,100,99959,200,99108,100,99960,100,99082,100,100007,100,98966,100,100010,100,98919,100,100018,100,98716,100
2019-06-28 09:49:03.139191085,99585,214,99551,214,99695,100,99453,100,99823,214,99396,314,99876,214,99243,214,99898,214,99176,214,99959,200,99128,100,99960,100,99108,100,100007,100,99082,100,100010,100,98966,100,100018,100,98919,100
2019-06-28 09:49:10.000000000,99585,327,99551,327,99695,327,99453,327,99823,100,99396,200,99876,100,99243,100,99898,100,99176,100,99959,200,99128,100,99960,100,99108,100,100007,100,99082,100,100010,100,98966,100,100018,100,98919,100
2019-06-28 09:49:20.000000000,99585,191,99551,191,99695,191,99453,191,99823,191,99396,291,99876,191,99243,191,99898,191,99176,191,99959,200,99128,100,99960,100,99108,100,100007,100,99082,100,100010,100,98966,100,100018,100,98919,100
2019-06-28 09:49:23.573611097,99585,191,99551,191,99695,191,99453,191,99823,191,99396,291,99876,191,99243,191,99898,191,99176,191,99959,200,99128,100,99960,100,99108,100,100007,100,99082,100,100010,100,98966,100,100018,100,98919,100
2019-06-28 09:49:30.000000000,99585,214,99551,214,99695,214,99453,214,99823,214,99396,314,99876,214,99243,214,99898,100,99176,100,99959,200,99128,100,99960,100,99108,100,100007,100,99082,100,100010,100,98966,100,100018,100,98919,100
2019-06-28 09:49:40.000000000,99585,327,99551,327,99695,327,99453,327,99823,100,99396,200,99876,100,99243,100,99898,100,99176,100,99959,200,99128,100,99960,100,99108,100,100007,100,99082,100,100010,100,98966,100,100018,100,98919,100
2019-06-28 09:49:50.000000000,99585,254,99551,254,99695,250,99453,250,99823,250,99396,350,99876,100,99243,100,99898,100,99176,100,99959,200,99128,100,99960,100,99108,100,100007,100,99082,100,100010,100,98966,100,100018,100,98919,100
2019-06-28 09:49:55.030161729,99585,254,99551,254,99695,250,99453,250,99762,100,99396,350,99823,250,99243,100,99876,100,99176,100,99898,100,99128,100,99959,200,99108,100,99960,100,99082,100,100007,100,98966,100,100010,100,98919,100
2019-06-28 09:49:56.220746062,99585,154,99551,254,99695,250,99453,250,99762,100,99396,350,99823,250,99243,100,99876,100,99176,100,99898,100,99128,100,99959,200,99108,100,99960,100,99082,100,100007,100,98966,100,100010,100,98919,100
2019-06-28 09:49:58.164241622,99585,154,99551,254,99695,250,99453,250,99762,100,99435,100,99823,250,99396,350,99876,100,99243,100,99898,100,99176,100,99959,200,99128,100,99960,100,99108,100,100007,100,99082,100,100010,100,98966,100
2019-06-28 09:50:00.000000000,99695,214,99551,214,99762,214,99453,214,99823,214,99435,214,99876,214,99396,314,99898,100,99243,100,99959,200,99176,100,99960,100,99128,100,100007,100,99108,100,100010,100,99082,100,100018,100,98966,100
2019-06-28 09:50:01.553048263,99695,214,99551,214,99762,214,99453,214,99823,214,99435,214,99868,100,99396,314,99876,214,99243,100,99898,100,99176,100,99959,200,99128,100,99960,100,99108,100,100007,100,99082,100,100010,100,98966,100
2019-06-28 09:50:10.000000000,99695,554,99551,554,99762,100,99453,100,99823,100,99435,100,99868,100,99396,200,99876,100,99243,100,99898,100,99176,100,99959,200,99128,100,99960,100,99108,100,100007,100,99082,100,100010,100,98966,100
2019-06-28 09:50:11.933574499,99695,554,99551,554,99741,100,99453,100,99762,100,99435,100,99823,100,99396,200,99868,100,99243,100,99876,100,99176,100,99898,100,99128,100,99959,200,99108,100,99960,100,99082,100,100007,100,98966,100
2019-06-28 09:50:12.667606415,99695,554,99551,554,99741,100,99453,100,99762,100,99435,100,99823,100,99396,200,99868,100,99243,100,99876,100,99176,100,99898,100,99128,100,99959,200,99108,100,99960,100,99082,100,99994,100,98966,100
2019-06-28 09:50:20.000000000,99695,327,99551,327,99741,327,99453,327,99762,100,99435,100,99823,100,99396,200,99868,100,99243,100,99876,100,99176,100,99898,100,99128,100,99959,200,99108,100,99960,100,99082,100,99994,100,98966,100
2019-06-28 09:50:22.017232839,99689,100,99551,327,99695,327,99453,327,99741,327,99435,100,99762,100,99396,200,99823,100,99243,100,99868,100,99176,100,99876,100,99128,100,99898,100,99108,100,99959,200,99082,100,99960,100,98966,100
2019-06-28 09:50:30.000000000,99689,254,99551,254,99695,250,99453,250,99741,250,99435,250,99762,100,99396,200,99823,100,99243,100,99868,100,99176,100,99876,100,99128,100,99898,100,99108,100,99959,200,99082,100,99960,100,98966,100
2019-06-28 09:50:34.161897836,99662,100,99551,254,99689,254,99453,250,99695,250,99435,250,99741,250,99396,200,99762,100,99243,100,99823,100,99176,100,99868,100,99128,100,99876,100,99108,100,99898,100,99082,100,99959,200,98966,100
2019-06-28 09:50:40.000000000,99662,254,99551,254,99689,250,99453,250,99695,250,99435,250,99741,100,99396,200,99762,100,99243,100,99823,100,99176,100,99868,100,99128,100,99876,100,99108,100,99898,100,99082,100,99959,200,98966,100
2019-06-28 09:50:50.000000000,99662,254,99551,254,99689,250,99453,250,99695,250,99435,250,99741,100,99396,200,99762,100,99243,100,99823,100,99176,100,99868,100,99128,100,99876,100,99108,100,99898,100,99082,100,99959,200,98966,100
2019-06-28 09:51:00.000000000,99662,554,99551,554,99689,100,99453,100,99695,100,99435,100,99741,100,99396,200,99762,100,99243,100,99823,100,99176,100,99868,100,99128,100,99876,100,99108,100,99898,100,99082,100,99959,200,98966,100
2019-06-28 09:51:04.086306685,99662,454,99551,554,99689,100,99453,100,99695,100,99435,100,99741,100,99396,200,99762,100,99243,100,99823,100,99176,100,99868,100,99128,100,99876,100,99108,100,99898,100,99082,100,99959,200,98966,100
2019-06-28 09:51:10.000000000,99689,327,99551,327,99695,327,99453,327,99741,100,99435,100,99762,100,99396,200,99823,100,99243,100,99868,100,99176,100,99876,100,99128,100,99898,100,99108,100,99959,200,99082,100,99960,100,98966,100
2019-06-28 09:51:20.000000000,99689,214,99551,214,99695,214,99453,214,99741,214,99435,214,99762,214,99396,314,99823,100,99243,100,99868,100,99176,100,99876,100,99128,100,99898,100,99108,100,99959,200,99082,100,99960,100,98966,100
2019-06-28 09:51:28.011305336,99689,114,99551,214,99695,214,99453,214,99741,214,99435,214,99762,214,99396,314,99823,100,99243,100,99868,100,99176,100,99876,100,99128,100,99898,100,99108,100,99959,200,99082,100,99960,100,98966,100
2019-06-28 09:51:30.000000000,99695,214,99551,214,99741,214,99453,214,99762,214,99435,214,99823,214,99396,314,99868,100,99243,100,99876,100,99176,100,99898,100,99128,100,99959,200,99108,100,99960,100,99082,100,99994,100,98966,100
2019-06-28 09:51:32.480989224,99695,114,99551,214,99741,214,99453,214,99762,214,99435,214,99823,214,99396,314,99868,100,99243,100,99876,100,99176,100,99898,100,99128,100,99959,200,99108,100,99960,100,99082,100,99994,100,98966,100
2019-06-28 09:51:33.264436074,99695,114,99551,214,99741,214,99453,214,99762,214,99435,114,99823,214,99396,314,99868,100,99243,100,99876,100,99176,100,99898,100,99128,100,99959,200,99108,100,99960,100,99082,100,99994,100,98966,100
2019-06-28 09:51:39.681356148,99695,114,99551,214,99741,214,99453,214,99762,214,99435,114,99823,214,99396,314,99868,100,99243,100,99876,100,99176,100,99898,100,99128,100,99959,200,99108,100,99960,100,99082,100,99994,100,98966,100
2019-06-28 09:51:39.971550374,99695,114,99689,100,99741,214,99551,214,99762,214,99453,214,99823,114,99435,114,99868,100,99396,314,99876,100,99243,100,99898,100,99176,100,99959,200,99128,100,99960,100,99108,100,99994,100,99082,100
2019-06-28 09:51:40.000000000,99741,214,99689,214,99762,214,99551,214,99868,214,99453,214,99876,214,99396,314,99898,100,99243,100,99959,200,99176,100,99960,100,99128,100,99994,100,99108,100,100007,100,99082,100,100010,100,98966,100
2019-06-28 09:51:50.000000000,99741,254,99689,254,99762,250,99551,250,99868,250,99453,250,99876,100,99396,200,99898,100,99243,100,99959,200,99176,100,99960,100,99128,100,99994,100,99108,100,100007,100,99082,100,100010,100,98966,100
2019-06-28 09:51:51.869841655,99741,254,99689,354,99762,250,99551,250,99868,250,99453,250,99876,100,99396,200,99898,100,99243,100,99959,200,99176,100,99960,100,99128,100,99994,100,99108,100,100007,100,99082,100,100010,100,98966,100
2019-06-28 09:52:00.000000000,99741,327,99689,427,99762,327,99551,327,99868,100,99453,100,99876,100,99396,200,99898,100,99243,100,99959,200,99176,100,99960,100,99128,100,99994,100,99108,100,100007,100,99082,100,100010,100,98966,100
2019-06-28 09:52:00.800476254,99741,227,99689,427,99762,327,99551,327,99868,100,99453,100,99876,100,99396,200,99898,100,99243,100,99959,200,99176,100,99960,100,99128,100,99994,100,99108,100,100007,100,99082,100,100010,100,98966,100
2019-06-28 09:52:04.993817207,99741,127,99689,427,99762,327,99551,327,99868,100,99453,100,99876,100,99396,200,99898,100,99243,100,99959,200,99176,100,99960,100,99128,100,99994,100,99108,100,100007,100,99082,100,100010,100,98966,100
2019-06-28 09:52:09.404499020,99741,27,99689,427,99762,327,99551,327,99868,100,99453,100,99876,100,99396,200,99898,100,99243,100,99959,200,99176,100,99960,100,99128,100,99994,100,99108,100,100007,100,99082,100,100010,100,98966,100
2019-06-28 09:52:09.931592938,99741,27,99689,427,99762,327,99551,327,99868,100,99453,100,99876,100,99396,200,99959,200,99243,100,99960,100,99176,100,99994,100,99128,100,100007,100,99108,100,100010,100,99082,100,100018,100,98966,100
2019-06-28 09:52:10.000000000,99762,191,99689,291,99868,191,99551,191,99876,191,99453,191,99959,291,99396,291,99960,191,99243,191,99994,100,99176,100,100007,100,99128,100,100010,100,99108,100,100018,100,99082,100,100026,100,98966,100
2019-06-28 09:52:20.000000000,99762,327,99689,427,99868,327,99551,327,99876,100,99453,100,99959,200,99396,200,99960,100,99243,100,99994,100,99176,100,100007,100,99128,100,100010,100,99108,100,100018,100,99082,100,100026,100,98966,100
2019-06-28 09:52:30.000000000,99762,327,99689,427,99868,327,99551,327,99876,100,99453,100,99959,200,99396,200,99960,100,99243,100,99994,100,99176,100,100007,100,99128,100,100010,100,99108,100,100018,100,99082,100,100026,100,98966,100
2019-06-28 09:52:39.736334566,99762,327,99689,427,99868,327,99574,100,99876,100,99551,327,99959,200,99453,100,99960,100,99396,200,99994,100,99243,100,100007,100,99176,100,100010,100,99128,100,100018,100,99108,100,100026,100,99082,100
2019-06-28 09:52:40.000000000,99762,191,99689,291,99868,191,99574,191,99876,191,99551,191,99959,291,99453,191,99960,191,99396,291,99994,100,99243,100,100007,100,99176,100,100010,100,99128,100,100018,100,99108,100,100026,100,99082,100
2019-06-28 09:52:50.000000000,99762,214,99689,314,99868,214,99574,214,99876,214,99551,214,99959,314,99453,214,99960,100,99396,200,99994,100,99243,100,100007,100,99176,100,100010,100,99128,100,100018,100,99108,100,100026,100,99082,100
2019-06-28 09:53:00.000000000,99762,191,99689,291,99868,191,99574,191,99876,191,99551,191,99959,291,99453,191,99960,191,99396,291,99994,100,99243,100,100007,100,99176,100,100010,100,99128,100,100018,100,99108,100,100026,100,99082,100
2019-06-28 09:53:02.679170743,99762,191,99689,291,99868,191,99574,191,99876,191,99571,100,99959,291,99551,191,99960,191,99453,191,99994,100,99396,291,100007,100,99243,100,100010,100,99176,100,100018,100,99128,100,100026,100,99108,100
2019-06-28 09:53:05.385900555,99762,191,99689,291,99770,100,99574,191,99868,191,99571,100,99876,191,99551,191,99959,291,99453,191,99960,191,99396,291,99994,100,99243,100,100007,100,99176,100,100010,100,99128,100,100018,100,99108,100
2019-06-28 09:53:10.000000000,99762,191,99689,291,99770,191,99574,191,99868,191,99571,191,99876,191,99551,191,99959,291,99453,191,99960,100,99396,200,99994,100,99243,100,100007,100,99176,100,100010,100,99128,100,100018,100,99108,100
2019-06-28 09:53:20.000000000,99762,191,99689,291,99770,191,99574,191,99868,191,99571,191,99876,191,99551,191,99959,291,99453,191,99960,100,99396,200,99994,100,99243,100,100007,100,99176,100,100010,100,99128,100,100018,100,99108,100
2019-06-28 09:53:22.570686869,99741,100,99689,291,99762,191,99574,191,99770,191,99571,191,99868,191,99551,191,99876,191,99453,191,99959,291,99396,200,99960,100,99243,100,99994,100,99176,100,100010,100,99128,100,100018,100,99108,100
2019-06-28 09:53:30.000000000,99741,254,99689,354,99762,250,99574,250,99770,250,99571,250,99868,100,99551,100,99876,100,99453,100,99959,200,99396,200,99960,100,99243,100,99994,100,99176,100,100010,100,99128,100,100018,100,99108,100
2019-06-28 09:53:38.920438313,99741,254,99720,100,99762,250,99689,354,99770,250,99574,250,99868,100,99571,250,99876,100,99551,100,99959,200,99453,100,99960,100,99396,200,99994,100,99243,100,100010,100,99176,100,100018,100,99128,100
2019-06-28 09:53:40.000000000,99741,554,99720,554,99762,100,99689,200,99770,100,99574,100,99868,100,99571,100,99876,100,99551,100,99959,200,99453,100,99960,100,99396,200,99994,100,99243,100,100010,100,99176,100,100018,100,99128,100
2019-06-28 09:53:45.360278635,99741,554,99720,554,99762,100,99689,200,99770,100,99574,100,99868,100,99571,100,99876,100,99551,100,99959,100,99453,100,99960,100,99396,200,99994,100,99243,100,100010,100,99176,100,100018,100,99128,100
2019-06-28 09:53:45.609343239,99741,554,99720,554,99762,100,99689,200,99770,100,99574,100,99868,100,99571,100,99876,100,99551,100,99959,100,99453,100,99960,100,99396,200,99994,100,99243,100,100010,100,99128,100,100018,100,99108,100
2019-06-28 09:53:50.000000000,99741,214,99720,214,99762,214,99689,314,99770,214,99574,214,99868,214,99571,214,99876,100,99551,100,99959,100,99453,100,99960,100,99396,200,99994,100,99243,100,100010,100,99128,100,100018,100,99108,100
2019-06-28 09:53:52.881218873,99741,214,99720,214,99762,214,99689,314,99770,214,99574,214,99830,100,99571,214,99868,214,99551,100,99876,100,99396,200,99959,100,99243,100,99960,100,99128,100,99994,100,99108,100,100010,100,99082,100
2019-06-28 09:53:53.644100449,99741,214,99726,100,99762,214,99720,214,99770,114,99689,314,99830,100,99574,214,99868,214,99571,214,99876,100,99551,100,99959,100,99396,200,99960,100,99243,100,99994,100,99128,100,100010,100,99108,100
2019-06-28 09:54:00.000000000,99741,327,99726,327,99762,327,99720,327,99830,100,99689,200,99868,100,99574,100,99876,100,99571,100,99959,100,99551,100,99960,100,99396,200,99994,100,99243,100,100010,100,99128,100,100018,100,99108,100
2019-06-28 09:54:00.793754003,99741,227,99726,327,99762,327,99720,327,99830,100,99689,200,99868,100,99574,100,99876,100,99571,100,99959,100,99551,100,99960,100,99396,200,99994,100,99243,100,100010,100,99128,100,100018,100,99108,100
2019-06-28 09:54:02.086113933,99741,227,99726,327,99762,327,99720,227,99790,100,99689,200,99830,100,99574,100,99868,100,99571,100,99876,100,99551,100,99959,100,99396,200,99960,100,99243,100,99994,100,99128,100,100010,100,99108,100
2019-06-28 09:54:06.419073014,99741,227,99726,327,99762,327,99720,227,99790,100,99689,200,99793,100,99574,100,99830,100,99571,100,99868,100,99551,100,99876,100,99396,200,99959,100,99243,100,99960,100,99128,100,99994,100,99108,100
2019-06-28 09:54:10.000000000,99762,191,99726,191,99790,191,99689,291,99793,191,99574,191,99830,191,99571,191,99868,191,99551,191,99876,100,99396,200,99959,100,99243,100,99960,100,99128,100,99994,100,99108,100,100010,100,99082,100
2019-06-28 09:54:20.000000000,99762,554,99726,554,99790,100,99689,200,99793,100,99574,100,99830,100,99571,100,99868,100,99551,100,99876,100,99396,200,99959,100,99243,100,99960,100,99128,100,99994,100,99108,100,100010,100,99082,100
2019-06-28 09:54:22.794234896,99762,554,99726,554,99790,100,99689,200,99793,100,99574,100,99830,100,99571,100,99868,100,99551,100,99876,100,99508,100,99959,100,99396,200,99960,100,99243,100,99994,100,99128,100,100010,100,99108,100
2019-06-28 09:54:30.000000000,99762,254,99726,254,99790,250,99689,350,99793,250,99574,250,99830,100,99571,100,99868,100,99551,100,99876,100,99508,100,99959,100,99396,200,99960,100,99243,100,99994,100,99128,100,100010,100,99108,100
2019-06-28 09:54:39.004520282,99740,100,99726,254,99762,254,99689,350,99790,250,99574,250,99793,250,99571,100,99830,100,99551,100,99868,100,99508,100,99876,100,99396,200,99959,100,99243,100,99960,100,99128,100,99994,100,99108,100
2019-06-28 09:54:40.000000000,99740,327,99726,327,99762,327,99689,427,99790,100,99574,100,99793,100,99571,100,99830,100,99551,100,99868,100,99508,100,99876,100,99396,200,99959,100,99243,100,99960,100,99128,100,99994,100,99108,100
2019-06-28 09:54:47.413936485,99740,327,99726,327,99762,327,99689,427,99790,100,99574,100,99793,100,99571,100,99830,100,99551,100,99868,100,99534,100,99876,100,99508,100,99959,100,99396,200,99960,100,99243,100,99994,100,99128,100
2019-06-28 09:54:49.188299195,99740,327,99726,327,99762,327,99689,427,99790,100,99574,100,99793,100,99571,100,99830,100,99551,100,99868,100,99534,100,99876,100,99508,100,99959,100,99490,100,99960,100,99396,200,99994,100,99243,100
2019-06-28 09:54:50.000000000,99740,191,99726,191,99762,191,99689,291,99790,191,99574,191,99793,191,99571,191,99830,191,99551,191,99868,100,99534,100,99876,100,99508,100,99959,100,99490,100,99960,100,99396,200,99994,100,99243,100
2019-06-28 09:55:00.000000000,99740,254,99726,254,99762,250,99689,350,99790,250,99574,250,99793,100,99571,100,99830,100,99551,100,99868,100,99534,100,99876,100,99508,100,99959,100,99490,100,99960,100,99396,200,99994,100,99243,100
2019-06-28 09:55:07.789849258,99740,254,99726,254,99762,250,99689,350,99790,250,99674,100,99793,100,99574,250,99830,100,99571,100,99868,100,99551,100,99876,100,99534,100,99959,100,99508,100,99960,100,99490,100,99994,100,99396,200
2019-06-28 09:55:10.000000000,99740,254,99726,254,99762,250,99689,350,99790,250,99674,250,99793,100,99574,100,99830,100,99571,100,99868,100,99551,100,99876,100,99534,100,99959,100,99508,100,99960,100,99490,100,99994,100,99396,200
2019-06-28 09:55:15.431532029,99740,254,99726,154,99762,250,99689,350,99790,250,99674,250,99793,100,99574,100,99830,100,99571,100,99868,100,99551,100,99876,100,99534,100,99959,100,99508,100,99960,100,99490,100,99994,100,99396,200
2019-06-28 09:55:20.000000000,99740,214,99689,314,99762,214,99674,214,99790,214,99574,214,99793,214,99571,214,99830,100,99551,100,99868,100,99534,100,99876,100,99508,100,99959,100,99490,100,99960,100,99396,200,99994,100,99243,100
2019-06-28 09:55:22.008413334,99740,214,99689,214,99762,214,99674,214,99790,214,99574,214,99793,214,99571,214,99830,100,99551,100,99868,100,99534,100,99876,100,99508,100,99959,100,99490,100,99960,100,99396,200,99994,100,99243,100
2019-06-28 09:55:30.000000000,99740,327,99689,327,99762,327,99674,327,99790,100,99574,100,99793,100,99571,100,99830,100,99551,100,99868,100,99534,100,99876,100,99508,100,99959,100,99490,100,99960,100,99396,200,99994,100,99243,100
2019-06-28 09:55:36.090788106,99740,227,99689,327,99762,327,99674,327,99790,100,99574,100,99793,100,99571,100,99830,100,99551,100,99868,100,99534,100,99876,100,99508,100,99959,100,99490,100,99960,100,99396,200,99994,100,99243,100
2019-06-28 09:55:36.338605995,99740,227,99689,327,99762,227,99674,327,99790,100,99574,100,99793,100,99571,100,99830,100,99551,100,99853,100,99534,100,99868,100,99508,100,99876,100,99490,100,99959,100,99396,200,99960,100,99243,100
2019-06-28 09:55:39.090422278,99740,127,99689,327,99762,227,99674,327,99790,100,99574,100,99793,100,99571,100,99830,100,99551,100,99853,100,99534,100,99868,100,99508,100,99876,100,99490,100,99959,100,99396,200,99960,100,99243,100
2019-06-28 09:55:40.000000000,99790,327,99689,327,99793,327,99674,327,99830,100,99574,100,99853,100,99571,100,99868,100,99551,100,99876,100,99534,100,99959,100,99508,100,99960,100,99490,100,99994,100,99396,200,100010,100,99243,100
2019-06-28 09:55:41.981039894,99790,127,99689,327,99793,327,99674,327,99830,100,99574,100,99853,100,99571,100,99868,100,99551,100,99876,100,99534,100,99959,100,99508,100,99960,100,99490,100,99994,100,99396,200,100010,100,99243,100
2019-06-28 09:55:47.322100033,99790,127,99689,327,99793,327,99674,327,99830,100,99574,100,99853,100,99571,100,99868,100,99551,100,99876,100,99534,100,99959,100,99508,100,99960,100,99490,100,99994,100,99396,200,100010,100,99243,100
2019-06-28 09:55:50.000000000,99793,327,99689,327,99830,327,99674,327,99853,100,99574,100,99868,100,99571,100,99876,100,99551,100,99959,100,99534,100,99960,100,99508,100,99994,100,99490,100,100010,100,99396,200,100018,100,99243,100
2019-06-28 09:55:56.515258162,99793,227,99689,327,99830,327,99674,327,99853,100,99574,100,99868,100,99571,100,99876,100,99551,100,99959,100,99534,100,99960,100,99508,100,99994,100,99396,200,100010,100,99243,100,100018,100,99128,100
2019-06-28 09:56:00.000000000,99830,191,99689,191,99853,191,99674,191,99868,191,99574,191,99876,191,99571,191,99959,191,99551,191,99960,100,99534,100,99994,100,99508,100,100010,100,99396,200,100018,100,99243,100,100033,100,99128,100
2019-06-28 09:56:05.374133568,99830,191,99689,191,99853,191,99674,191,99868,191,99574,191,99876,191,99571,191,99959,191,99551,191,99960,100,99534,100,99994,100,99508,100,100010,100,99396,200,100018,100,99243,100,100033,100,99128,100
2019-06-28 09:56:05.597708652,99830,191,99689,191,99853,191,99674,191,99868,191,99574,191,99876,191,99571,191,99959,191,99551,191,99960,100,99534,100,99994,100,99508,100,100010,100,99396,200,100018,100,99243,100,100033,100,99128,100
2019-06-28 09:56:10.000000000,99830,214,99689,214,99853,214,99674,214,99868,214,99574,214,99876,214,99571,214,99959,100,99551,100,99960,100,99534,100,99994,100,99508,100,100010,100,99396,200,100018,100,99243,100,100033,100,99128,100
2019-06-28 09:56:20.000000000,99830,554,99689,554,99853,100,99674,100,99868,100,99574,100,99876,100,99571,100,99959,100,99551,100,99960,100,99534,100,99994,100,99508,100,100010,100,99396,200,100018,100,99243,100,100033,100,99128,100
2019-06-28 09:56:30.000000000,99830,554,99689,554,99853,100,99674,100,99868,100,99574,100,99876,100,99571,100,99959,100,99551,100,99960,100,99534,100,99994,100,99508,100,100010,100,99396,200,100018,100,99243,100,100033,100,99128,100
2019-06-28 09:56:31.915608097,99830,554,99689,554,99853,100,99674,100,99868,100,99574,100,99876,100,99571,100,99959,100,99551,100,99960,100,99534,100,99994,100,99508,100,100010,100,99396,200,100018,100,99128,100,100033,100,99108,100
2019-06-28 09:56:40.000000000,99830,327,99689,327,99853,327,99674,327,99868,100,99574,100,99876,100,99571,100,99959,100,99551,100,99960,100,99534,100,99994,100,99508,100,100010,100,99396,200,100018,100,99128,100,100033,100,99108,100
2019-06-28 09:56:49.612057312,99830,227,99689,327,99853,327,99674,327,99868,100,99574,100,99876,100,99571,100,99959,100,99551,100,99960,100,99534,100,99994,100,99508,100,100010,100,99396,200,100018,100,99128,100,100033,100,99108,100
2019-06-28 09:56:50.000000000,99853,191,99689,191,99868,191,99674,191,99876,191,99574,191,99959,191,99571,191,99960,191,99551,191,99994,100,99534,100,100010,100,99508,100,100018,100,99396,200,100033,100,99128,100,100078,100,99108,100
2019-06-28 09:56:52.314651949,99853,191,99689,191,99868,191,99674,191,99876,191,99574,191,99959,191,99571,191,99960,191,99551,191,99994,100,99534,100,100010,100,99508,100,100018,100,99396,200,100033,100,99128,100,100078,100,99108,100
2019-06-28 09:57:00.000000000,99853,254,99689,254,99868,250,99674,250,99876,250,99574,250,99959,100,99571,100,99960,100,99551,100,99994,100,99534,100,100010,100,99508,100,100018,100,99396,200,100033,100,99128,100,100078,100,99108,100
2019-06-28 09:57:10.000000000,99853,554,99689,554,99868,100,99674,100,99876,100,99574,100,99959,100,99571,100,99960,100,99551,100,99994,100,99534,100,100010,100,99508,100,100018,100,99396,200,100033,100,99128,100,100078,100,99108,100
2019-06-28 09:57:11.533371236,99853,554,99689,554,99868,100,99674,100,99959,100,99574,100,99960,100,99571,100,99994,100,99551,100,100010,100,99534,100,100018,100,99508,100,100033,100,99396,200,100078,100,99128,100,100099,100,99108,100
2019-06-28 09:57:14.333500108,99853,454,99689,554,99868,100,99674,100,99959,100,99574,100,99960,100,99571,100,99994,100,99551,100,100010,100,99534,100,100018,100,99508,100,100033,100,99396,200,100078,100,99128,100,100099,100,99108,100
2019-06-28 09:57:15.633498190,99853,454,99689,554,99868,100,99674,100,99959,100,99574,100,99960,100,99571,100,99994,100,99551,100,100010,100,99534,100,100018,100,99508,100,100033,100,99396,200,100078,100,99108,100,100099,100,99082,100
2019-06-28 09:57:20.000000000,99868,327,99689,327,99959,327,99674,327,99960,100,99574,100,99994,100,99571,100,100010,100,99551,100,100018,100,99534,100,100033,100,99508,100,100078,100,99396,200,100099,100,99108,100,100127,100,99082,100
2019-06-28 09:57:30.000000000,99868,554,99689,554,99959,100,99674,100,99960,100,99574,100,99994,100,99571,100,100010,100,99551,100,100018,100,99534,100,100033,100,99508,100,100078,100,99396,200,100099,100,99108,100,100127,100,99082,100
2019-06-28 09:57:38.278589661,99868,554,99689,554,99959,100,99674,100,99960,100,99574,100,99994,100,99571,100,100010,100,99551,100,100018,100,99534,100,100033,100,99508,100,100078,100,99396,200,100099,100,99108,100,100127,100,99082,100
2019-06-28 09:57:40.000000000,99868,191,99689,191,99959,191,99674,191,99960,191,99574,191,99994,191,99571,191,100010,191,99551,191,100018,100,99534,100,100033,100,99508,100,100078,100,99396,200,100099,100,99108,100,100127,100,99082,100
2019-06-28 09:57:45.819963062,99868,191,99830,100,99959,191,99689,191,99960,191,99674,191,99994,191,99574,191,100010,191,99571,191,100018,100,99551,191,100033,100,99534,100,100078,100,99508,100,100099,100,99396,200,100127,100,99108,100
2019-06-28 09:57:48.931328352,99868,91,99830,100,99959,191,99689,191,99960,191,99674,191,99994,191,99574,191,100010,191,99571,191,100018,100,99551,191,100033,100,99534,100,100078,100,99508,100,100099,100,99396,200,100127,100,99108,100
2019-06-28 09:57:50.000000000,99959,254,99830,254,99960,250,99689,250,99994,250,99674,250,100010,100,99574,100,100018,100,99571,100,100033,100,99551,100,100078,100,99534,100,100099,100,99508,100,100127,100,99396,200,100143,100,99108,100
2019-06-28 09:57:55.531562110,99959,254,99830,254,99960,250,99689,150,99994,250,99674,250,100010,100,99574,100,100018,100,99571,100,100033,100,99551,100,100078,100,99534,100,100099,100,99508,100,100127,100,99396,200,100143,100,99108,100
2019-06-28 09:58:00.000000000,99959,254,99830,254,99960,250,99674,250,99994,250,99574,250,100010,100,99571,100,100018,100,99551,100,100033,100,99534,100,100078,100,99508,100,100099,100,99396,200,100127,100,99108,100,100143,100,99082,100
2019-06-28 09:58:10.000000000,99959,327,99830,327,99960,327,99674,327,99994,100,99574,100,100010,100,99571,100,100018,100,99551,100,100033,100,99534,100,100078,100,99508,100,100099,100,99396,200,100127,100,99108,100,100143,100,99082,100
2019-06-28 09:58:20.000000000,99959,554,99830,554,99960,100,99674,100,99994,100,99574,100,100010,100,99571,100,100018,100,99551,100,100033,100,99534,100,100078,100,99508,100,100099,100,99396,200,100127,100,99108,100,100143,100,99082,100
2019-06-28 09:58:23.433867247,99959,554,99853,100,99960,100,99830,554,99994,100,99674,100,100010,100,99574,100,100018,100,99571,100,100033,100,99551,100,100078,100,99534,100,100099,100,99508,100,100127,100,99396,200,100143,100,99108,100
2019-06-28 09:58:30.000000000,99959,254,99853,254,99960,250,99830,250,99994,250,99674,250,100010,100,99574,100,100018,100,99571,100,100033,100,99551,100,100078,100,99534,100,100099,100,99508,100,100127,100,99396,200,100143,100,99108,100
2019-06-28 09:58:32.967070159,99959,154,99853,254,99960,250,99830,250,99994,250,99674,250,100010,100,99574,100,100018,100,99571,100,100033,100,99551,100,100078,100,99534,100,100099,100,99508,100,100127,100,99396,200,100143,100,99108,100
2019-06-28 09:58:40.000000000,99960,214,99853,214,99994,214,99830,214,100010,214,99674,214,100018,214,99574,214,100033,100,99571,100,100078,100,99551,100,100099,100,99534,100,100127,100,99508,100,100143,100,99396,200,100152,100,99108,100
2019-06-28 09:58:45.940858823,99960,214,99853,214,99994,214,99830,214,100010,214,99674,214,100018,214,99574,214,100033,100,99571,100,100078,100,99551,100,100099,100,99534,100,100127,100,99508,100,100143,100,99396,200,100152,100,99108,100
2019-06-28 09:58:50.000000000,99960,554,99853,554,99994,100,99830,100,100010,100,99674,100,100018,100,99574,100,100033,100,99571,100,100078,100,99551,100,100099,100,99534,100,100127,100,99508,100,100143,100,99396,200,100152,100,99108,100
2019-06-28 09:58:59.758054809,99960,454,99853,554,99994,100,99830,100,100010,100,99674,100,100018,100,99574,100,100033,100,99571,100,100078,100,99551,100,100099,100,99534,100,100127,100,99508,100,100143,100,99396,200,100152,100,99108,100
2019-06-28 09:59:00.000000000,99994,327,99853,327,100010,327,99830,327,100018,100,99674,100,100033,100,99574,100,100078,100,99571,100,100099,100,99551,100,100127,100,99534,100,100143,100,99508,100,100152,100,99396,200,100309,100,99108,100
2019-06-28 09:59:09.498470826,99994,327,99853,327,100010,327,99830,327,100018,100,99674,100,100033,100,99574,100,100078,100,99571,100,100099,100,99551,100,100127,100,99534,100,100152,100,99508,100,100309,100,99396,200,100345,100,99108,100
2019-06-28 09:59:10.000000000,99994,554,99853,554,100010,100,99830,100,100018,100,99674,100,100033,100,99574,100,100078,100,99571,100,100099,100,99551,100,100127,100,99534,100,100152,100,99508,100,100309,100,99396,200,100345,100,99108,100
2019-06-28 09:59:10.922353019,99994,554,99853,554,100010,100,99830,100,100018,100,99674,100,100033,100,99574,100,100078,100,99571,100,100099,100,99551,100,100127,100,99534,100,100152,100,99508,100,100309,100,99396,200,100311,100,99108,100
2019-06-28 09:59:20.000000000,99994,254,99853,254,100010,250,99830,250,100018,250,99674,250,100033,100,99574,100,100078,100,99571,100,100099,100,99551,100,100127,100,99534,100,100152,100,99508,100,100309,100,99396,200,100311,100,99108,100
2019-06-28 09:59:30.000000000,99994,254,99853,254,100010,250,99830,250,100018,250,99674,250,100033,100,99574,100,100078,100,99571,100,100099,100,99551,100,100127,100,99534,100,100152,100,99508,100,100309,100,99396,200,100311,100,99108,100
2019-06-28 09:59:40.000000000,99994,327,99853,327,100010,327,99830,327,100018,100,99674,100,100033,100,99574,100,100078,100,99571,100,100099,100,99551,100,100127,100,99534,100,100152,100,99508,100,100309,100,99396,200,100311,100,99108,100
2019-06-28 09:59:42.342507864,99994,327,99853,327,100010,327,99830,327,100018,100,99674,100,100033,100,99574,100,100078,100,99571,100,100099,100,99551,100,100127,100,99534,100,100152,100,99508,100,100309,100,99396,200,100311,100,99108,100
2019-06-28 09:59:50.000000000,99994,554,99853,554,100010,100,99830,100,100018,100,99674,100,100033,100,99574,100,100078,100,99571,100,100099,100,99551,100,100127,100,99534,100,100152,100,99508,100,100309,100,99396,200,100311,100,99108,100
2019-06-28 10:00:00.000000000,99994,554,99853,554,100010,100,99830,100,100018,100,99674,100,100033,100,99574,100,100078,100,99571,100,100099,100,99551,100,100127,100,99534,100,100152,100,99508,100,100309,100,99396,200,100311,100,99108,100
2019-06-28 10:00:10.000000000,99994,254,99853,254,100010,250,99830,250,100018,250,99674,250,100033,100,99574,100,100078,100,99571,100,100099,100,99551,100,100127,100,99534,100,100152,100,99508,100,100309,100,99396,200,100311,100,99108,100
2019-06-28 10:00:20.000000000,99994,554,99853,554,100010,100,99830,100,100018,100,99674,100,100033,100,99574,100,100078,100,99571,100,100099,100,99551,100,100127,100,99534,100,100152,100,99508,100,100309,100,99396,200,100311,100,99108,100
2019-06-28 10:00:30.000000000,99994,191,99853,191,100010,191,99830,191,100018,191,99674,191,100033,191,99574,191,100078,191,99571,191,100099,100,99551,100,100127,100,99534,100,100152,100,99508,100,100309,100,99396,200,100311,100,99108,100
2019-06-28 10:00:30.631847614,99994,191,99853,91,100010,191,99830,191,100018,191,99674,191,100033,191,99574,191,100078,191,99571,191,100099,100,99551,100,100127,100,99534,100,100152,100,99508,100,100309,100,99396,200,100311,100,99108,100
2019-06-28 10:00:31.892343198,99994,191,99853,91,100010,191,99830,191,100018,191,99674,191,100033,191,99574,191,100078,91,99571,191,100099,100,99551,100,100127,100,99534,100,100152,100,99508,100,100309,100,99396,200,100311,100,99108,100
2019-06-28 10:00:33.445443334,99959,100,99853,91,99994,191,99830,91,100010,191,99674,191,100018,191,99574,191,100033,191,99571,191,100078,91,99551,100,100099,100,99534,100,100127,100,99508,100,100152,100,99396,200,100309,100,99108,100
2019-06-28 10:00:36.801925894,99959,100,99853,91,99994,191,99830,91,100010,191,99674,191,100018,191,99574,191,100033,191,99571,191,100078,91,99551,100,100099,100,99534,100,100127,100,99508,100,100152,100,99430,100,100311,100,99396,200
2019-06-28 10:00:40.000000000,99959,214,99674,214,99994,214,99574,214,100010,214,99571,214,100018,214,99551,214,100033,100,99534,100,100099,100,99508,100,100127,100,99430,100,100152,100,99396,200,100311,100,99108,100,100345,100,98966,100
2019-06-28 10:00:50.000000000,99959,214,99674,214,99994,214,99574,214,100010,214,99571,214,100018,214,99551,214,100033,100,99534,100,100099,100,99508,100,100127,100,99430,100,100152,100,99396,200,100311,100,99108,100,100345,100,98966,100
2019-06-28 10:00:55.281805529,99959,214,99704,100,99994,214,99674,214,100010,214,99574,214,100018,214,99571,214,100033,100,99551,214,100099,100,99534,100,100127,100,99508,100,100152,100,99430,100,100311,100,99396,200,100345,100,99108,100
2019-06-28 10:00:58.980524163,99959,214,99704,100,99994,214,99674,214,100010,114,99574,214,100018,214,99571,214,100033,100,99551,214,100099,100,99534,100,100127,100,99508,100,100152,100,99430,100,100311,100,99396,200,100345,100,99108,100
2019-06-28 10:01:00.000000000,99959,191,99704,191,99994,191,99674,191,100018,191,99574,191,100033,191,99571,191,100099,191,99551,191,100127,100,99534,100,100152,100,99508,100,100311,100,99430,100,100345,100,99396,200,100377,100,99108,100
2019-06-28 10:01:10.000000000,99959,191,99704,191,99994,191,99674,191,100018,191,99574,191,100033,191,99571,191,100099,191,99551,191,100127,100,99534,100,100152,100,99508,100,100311,100,99430,100,100345,100,99396,200,100377,100,99108,100
2019-06-28 10:01:19.908380888,99959,191,99704,191,99994,191,99674,191,100018,191,99640,100,100033,191,99574,191,100099,191,99571,91,100127,100,99551,191,100152,100,99534,100,100311,100,99508,100,100345,100,99430,100,100377,100,99396,200
2019-06-28 10:01:20.000000000,99959,191,99704,191,99994,191,99674,191,100018,191,99640,191,100033,191,99574,191,100099,191,99551,191,100127,100,99534,100,100152,100,99508,100,100311,100,99430,100,100345,100,99396,200,100377,100,99108,100
2019-06-28 10:01:27.057912965,99959,191,99704,191,99994,191,99674,191,100018,191,99640,191,100033,191,99574,191,100071,100,99551,191,100099,191,99534,100,100127,100,99508,100,100152,100,99430,100,100311,100,99396,200,100345,100,99108,100
2019-06-28 10:01:30.000000000,99959,191,99704,191,99994,191,99674,191,100018,191,99640,191,100033,191,99574,191,100071,191,99551,191,100099,100,99534,100,100127,100,99508,100,100152,100,99430,100,100311,100,99396,200,100345,100,99108,100
2019-06-28 10:01:33.178930975,99959,291,99704,191,99994,191,99674,191,100018,191,99640,191,100033,191,99574,191,100071,191,99551,191,100099,100,99534,100,100127,100,99508,100,100152,100,99430,100,100311,100,99396,200,100345,100,99108,100
2019-06-28 10:01:40.000000000,99959,427,99704,327,99994,327,99674,327,100018,100,99640,100,100033,100,99574,100,100071,100,99551,100,100099,100,99534,100,100127,100,99508,100,100152,100,99430,100,100311,100,99396,200,100345,100,99108,100
2019-06-28 10:01:50.000000000,99959,291,99704,191,99994,191,99674,191,100018,191,99640,191,100033,191,99574,191,100071,191,99551,191,100099,100,99534,100,100127,100,99508,100,100152,100,99430,100,100311,100,99396,200,100345,100,99108,100
2019-06-28 10:01:55.624986959,99959,291,99704,191,99994,191,99674,191,100018,191,99640,191,100033,191,99574,191,100071,191,99551,191,100099,100,99534,100,100127,100,99453,100,100152,100,99430,100,100311,100,99396,200,100345,100,99108,100
2019-06-28 10:01:57.590567092,99959,291,99704,191,99994,191,99674,191,100018,191,99640,191,100033,191,99574,191,100071,191,99551,191,100099,100,99534,100,100127,100,99522,100,100152,100,99453,100,100311,100,99430,100,100345,100,99396,200
2019-06-28 10:02:00.000000000,99959,291,99704,191,99994,191,99674,191,100018,191,99640,191,100033,191,99574,191,100071,191,99551,191,100099,100,99534,100,100127,100,99522,100,100152,100,99453,100,100311,100,99430,100,100345,100,99396,200
2019-06-28 10:02:03.788933962,99959,291,99704,191,99994,191,99674,191,100018,191,99640,191,100033,191,99574,191,100071,191,99551,191,100099,100,99534,100,100127,100,99522,100,100152,100,99495,100,100311,100,99453,100,100345,100,99430,100
2019-06-28 10:02:08.285942555,99959,391,99704,191,99994,191,99674,191,100018,191,99640,191,100033,191,99574,191,100071,191,99551,191,100099,100,99534,100,100127,100,99522,100,100152,100,99495,100,100311,100,99453,100,100345,100,99430,100
2019-06-28 10:02:10.000000000,99959,454,99704,254,99994,250,99674,250,100018,250,99640,250,100033,100,99574,100,100071,100,99551,100,100099,100,99534,100,100127,100,99522,100,100152,100,99495,100,100311,100,99453,100,100345,100,99430,100
2019-06-28 10:02:20.000000000,99959,391,99704,191,99994,191,99674,191,100018,191,99640,191,100033,191,99574,191,100071,191,99551,191,100099,100,99534,100,100127,100,99522,100,100152,100,99495,100,100311,100,99453,100,100345,100,99430,100
2019-06-28 10:02:30.000000000,99959,454,99704,254,99994,250,99674,250,100018,250,99640,250,100033,100,99574,100,100071,100,99551,100,100099,100,99534,100,100127,100,99522,100,100152,100,99495,100,100311,100,99453,100,100345,100,99430,100
2019-06-28 10:02:40.000000000,99959,391,99704,191,99994,191,99674,191,100018,191,99640,191,100033,191,99574,191,100071,191,99551,191,100099,100,99534,100,100127,100,99522,100,100152,100,99495,100,100311,100,99453,100,100345,100,99430,100
2019-06-28 10:02:42.851513484,99959,391,99704,91,99994,191,99674,191,100018,191,99640,191,100033,191,99574,191,100071,191,99551,191,100099,100,99534,100,100127,100,99522,100,100311,100,99495,100,100345,100,99453,100,100421,100,99430,100
2019-06-28 10:02:50.000000000,99959,754,99674,554,99994,100,99640,100,100018,100,99574,100,100033,100,99551,100,100071,100,99534,100,100099,100,99522,100,100127,100,99495,100,100311,100,99453,100,100345,100,99430,100,100421,100,99396,200
2019-06-28 10:03:00.000000000,99959,414,99674,214,99994,214,99640,214,100018,214,99574,214,100033,214,99551,214,100071,100,99534,100,100099,100,99522,100,100127,100,99495,100,100311,100,99453,100,100345,100,99430,100,100421,100,99396,200
2019-06-28 10:03:10.000000000,99959,754,99674,554,99994,100,99640,100,100018,100,99574,100,100033,100,99551,100,100071,100,99534,100,100099,100,99522,100,100127,100,99495,100,100311,100,99453,100,100345,100,99430,100,100421,100,99396,200
2019-06-28 10:03:20.000000000,99959,391,99674,191,99994,191,99640,191,100018,191,99574,191,100033,191,99551,191,100071,191,99534,191,100099,100,99522,100,100127,100,99495,100,100311,100,99453,100,100345,100,99430,100,100421,100,99396,200
2019-06-28 10:03:30.000000000,99959,454,99674,254,99994,250,99640,250,100018,250,99574,250,100033,100,99551,100,100071,100,99534,100,100099,100,99522,100,100127,100,99495,100,100311,100,99453,100,100345,100,99430,100,100421,100,99396,200
2019-06-28 10:03:35.961931184,99853,100,99674,254,99959,454,99640,250,99994,250,99574,250,100018,250,99551,100,100033,100,99534,100,100071,100,99522,100,100099,100,99495,100,100127,100,99453,100,100311,100,99430,100,100345,100,99396,200
2019-06-28 10:03:40.000000000,99853,214,99674,214,99959,414,99640,214,99994,214,99574,214,100018,214,99551,214,100033,100,99534,100,100071,100,99522,100,100099,100,99495,100,100127,100,99453,100,100311,100,99430,100,100345,100,99396,200
2019-06-28 10:03:50.000000000,99853,254,99674,254,99959,450,99640,250,99994,250,99574,250,100018,100,99551,100,100033,100,99534,100,100071,100,99522,100,100099,100,99495,100,100127,100,99453,100,100311,100,99430,100,100345,100,99396,200
2019-06-28 10:04:00.000000000,99853,327,99674,327,99959,527,99640,327,99994,100,99574,100,100018,100,99551,100,100033,100,99534,100,100071,100,99522,100,100099,100,99495,100,100127,100,99453,100,100311,100,99430,100,100345,100,99396,200
2019-06-28 10:04:07.335608680,99853,327,99674,327,99959,527,99640,327,99994,100,99574,100,100018,100,99551,100,100033,100,99534,100,100071,100,99522,100,100099,100,99495,100,100127,100,99453,100,100311,100,99430,100,100345,100,99396,200
2019-06-28 10:04:07.380480147,99853,327,99674,227,99959,527,99640,327,99994,100,99574,100,100018,100,99551,100,100033,100,99534,100,100071,100,99522,100,100099,100,99495,100,100127,100,99453,100,100311,100,99430,100,100345,100,99396,200
2019-06-28 10:04:07.515240553,99704,100,99674,227,99853,227,99640,327,99959,527,99574,100,99994,100,99551,100,100018,100,99534,100,100033,100,99522,100,100071,100,99495,100,100099,100,99453,100,100127,100,99430,100,100311,100,99396,200
2019-06-28 10:04:08.434924101,99704,100,99674,227,99853,227,99640,327,99959,527,99574,100,99994,100,99551,100,100018,100,99534,100,100033,100,99522,100,100099,100,99495,100,100127,100,99453,100,100311,100,99430,100,100345,100,99396,200
2019-06-28 10:04:10.000000000,99704,327,99640,327,99959,527,99574,327,99994,100,99551,100,100018,100,99534,100,100033,100,99522,100,100099,100,99495,100,100127,100,99453,100,100311,100,99430,100,100345,100,99396,200,100421,100,99202,100
2019-06-28 10:04:10.360521884,99704,327,99640,327,99959,527,99574,327,99994,100,99551,100,100018,100,99534,100,100033,100,99522,100,100099,100,99495,100,100127,100,99453,100,100311,100,99430,100,100345,100,99396,200,100421,100,99202,100
2019-06-28 10:04:20.000000000,99704,254,99640,254,99959,450,99574,250,99994,250,99551,250,100018,100,99534,100,100033,100,99522,100,100099,100,99495,100,100127,100,99453,100,100311,100,99430,100,100345,100,99396,200,100421,100,99202,100
2019-06-28 10:04:25.921104568,99704,254,99640,154,99959,450,99574,250,99994,250,99551,250,100018,100,99534,100,100033,100,99522,100,100099,100,99495,100,100127,100,99453,100,100311,100,99430,100,100345,100,99396,200,100421,100,99202,100
2019-06-28 10:04:30.000000000,99704,191,99574,191,99959,391,99551,191,99994,191,99534,191,100018,191,99522,191,100033,191,99495,191,100099,100,99453,100,100127,100,99430,100,100311,100,99396,200,100345,100,99202,100,100421,100,99170,100
2019-06-28 10:04:39.161700088,99704,191,99574,91,99959,391,99551,191,99994,191,99534,191,100018,191,99522,191,100033,191,99495,191,100099,100,99453,100,100127,100,99430,100,100311,100,99396,200,100345,100,99202,100,100421,100,99170,100
2019-06-28 10:04:40.000000000,99704,191,99551,191,99959,391,99534,191,99994,191,99522,191,100018,191,99495,191,100033,191,99453,191,100099,100,99430,100,100127,100,99396,200,100311,100,99202,100,100345,100,99170,100,100421,100,99108,100
2019-06-28 10:04:40.560577673,99704,191,99551,91,99959,391,99534,191,99994,191,99522,191,100018,191,99495,191,100033,191,99453,191,100099,100,99430,100,100127,100,99396,200,100311,100,99202,100,100345,100,99170,100,100421,100,99108,100
2019-06-28 10:04:47.728417226,99704,191,99551,91,99959,291,99534,191,99994,191,99522,191,100018,191,99495,191,100033,191,99453,191,100099,100,99430,100,100127,100,99396,200,100311,100,99202,100,100345,100,99170,100,100421,100,99108,100
2019-06-28 10:04:50.000000000,99704,191,99534,191,99959,291,99522,191,99994,191,99495,191,100018,191,99453,191,100033,191,99430,191,100099,100,99396,200,100127,100,99202,100,100311,100,99170,100,100345,100,99108,100,100421,100,99065,100
2019-06-28 10:05:00.000000000,99704,327,99534,327,99959,427,99522,327,99994,100,99495,100,100018,100,99453,100,100033,100,99430,100,100099,100,99396,200,100127,100,99202,100,100311,100,99170,100,100345,100,99108,100,100421,100,99065,100
2019-06-28 10:05:10.000000000,99704,191,99534,191,99959,291,99522,191,99994,191,99495,191,100018,191,99453,191,100033,191,99430,191,100099,100,99396,200,100127,100,99202,100,100311,100,99170,100,100345,100,99108,100,100421,100,99065,100
2019-06-28 10:05:15.628093406,99704,191,99534,191,99959,291,99522,191,99994,191,99495,191,100018,191,99453,191,100033,191,99430,191,100099,100,99396,200,100127,100,99202,100,100311,100,99170,100,100345,100,99108,100,100421,100,99065,100
2019-06-28 10:05:20.000000000,99704,214,99534,214,99959,314,99522,214,99994,214,99495,214,100018,214,99453,214,100033,100,99430,100,100099,100,99396,200,100127,100,99202,100,100311,100,99170,100,100345,100,99108,100,100421,100,99065,100
2019-06-28 10:05:30.000000000,99704,254,99534,254,99959,350,99522,250,99994,250,99495,250,100018,100,99453,100,100033,100,99430,100,100099,100,99396,200,100127,100,99202,100,100311,100,99170,100,100345,100,99108,100,100421,100,99065,100
2019-06-28 10:05:40.000000000,99704,327,99534,327,99959,427,99522,327,99994,100,99495,100,100018,100,99453,100,100033,100,99430,100,100099,100,99396,200,100127,100,99202,100,100311,100,99170,100,100345,100,99108,100,100421,100,99065,100
2019-06-28 10:05:41.383695274,99574,100,99534,327,99704,327,99522,327,99959,427,99495,100,99994,100,99453,100,100018,100,99430,100,100033,100,99396,200,100099,100,99202,100,100127,100,99170,100,100311,100,99108,100,100345,100,99065,100
2019-06-28 10:05:50.000000000,99574,327,99534,327,99704,327,99522,327,99959,200,99495,100,99994,100,99453,100,100018,100,99430,100,100033,100,99396,200,100099,100,99202,100,100127,100,99170,100,100311,100,99108,100,100345,100,99065,100
2019-06-28 10:05:55.580134241,99574,327,99534,227,99704,327,99522,327,99959,200,99495,100,99994,100,99453,100,100018,100,99430,100,100033,100,99396,200,100099,100,99202,100,100127,100,99170,100,100311,100,99108,100,100345,100,99065,100
2019-06-28 10:06:00.000000000,99574,214,99522,214,99704,214,99495,214,99959,314,99453,214,99994,214,99430,214,100018,100,99396,200,100033,100,99202,100,100099,100,99170,100,100127,100,99108,100,100311,100,99065,100,100345,100,98966,100
2019-06-28 10:06:10.000000000,99574,254,99522,254,99704,250,99495,250,99959,350,99453,250,99994,100,99430,100,100018,100,99396,200,100033,100,99202,100,100099,100,99170,100,100127,100,99108,100,100311,100,99065,100,100345,100,98966,100
2019-06-28 10:06:20.000000000,99574,554,99522,554,99704,100,99495,100,99959,200,99453,100,99994,100,99430,100,100018,100,99396,200,100033,100,99202,100,100099,100,99170,100,100127,100,99108,100,100311,100,99065,100,100345,100,98966,100
2019-06-28 10:06:30.000000000,99574,191,99522,191,99704,191,99495,191,99959,291,99453,191,99994,191,99430,191,100018,191,99396,291,100033,100,99202,100,100099,100,99170,100,100127,100,99108,100,100311,100,99065,100,100345,100,98966,100
2019-06-28 10:06:30.108550334,99574,191,99552,100,99704,191,99522,191,99959,291,99495,191,99994,191,99453,191,100018,191,99430,191,100033,100,99396,291,100099,100,99202,100,100127,100,99170,100,100311,100,99108,100,100345,100,99065,100
2019-06-28 10:06:31.281342193,99574,191,99552,100,99704,191,99522,191,99863,100,99495,191,99959,291,99453,191,99994,191,99430,191,100018,191,99396,291,100033,100,99202,100,100099,100,99170,100,100127,100,99108,100,100311,100,99065,100
2019-06-28 10:06:40.000000000,99574,254,99552,254,99704,250,99522,250,99863,250,99495,250,99959,200,99453,100,99994,100,99430,100,100018,100,99396,200,100033,100,99202,100,100099,100,99170,100,100127,100,99108,100,100311,100,99065,100
2019-06-28 10:06:40.222900829,99574,254,99552,354,99704,250,99522,250,99863,250,99495,250,99959,200,99453,100,99994,100,99430,100,100018,100,99396,200,100033,100,99202,100,100099,100,99170,100,100127,100,99108,100,100311,100,99065,100
