,ask_price_1,ask_size_1,bid_price_1,bid_size_1,ask_price_2,ask_size_2,bid_price_2,bid_size_2,ask_price_3,ask_size_3,bid_price_3,bid_size_3,ask_price_4,ask_size_4,bid_price_4,bid_size_4,ask_price_5,ask_size_5,bid_price_5,bid_size_5,ask_price_6,ask_size_6,bid_price_6,bid_size_6,ask_price_7,ask_size_7,bid_price_7,bid_size_7,ask_price_8,ask_size_8,bid_price_8,bid_size_8,ask_price_9,ask_size_9,bid_price_9,bid_size_9,ask_price_10,ask_size_10,bid_price_10,bid_size_10
2019-06-28 09:30:00.000000000,100009,100,,,,,,,,,,,,,,,,,,,,,,,,,,,,,,,,,,,,,,
2019-06-28 09:30:00.000000001,100009,100,99878,100,,,,,,,,,,,,,,,,,,,,,,,,,,,,,,,,,,,,
2019-06-28 09:30:00.000000003,100009,100,99878,100,100180,100,,,,,,,,,,,,,,,,,,,,,,,,,,,,,,,,,,
2019-06-28 09:30:00.000000005,100009,100,99878,100,100037,100,,,100070,100,,,100180,100,,,,,,,,,,,,,,,,,,,,,,,,,,
2019-06-28 09:30:00.000000006,100037,100,99878,100,100070,100,99867,100,100180,100,,,100219,100,,,,,,,,,,,,,,,,,,,,,,,,,,
2019-06-28 09:30:00.000000010,99955,100,99878,100,100037,100,99867,100,100070,100,,,100180,100,,,100219,100,,,,,,,,,,,,,,,,,,,,,,
2019-06-28 09:30:00.000000013,99955,100,99878,100,100037,100,99875,100,100066,100,99867,100,100070,100,,,100180,100,,,100219,100,,,,,,,,,,,,,,,,,,
2019-06-28 09:30:00.000000015,99955,100,99942,100,100037,100,99878,100,100066,100,99875,100,100070,100,99867,100,100180,100,,,100219,100,,,,,,,,,,,,,,,,,,
2019-06-28 09:30:00.000000016,99955,100,99942,100,100037,100,99878,100,100044,100,99875,100,100066,100,99867,100,100070,100,,,100180,100,,,100219,100,,,,,,,,,,,,,,
2019-06-28 09:30:00.000000017,99955,100,99942,100,100037,100,99878,100,100041,100,99875,100,100044,100,99867,100,100066,100,,,100070,100,,,100180,100,,,100219,100,,,,,,,,,,
2019-06-28 09:30:00.000000018,100037,100,99942,100,100041,100,99878,100,100044,100,99875,100,100066,100,99867,100,100070,100,,,100180,100,,,100219,100,,,,,,,,,,,,,,
2019-06-28 09:30:00.000000019,100037,100,99984,100,100041,100,99955,100,100044,100,99942,100,100066,100,99878,100,100070,100,99875,100,100180,100,99867,100,100219,100,,,,,,,,,,,,,,
2019-06-28 09:30:00.000000020,100032,100,99984,100,100037,100,99955,100,100041,100,99942,100,100044,100,99878,100,100066,100,99875,100,100070,100,99867,100,100180,100,,,100219,100,,,,,,,,,,
2019-06-28 09:30:00.000000022,99996,100,99984,100,100032,100,99955,100,100037,100,99942,100,100041,100,99878,100,100044,100,99875,100,100066,100,99870,100,100070,100,99867,100,100180,100,,,100219,100,,,,,,
2019-06-28 09:30:00.000000023,99996,100,99984,100,100032,100,99955,200,100037,100,99942,100,100041,100,99878,100,100044,100,99875,100,100066,100,99870,100,100070,100,99867,100,100180,100,,,100219,100,,,,,,
2019-06-28 09:30:00.000000026,99996,100,99984,100,100003,100,99955,200,100032,100,99942,100,100037,100,99878,100,100041,100,99875,100,100044,100,99870,100,100066,100,99867,100,100070,100,,,100180,100,,,100219,100,,
2019-06-28 09:30:00.000000027,99996,100,99984,100,100003,100,99969,100,100032,100,99955,200,100037,100,99942,100,100041,100,99878,100,100044,100,99875,100,100066,100,99870,100,100070,100,99867,100,100106,100,,,100180,100,,
2019-06-28 09:30:00.000000028,99996,100,99984,100,100003,100,99969,100,100032,100,99955,200,100037,100,99942,100,100041,100,99908,100,100044,100,99878,100,100066,100,99875,100,100070,100,99870,100,100106,100,99867,100,100180,100,,
2019-06-28 09:30:00.000000030,99996,100,99984,100,100003,100,99969,100,100032,100,99955,200,100037,100,99942,100,100041,100,99940,100,100044,100,99908,100,100066,100,99878,100,100070,100,99875,100,100106,100,99870,100,100180,100,99867,100
2019-06-28 09:30:00.000000033,99996,100,99984,100,100003,100,99969,100,100032,100,99955,200,100037,100,99942,100,100041,100,99940,100,100044,100,99908,100,100066,100,99878,100,100070,100,99875,100,100106,100,99870,100,100180,100,99867,100
2019-06-28 09:30:00.000000036,99996,100,99984,100,100003,100,99969,100,100032,100,99955,200,100037,100,99942,100,100041,100,99940,100,100044,100,99908,100,100066,100,99878,100,100070,100,99875,100,100106,100,99870,100,100140,100,99867,100
2019-06-28 09:30:00.000000037,99996,100,99984,100,100003,100,99969,100,100009,100,99955,200,100032,100,99942,100,100037,100,99940,100,100041,100,99908,100,100044,100,99878,100,100066,100,99875,100,100070,100,99870,100,100106,100,99867,100
2019-06-28 09:30:00.000000039,99996,100,99984,100,100003,100,99969,100,100009,200,99955,200,100032,100,99942,100,100037,100,99940,100,100041,100,99908,100,100044,100,99878,100,100066,100,99875,100,100070,100,99870,100,100106,100,99867,100
2019-06-28 09:30:00.000000043,99996,100,99984,100,100003,100,99969,100,100009,200,99955,200,100032,100,99954,100,100037,100,99942,100,100041,100,99940,100,100044,100,99908,100,100066,100,99878,100,100070,100,99875,100,100072,100,99870,100
2019-06-28 09:30:00.000000047,99996,100,99984,100,100003,100,99969,100,100009,300,99955,200,100032,100,99954,100,100037,100,99942,100,100041,100,99940,100,100044,100,99908,100,100065,100,99878,100,100066,100,99875,100,100070,100,99870,100
2019-06-28 09:30:00.000000051,99996,100,99984,100,100003,100,99969,100,100009,300,99955,200,100032,100,99954,100,100037,100,99942,100,100041,100,99940,100,100044,100,99908,200,100065,100,99878,100,100066,100,99875,100,100070,100,99870,100
2019-06-28 09:30:00.000000053,99996,100,99984,100,100003,100,99969,100,100009,300,99955,200,100032,100,99954,100,100037,100,99942,100,100041,100,99940,100,100044,100,99908,200,100063,100,99878,100,100065,100,99875,100,100066,100,99870,100
2019-06-28 09:30:00.000000054,100003,100,99984,100,100009,300,99969,100,100032,100,99955,200,100037,100,99954,100,100041,100,99942,100,100044,100,99940,100,100063,100,99908,200,100065,100,99878,100,100066,100,99875,100,100070,100,99870,100
2019-06-28 09:30:00.000000057,100003,100,99984,100,100009,300,99969,100,100032,100,99955,200,100037,100,99954,100,100041,100,99942,100,100044,100,99940,100,100063,100,99908,200,100065,100,99878,100,100066,100,99875,100,100070,100,99870,100
2019-06-28 09:30:00.000000058,99990,100,99984,100,100003,100,99969,100,100009,300,99955,200,100032,100,99954,100,100037,100,99942,100,100041,100,99940,100,100044,100,99922,100,100063,100,99908,200,100065,100,99878,100,100066,100,99875,100
2019-06-28 09:30:00.000000060,99990,100,99985,200,100003,100,99984,100,100009,300,99969,100,100032,100,99955,200,100037,100,99954,100,100041,100,99942,100,100044,100,99940,100,100063,100,99922,100,100065,100,99908,200,100066,100,99878,100
2019-06-28 09:30:00.000000062,99990,100,99985,200,100003,100,99984,100,100009,300,99969,100,100032,100,99955,200,100037,100,99954,100,100041,100,99942,100,100044,100,99940,100,100063,100,99922,100,100065,100,99908,200,100066,100,99878,100
2019-06-28 09:30:00.000000063,99990,100,99985,200,100003,100,99984,100,100009,300,99969,100,100032,100,99955,200,100037,100,99954,100,100041,100,99942,100,100044,100,99940,100,100063,100,99925,100,100065,100,99922,100,100066,100,99908,200
2019-06-28 09:30:00.000000064,99990,100,99985,200,100003,100,99984,100,100009,300,99972,100,100032,100,99969,100,100037,100,99955,200,100041,100,99954,100,100044,100,99942,100,100063,100,99940,100,100065,100,99925,100,100066,100,99922,100
2019-06-28 09:30:00.000000065,99990,100,99985,200,100003,100,99984,100,100009,300,99983,100,100032,100,99972,100,100037,100,99969,100,100041,100,99955,200,100044,100,99954,100,100063,100,99942,100,100065,100,99940,100,100066,100,99925,100
2019-06-28 09:30:00.000000067,99990,100,99985,100,100003,100,99984,100,100009,300,99983,100,100032,100,99972,100,100037,100,99969,100,100041,100,99955,200,100044,100,99954,100,100063,100,99942,100,100065,100,99940,100,100066,100,99925,100
2019-06-28 09:30:00.000000068,99990,100,99986,200,100003,100,99985,100,100009,300,99984,100,100032,100,99983,100,100037,100,99972,100,100041,100,99969,100,100044,100,99955,200,100063,100,99954,100,100065,100,99942,100,100066,100,99940,100
2019-06-28 09:30:00.000000070,99990,100,99986,100,100003,100,99985,100,100009,300,99984,100,100032,100,99983,100,100037,100,99972,100,100041,100,99969,100,100044,100,99955,200,100063,100,99954,100,100065,100,99942,100,100066,100,99940,100
2019-06-28 09:30:00.000000081,99990,100,99987,100,100003,100,99986,100,100009,300,99985,100,100032,100,99984,100,100037,100,99983,100,100041,100,99972,100,100044,100,99969,100,100063,100,99955,200,100065,100,99954,100,100066,100,99942,100
2019-06-28 09:30:00.000000083,99990,100,99987,100,100003,100,99986,100,100009,300,99985,100,100032,100,99984,100,100037,100,99983,100,100041,100,99972,100,100044,100,99969,100,100063,100,99955,200,100065,100,99954,100,100066,100,99942,100
2019-06-28 09:30:00.000000087,99990,100,99987,100,100003,100,99986,100,100009,300,99985,100,100032,100,99984,100,100037,100,99983,100,100041,100,99972,100,100044,100,99969,100,100063,100,99955,200,100065,100,99954,100,100066,100,99942,100
2019-06-28 09:30:00.000000088,99990,100,99987,100,100003,100,99986,100,100009,300,99985,100,100032,100,99984,100,100037,100,99983,100,100041,100,99972,100,100044,100,99969,100,100063,100,99955,200,100065,100,99954,100,100066,100,99942,100
2019-06-28 09:30:00.000000092,99990,100,99987,100,100003,100,99986,100,100009,300,99985,100,100032,100,99984,100,100037,100,99983,100,100041,100,99972,100,100044,100,99969,100,100046,100,99955,200,100063,100,99954,100,100065,100,99942,100
2019-06-28 09:30:00.000000093,99990,100,99987,100,100003,100,99986,100,100009,300,99985,100,100032,100,99984,100,100037,100,99983,100,100041,100,99972,100,100044,100,99969,100,100046,100,99955,200,100063,100,99954,100,100065,100,99942,100
2019-06-28 09:30:00.000000095,100003,100,99987,100,100009,300,99986,100,100032,100,99985,100,100037,100,99984,100,100041,100,99983,100,100044,100,99972,100,100046,100,99969,100,100063,100,99955,200,100065,100,99954,100,100066,100,99942,100
2019-06-28 09:30:00.000000099,100009,300,99987,100,100032,100,99986,100,100037,100,99985,100,100041,100,99984,100,100044,100,99983,100,100046,100,99972,100,100063,100,99969,100,100065,100,99955,200,100066,100,99954,100,100070,200,99942,100
2019-06-28 09:30:10.000000000,100009,375,99987,175,100032,175,99986,175,100037,175,99985,175,100041,175,99984,175,100044,175,99983,175,100046,100,99972,100,100063,100,99969,100,100065,100,99955,200,100066,100,99954,100,100070,200,99942,100
2019-06-28 09:30:12.274901419,100009,375,99987,175,100032,175,99986,175,100037,175,99985,175,100041,175,99984,175,100044,175,99983,175,100046,100,99972,100,100063,100,99969,100,100065,100,99955,200,100066,100,99954,200,100070,200,99942,100
2019-06-28 09:30:20.000000000,100009,676,99987,476,100032,100,99986,100,100037,100,99985,100,100041,100,99984,100,100044,100,99983,100,100046,100,99972,100,100063,100,99969,100,100065,100,99955,200,100066,100,99954,200,100070,200,99942,100
2019-06-28 09:30:20.332740848,100009,676,99987,476,100032,100,99986,100,100037,100,99985,100,100041,100,99984,100,100044,100,99983,100,100046,100,99972,100,100063,100,99969,100,100065,100,99955,200,100066,100,99954,200,100070,200,99942,200
2019-06-28 09:30:22.603163291,100009,676,99987,476,100032,100,99986,100,100037,100,99985,100,100041,100,99984,100,100044,100,99983,100,100046,100,99972,100,100063,100,99969,100,100065,100,99955,200,100066,100,99954,200,100070,100,99942,200
2019-06-28 09:30:29.838629749,100009,576,99987,476,100032,100,99986,100,100037,100,99985,100,100041,100,99984,100,100044,100,99983,100,100046,100,99972,100,100063,100,99969,100,100065,100,99955,200,100066,100,99954,200,100071,100,99942,200
2019-06-28 09:30:30.000000000,100009,275,99987,175,100032,175,99986,175,100037,175,99985,175,100041,175,99984,175,100044,175,99983,175,100046,100,99972,100,100063,100,99969,100,100065,100,99955,200,100066,100,99954,200,100071,100,99942,200
2019-06-28 09:30:39.678982951,100009,175,99987,175,100032,175,99986,175,100037,75,99985,175,100041,175,99984,175,100044,175,99983,175,100046,100,99972,100,100063,100,99969,100,100065,100,99955,200,100066,100,99954,200,100071,100,99942,200
2019-06-28 09:30:40.000000000,100009,194,99987,194,100032,194,99986,194,100041,194,99985,194,100044,194,99984,194,100046,100,99983,100,100063,100,99972,100,100065,100,99969,100,100066,100,99955,200,100071,100,99954,200,100072,100,99942,200
2019-06-28 09:30:50.000000000,100009,228,99987,228,100032,224,99986,224,100041,224,99985,224,100044,100,99984,100,100046,100,99983,100,100063,100,99972,100,100065,100,99969,100,100066,100,99955,200,100071,100,99954,200,100072,100,99942,200
2019-06-28 09:31:00.000000000,100009,194,99987,194,100032,194,99986,194,100041,194,99985,194,100044,194,99984,194,100046,100,99983,100,100063,100,99972,100,100065,100,99969,100,100066,100,99955,200,100071,100,99954,200,100072,100,99942,200
2019-06-28 09:31:10.000000000,100009,476,99987,476,100032,100,99986,100,100041,100,99985,100,100044,100,99984,100,100046,100,99983,100,100063,100,99972,100,100065,100,99969,100,100066,100,99955,200,100071,100,99954,200,100072,100,99942,200
2019-06-28 09:31:20.000000000,100009,194,99987,194,100032,194,99986,194,100041,194,99985,194,100044,194,99984,194,100046,100,99983,100,100063,100,99972,100,100065,100,99969,100,100066,100,99955,200,100071,100,99954,200,100072,100,99942,200
2019-06-28 09:31:29.536202939,100009,94,99987,194,100032,194,99986,194,100041,194,99985,194,100044,194,99984,194,100046,100,99983,100,100063,100,99972,100,100065,100,99969,100,100066,100,99955,200,100071,100,99954,200,100072,100,99942,200
2019-06-28 09:31:30.000000000,100032,476,99987,476,100041,100,99986,100,100044,100,99985,100,100046,100,99984,100,100063,100,99983,100,100065,100,99972,100,100066,100,99969,100,100071,100,99955,200,100072,100,99954,200,100073,100,99942,200
2019-06-28 09:31:40.000000000,100032,194,99987,194,100041,194,99986,194,100044,194,99985,194,100046,194,99984,194,100063,100,99983,100,100065,100,99972,100,100066,100,99969,100,100071,100,99955,200,100072,100,99954,200,100073,100,99942,200
2019-06-28 09:31:50.000000000,100032,175,99987,175,100041,175,99986,175,100044,175,99985,175,100046,175,99984,175,100063,175,99983,175,100065,100,99972,100,100066,100,99969,100,100071,100,99955,200,100072,100,99954,200,100073,100,99942,200
2019-06-28 09:31:52.709678618,100032,175,99987,175,100041,175,99986,175,100044,175,99985,175,100046,75,99984,175,100063,175,99983,175,100065,100,99972,100,100066,100,99969,100,100071,100,99955,200,100072,100,99954,200,100073,100,99942,200
2019-06-28 09:31:57.696566967,100032,75,99987,175,100041,175,99986,175,100044,175,99985,175,100046,75,99984,175,100063,175,99983,175,100065,100,99972,100,100066,100,99969,100,100071,100,99955,200,100072,100,99954,200,100073,100,99942,200
2019-06-28 09:32:00.000000000,100041,228,99987,228,100044,224,99986,224,100063,224,99985,224,100065,100,99984,100,100066,100,99983,100,100071,100,99972,100,100072,100,99969,100,100073,100,99955,200,100082,100,99954,200,100106,100,99942,200
2019-06-28 09:32:08.018006970,100041,228,100009,100,100044,224,99987,228,100063,224,99986,224,100065,100,99985,224,100066,100,99984,100,100071,100,99983,100,100072,100,99972,100,100073,100,99969,100,100082,100,99955,200,100106,100,99954,200
2019-06-28 09:32:08.915610756,100041,128,100009,100,100044,224,99987,228,100063,224,99986,224,100065,100,99985,224,100066,100,99984,100,100071,100,99983,100,100072,100,99972,100,100073,100,99969,100,100082,100,99955,200,100106,100,99954,200
2019-06-28 09:32:08.998511675,100041,128,100009,100,100044,224,99987,228,100063,224,99986,224,100065,100,99985,224,100066,100,99984,100,100071,100,99983,100,100073,100,99972,100,100082,100,99969,100,100106,100,99955,200,100138,100,99954,200
2019-06-28 09:32:10.000000000,100044,288,100009,288,100063,288,99987,288,100065,100,99986,100,100066,100,99985,100,100071,100,99984,100,100073,100,99983,100,100082,100,99972,100,100106,100,99969,100,100138,100,99955,200,100140,100,99954,200
2019-06-28 09:32:19.098102607,100044,288,100009,288,100063,288,99987,288,100065,100,99986,100,100066,100,99985,100,100071,100,99984,100,100073,100,99983,100,100082,100,99972,100,100106,100,99969,100,100138,100,99955,200,100140,100,99954,200
2019-06-28 09:32:20.000000000,100044,228,100009,228,100063,224,99987,224,100065,224,99986,224,100066,100,99985,100,100071,100,99984,100,100073,100,99983,100,100082,100,99972,100,100106,100,99969,100,100138,100,99955,200,100140,100,99954,200
2019-06-28 09:32:29.732253272,100044,228,100032,100,100063,224,100009,228,100065,224,99987,224,100071,100,99986,224,100073,100,99985,100,100082,100,99984,100,100106,100,99983,100,100138,100,99972,100,100140,100,99969,100,100152,100,99955,200
2019-06-28 09:32:30.000000000,100044,194,100032,194,100063,194,100009,194,100065,194,99987,194,100071,194,99986,194,100073,100,99985,100,100082,100,99984,100,100106,100,99983,100,100138,100,99972,100,100140,100,99969,100,100152,100,99955,200
2019-06-28 09:32:34.786495645,100044,94,100032,194,100063,194,100009,194,100065,194,99987,194,100071,194,99986,194,100073,100,99985,100,100082,100,99984,100,100106,100,99983,100,100138,100,99972,100,100140,100,99969,100,100155,100,99955,200
2019-06-28 09:32:40.000000000,100063,228,100032,228,100065,224,100009,224,100071,224,99987,224,100073,100,99986,100,100082,100,99985,100,100106,100,99984,100,100138,100,99983,100,100140,100,99972,100,100155,100,99969,100,100159,100,99955,200
2019-06-28 09:32:42.543950540,100063,228,100032,228,100065,224,100009,224,100071,224,99987,224,100073,100,99986,100,100082,100,99985,100,100106,100,99984,100,100138,100,99983,100,100140,100,99972,100,100155,100,99969,100,100159,100,99955,200
2019-06-28 09:32:50.000000000,100063,194,100032,194,100065,194,100009,194,100071,194,99987,194,100073,194,99986,194,100082,100,99985,100,100106,100,99984,100,100138,100,99983,100,100140,100,99972,100,100155,100,99969,100,100159,100,99955,200
2019-06-28 09:33:00.000000000,100063,288,100032,288,100065,288,100009,288,100071,100,99987,100,100073,100,99986,100,100082,100,99985,100,100106,100,99984,100,100138,100,99983,100,100140,100,99972,100,100155,100,99969,100,100159,100,99955,200
2019-06-28 09:33:10.000000000,100063,228,100032,228,100065,224,100009,224,100071,224,99987,224,100073,100,99986,100,100082,100,99985,100,100106,100,99984,100,100138,100,99983,100,100140,100,99972,100,100155,100,99969,100,100159,100,99955,200
2019-06-28 09:33:15.031627620,100063,128,100032,228,100065,224,100009,224,100071,224,99987,224,100082,100,99986,100,100106,100,99985,100,100138,100,99984,100,100140,100,99983,100,100155,100,99972,100,100159,100,99969,100,100180,100,99955,200
2019-06-28 09:33:20.000000000,100065,175,100032,175,100071,175,100009,175,100082,175,99987,175,100106,175,99986,175,100138,175,99985,175,100140,100,99984,100,100155,100,99983,100,100159,100,99972,100,100180,100,99969,100,100219,100,99955,200
2019-06-28 09:33:20.761769398,100065,175,100032,175,100071,175,100009,175,100082,175,99987,75,100106,175,99986,175,100138,175,99985,175,100140,100,99984,100,100155,100,99983,100,100159,100,99972,100,100180,100,99969,100,100219,100,99955,200
2019-06-28 09:33:30.000000000,100065,175,100032,175,100071,175,100009,175,100082,175,99986,175,100106,175,99985,175,100138,175,99984,175,100140,100,99983,100,100155,100,99972,100,100159,100,99969,100,100180,100,99955,200,100219,100,99954,200
2019-06-28 09:33:38.803970042,100065,75,100032,175,100071,175,100009,175,100082,175,99986,175,100106,175,99985,175,100138,175,99984,175,100140,100,99983,100,100155,100,99972,100,100159,100,99969,100,100180,100,99955,200,100219,100,99954,200
2019-06-28 09:33:40.000000000,100071,194,100032,194,100082,194,100009,194,100106,194,99986,194,100138,194,99985,194,100140,100,99984,100,100155,100,99983,100,100159,100,99972,100,100180,100,99969,100,100219,100,99955,200,100792,100,99954,200
2019-06-28 09:33:48.385285724,100071,194,100032,194,100082,194,100009,194,100106,194,99986,194,100138,194,99985,194,100140,100,99984,100,100155,100,99983,100,100159,100,99972,100,100180,100,99969,100,100219,100,99955,200,100705,100,99954,200
2019-06-28 09:33:50.000000000,100071,476,100032,476,100082,100,100009,100,100106,100,99986,100,100138,100,99985,100,100140,100,99984,100,100155,100,99983,100,100159,100,99972,100,100180,100,99969,100,100219,100,99955,200,100705,100,99954,200
2019-06-28 09:33:52.487504528,100071,476,100032,476,100082,100,100009,100,100106,100,99986,100,100138,100,99985,100,100140,100,99984,100,100155,100,99983,100,100159,100,99972,100,100180,100,99969,100,100219,100,99955,200,100696,100,99954,100
2019-06-28 09:33:53.413356737,100071,476,100032,476,100082,100,100009,100,100106,100,99986,100,100138,100,99985,100,100140,100,99984,100,100155,100,99983,100,100159,100,99972,100,100180,100,99969,100,100219,100,99955,200,100696,100,99954,100
2019-06-28 09:33:59.003421835,100071,376,100032,476,100082,100,100009,100,100106,100,99986,100,100138,100,99985,100,100140,100,99984,100,100155,100,99983,100,100159,100,99972,100,100180,100,99969,100,100219,100,99955,200,100696,100,99954,100
2019-06-28 09:34:00.000000000,100082,228,100032,228,100106,224,100009,224,100138,224,99986,224,100140,100,99985,100,100155,100,99984,100,100159,100,99983,100,100180,100,99972,100,100219,100,99969,100,100696,100,99955,200,100705,100,99954,100
2019-06-28 09:34:10.000000000,100082,228,100032,228,100106,224,100009,224,100138,224,99986,224,100140,100,99985,100,100155,100,99984,100,100159,100,99983,100,100180,100,99972,100,100219,100,99969,100,100696,100,99955,200,100705,100,99954,100
2019-06-28 09:34:20.000000000,100082,175,100032,175,100106,175,100009,175,100138,175,99986,175,100140,175,99985,175,100155,175,99984,175,100159,100,99983,100,100180,100,99972,100,100219,100,99969,100,100696,100,99955,200,100705,100,99954,100
2019-06-28 09:34:30.000000000,100082,476,100032,476,100106,100,100009,100,100138,100,99986,100,100140,100,99985,100,100155,100,99984,100,100159,100,99983,100,100180,100,99972,100,100219,100,99969,100,100696,100,99955,200,100705,100,99954,100
2019-06-28 09:34:40.000000000,100082,228,100032,228,100106,224,100009,224,100138,224,99986,224,100140,100,99985,100,100155,100,99984,100,100159,100,99983,100,100180,100,99972,100,100219,100,99969,100,100696,100,99955,200,100705,100,99954,100
2019-06-28 09:34:50.000000000,100082,476,100032,476,100106,100,100009,100,100138,100,99986,100,100140,100,99985,100,100155,100,99984,100,100159,100,99983,100,100180,100,99972,100,100219,100,99969,100,100696,100,99955,200,100705,100,99954,100
2019-06-28 09:34:51.700489819,100082,476,100032,476,100106,100,100009,100,100138,100,99986,100,100140,100,99985,100,100150,100,99984,100,100155,100,99983,100,100159,100,99972,100,100180,100,99969,100,100219,100,99955,200,100696,100,99954,100
2019-06-28 09:34:59.069827627,100082,476,100032,476,100106,100,100009,100,100138,100,99986,100,100140,100,99985,100,100150,100,99984,100,100155,100,99983,100,100159,100,99972,100,100180,100,99969,100,100219,100,99955,200,100327,100,99954,100
2019-06-28 09:35:00.000000000,100082,228,100032,228,100106,224,100009,224,100138,224,99986,224,100140,100,99985,100,100150,100,99984,100,100155,100,99983,100,100159,100,99972,100,100180,100,99969,100,100219,100,99955,200,100327,100,99954,100
2019-06-28 09:35:10.000000000,100082,476,100032,476,100106,100,100009,100,100138,100,99986,100,100140,100,99985,100,100150,100,99984,100,100155,100,99983,100,100159,100,99972,100,100180,100,99969,100,100219,100,99955,200,100327,100,99954,100
2019-06-28 09:35:19.398789438,100082,476,100032,476,100106,100,100009,100,100138,100,99986,100,100140,100,99985,100,100150,100,99984,100,100155,100,99983,100,100159,100,99972,100,100180,100,99969,100,100219,100,99955,200,100231,100,99954,100
2019-06-28 09:35:20.000000000,100082,228,100032,228,100106,224,100009,224,100138,224,99986,224,100140,100,99985,100,100150,100,99984,100,100155,100,99983,100,100159,100,99972,100,100180,100,99969,100,100219,100,99955,200,100231,100,99954,100
2019-06-28 09:35:25.949286691,100082,228,100065,100,100106,224,100032,228,100138,224,100009,224,100140,100,99986,224,100150,100,99985,100,100155,100,99984,100,100159,100,99983,100,100180,100,99972,100,100219,100,99969,100,100231,100,99955,200
2019-06-28 09:35:30.000000000,100082,288,100065,288,100106,288,100032,288,100138,100,100009,100,100140,100,99986,100,100150,100,99985,100,100155,100,99984,100,100159,100,99983,100,100180,100,99972,100,100219,100,99969,100,100231,100,99955,200
2019-06-28 09:35:33.321601116,100082,288,100065,288,100106,288,100032,288,100138,100,100009,100,100140,100,99986,100,100150,100,99985,100,100155,100,99984,100,100159,100,99983,100,100180,100,99972,100,100219,100,99969,100,100231,100,99955,200
2019-06-28 09:35:40.000000000,100082,288,100065,288,100106,288,100032,288,100138,100,100009,100,100140,100,99986,100,100150,100,99985,100,100155,100,99984,100,100159,100,99983,100,100180,100,99972,100,100219,100,99969,100,100231,100,99955,200
2019-06-28 09:35:49.773242925,100082,288,100065,388,100106,288,100032,288,100138,100,100009,100,100140,100,99986,100,100150,100,99985,100,100155,100,99984,100,100159,100,99983,100,100180,100,99972,100,100219,100,99969,100,100231,100,99955,200
2019-06-28 09:35:50.000000000,100082,194,100065,294,100106,194,100032,194,100138,194,100009,194,100140,194,99986,194,100150,100,99985,100,100155,100,99984,100,100159,100,99983,100,100180,100,99972,100,100219,100,99969,100,100231,100,99955,200
2019-06-28 09:35:52.470003146,100082,194,100065,94,100106,194,100032,194,100138,194,100009,194,100140,194,99986,194,100150,100,99985,100,100155,100,99984,100,100159,100,99983,100,100180,100,99972,100,100219,100,99969,100,100231,100,99955,200
2019-06-28 09:35:56.456537140,100065,6,100032,194,100082,194,100009,194,100106,194,99986,194,100138,194,99985,100,100140,194,99984,100,100150,100,99983,100,100155,100,99972,100,100159,100,99969,100,100180,100,99955,200,100219,100,99954,100
2019-06-28 09:36:00.000000000,100065,134,100032,228,100082,224,100009,224,100106,224,99986,224,100138,100,99985,100,100140,100,99984,100,100150,100,99983,100,100155,100,99972,100,100159,100,99969,100,100180,100,99955,200,100219,100,99954,100
2019-06-28 09:36:10.000000000,100065,81,100032,175,100082,175,100009,175,100106,175,99986,175,100138,175,99985,175,100140,175,99984,175,100150,100,99983,100,100155,100,99972,100,100159,100,99969,100,100180,100,99955,200,100219,100,99954,100
2019-06-28 09:36:20.000000000,100065,100,100032,194,100082,194,100009,194,100106,194,99986,194,100138,194,99985,194,100140,100,99984,100,100150,100,99983,100,100155,100,99972,100,100159,100,99969,100,100180,100,99955,200,100219,100,99954,100
2019-06-28 09:36:30.000000000,100065,382,100032,476,100082,100,100009,100,100106,100,99986,100,100138,100,99985,100,100140,100,99984,100,100150,100,99983,100,100155,100,99972,100,100159,100,99969,100,100180,100,99955,200,100219,100,99954,100
2019-06-28 09:36:37.786257783,100065,382,100032,476,100082,100,100009,100,100106,100,99986,100,100138,100,99985,100,100140,100,99984,100,100150,100,99983,100,100155,100,99972,100,100159,100,99969,100,100180,100,99955,200,100219,100,99954,100
2019-06-28 09:36:40.000000000,100065,134,100032,228,100082,224,100009,224,100106,224,99986,224,100138,100,99985,100,100140,100,99984,100,100150,100,99983,100,100155,100,99972,100,100159,100,99969,100,100180,100,99955,200,100219,100,99954,100
2019-06-28 09:36:40.479016379,100065,34,100032,228,100082,224,100009,224,100106,224,99986,224,100138,100,99985,100,100140,100,99984,100,100150,100,99983,100,100155,100,99972,100,100159,100,99969,100,100180,100,99955,200,100219,100,99954,100
2019-06-28 09:36:50.000000000,100082,288,100032,288,100106,288,100009,288,100138,100,99986,100,100140,100,99985,100,100150,100,99984,100,100155,100,99983,100,100159,100,99972,100,100180,100,99969,100,100219,100,99955,200,100231,100,99954,100
2019-06-28 09:36:59.253514229,100082,288,100032,288,100106,288,100009,288,100138,100,99986,100,100140,100,99985,100,100150,100,99984,100,100155,100,99983,100,100159,100,99972,100,100180,100,99969,100,100231,100,99955,200,100315,100,99954,100
2019-06-28 09:37:00.000000000,100082,228,100032,228,100106,224,100009,224,100138,224,99986,224,100140,100,99985,100,100150,100,99984,100,100155,100,99983,100,100159,100,99972,100,100180,100,99969,100,100231,100,99955,200,100315,100,99954,100
2019-06-28 09:37:09.168098658,100082,228,100032,228,100106,224,100009,224,100138,224,99986,224,100140,100,99985,100,100150,100,99984,100,100155,100,99983,100,100159,100,99972,100,100231,100,99969,100,100315,100,99966,100,100327,100,99955,200
2019-06-28 09:37:10.000000000,100082,194,100032,194,100106,194,100009,194,100138,194,99986,194,100140,194,99985,194,100150,100,99984,100,100155,100,99983,100,100159,100,99972,100,100231,100,99969,100,100315,100,99966,100,100327,100,99955,200
2019-06-28 09:37:12.265229488,100082,194,100032,94,100106,194,100009,194,100138,194,99986,194,100140,194,99985,194,100150,100,99984,100,100155,100,99983,100,100159,100,99972,100,100231,100,99969,100,100315,100,99966,100,100327,100,99955,200
2019-06-28 09:37:20.000000000,100082,288,100009,288,100106,288,99986,288,100138,100,99985,100,100140,100,99984,100,100150,100,99983,100,100155,100,99972,100,100159,100,99969,100,100231,100,99966,100,100315,100,99955,200,100327,100,99954,100
2019-06-28 09:37:25.248922462,100082,188,100009,288,100106,288,99986,288,100138,100,99985,100,100140,100,99984,100,100150,100,99983,100,100155,100,99972,100,100159,100,99969,100,100231,100,99966,100,100315,100,99955,200,100327,100,99954,100
2019-06-28 09:37:30.000000000,100106,175,100009,175,100138,175,99986,175,100140,175,99985,175,100150,175,99984,175,100155,175,99983,175,100159,100,99972,100,100231,100,99969,100,100315,100,99966,100,100327,100,99955,200,100379,100,99954,100
2019-06-28 09:37:30.802899614,100106,75,100009,175,100138,175,99986,175,100140,175,99985,175,100150,175,99984,175,100155,175,99983,175,100159,100,99972,100,100231,100,99969,100,100315,100,99966,100,100327,100,99955,200,100379,100,99954,100
2019-06-28 09:37:38.290904077,100106,75,100033,100,100138,175,100009,175,100140,175,99986,175,100150,175,99985,175,100155,175,99984,175,100159,100,99983,175,100231,100,99972,100,100315,100,99969,100,100327,100,99966,100,100379,100,99955,200
2019-06-28 09:37:40.000000000,100138,194,100033,194,100140,194,100009,194,100150,194,99986,194,100155,194,99985,194,100159,100,99984,100,100231,100,99983,100,100315,100,99972,100,100327,100,99969,100,100379,100,99966,100,100389,100,99955,200
2019-06-28 09:37:50.000000000,100138,175,100033,175,100140,175,100009,175,100150,175,99986,175,100155,175,99985,175,100159,175,99984,175,100231,100,99983,100,100315,100,99972,100,100327,100,99969,100,100379,100,99966,100,100389,100,99955,200
2019-06-28 09:37:58.070442045,100081,100,100033,175,100138,175,100009,175,100140,175,99986,175,100150,175,99985,175,100155,175,99984,175,100159,175,99983,100,100231,100,99972,100,100315,100,99969,100,100327,100,99966,100,100379,100,99955,200
2019-06-28 09:38:00.000000000,100081,288,100033,288,100138,288,100009,288,100140,100,99986,100,100150,100,99985,100,100155,100,99984,100,100159,100,99983,100,100231,100,99972,100,100315,100,99969,100,100327,100,99966,100,100379,100,99955,200
2019-06-28 09:38:05.242291609,100081,388,100033,288,100138,288,100009,288,100140,100,99986,100,100150,100,99985,100,100155,100,99984,100,100159,100,99983,100,100231,100,99972,100,100315,100,99969,100,100327,100,99966,100,100379,100,99955,200
2019-06-28 09:38:10.000000000,100081,294,100033,194,100138,194,100009,194,100140,194,99986,194,100150,194,99985,194,100155,100,99984,100,100159,100,99983,100,100231,100,99972,100,100315,100,99969,100,100327,100,99966,100,100379,100,99955,200
2019-06-28 09:38:17.849385366,100081,294,100033,194,100138,194,100009,194,100140,194,99986,194,100150,194,99985,194,100155,100,99984,100,100159,100,99983,100,100231,100,99972,100,100315,100,99969,100,100327,100,99966,100,100379,100,99955,200
2019-06-28 09:38:19.391766050,100081,294,100033,194,100138,194,100009,194,100140,194,99986,194,100150,194,99985,194,100155,100,99984,100,100159,100,99983,100,100231,100,99972,100,100315,100,99969,100,100327,100,99966,100,100379,100,99955,200
2019-06-28 09:38:20.000000000,100081,275,100033,175,100138,175,100009,175,100140,175,99986,175,100150,175,99985,175,100155,175,99984,175,100159,100,99983,100,100231,100,99972,100,100315,100,99969,100,100327,100,99966,100,100379,100,99955,200
2019-06-28 09:38:30.000000000,100081,294,100033,194,100138,194,100009,194,100140,194,99986,194,100150,194,99985,194,100155,100,99984,100,100159,100,99983,100,100231,100,99972,100,100315,100,99969,100,100327,100,99966,100,100379,100,99955,200
2019-06-28 09:38:40.000000000,100081,294,100033,194,100138,194,100009,194,100140,194,99986,194,100150,194,99985,194,100155,100,99984,100,100159,100,99983,100,100231,100,99972,100,100315,100,99969,100,100327,100,99966,100,100379,100,99955,200
2019-06-28 09:38:50.000000000,100081,576,100033,476,100138,100,100009,100,100140,100,99986,100,100150,100,99985,100,100155,100,99984,100,100159,100,99983,100,100231,100,99972,100,100315,100,99969,100,100327,100,99966,100,100379,100,99955,200
2019-06-28 09:39:00.000000000,100081,294,100033,194,100138,194,100009,194,100140,194,99986,194,100150,194,99985,194,100155,100,99984,100,100159,100,99983,100,100231,100,99972,100,100315,100,99969,100,100327,100,99966,100,100379,100,99955,200
2019-06-28 09:39:02.927031027,100081,294,100033,194,100138,194,100009,194,100140,194,99986,194,100150,194,99985,194,100155,100,99984,100,100159,100,99983,100,100231,100,99972,100,100315,100,99969,100,100327,100,99966,100,100379,100,99955,200
2019-06-28 09:39:10.000000000,100081,275,100033,175,100138,175,100009,175,100140,175,99986,175,100150,175,99985,175,100155,175,99984,175,100159,100,99983,100,100231,100,99972,100,100315,100,99969,100,100327,100,99966,100,100379,100,99955,200
2019-06-28 09:39:20.000000000,100081,294,100033,194,100138,194,100009,194,100140,194,99986,194,100150,194,99985,194,100155,100,99984,100,100159,100,99983,100,100231,100,99972,100,100315,100,99969,100,100327,100,99966,100,100379,100,99955,200
2019-06-28 09:39:24.592994473,100081,394,100033,194,100138,194,100009,94,100140,194,99986,194,100150,194,99985,194,100155,100,99984,100,100159,100,99983,100,100231,100,99972,100,100315,100,99969,100,100327,100,99966,100,100379,100,99955,200
2019-06-28 09:39:30.000000000,100081,428,100033,228,100138,224,99986,224,100140,224,99985,224,100150,100,99984,100,100155,100,99983,100,100159,100,99972,100,100231,100,99969,100,100315,100,99966,100,100327,100,99955,200,100379,100,99954,100
2019-06-28 09:39:37.244907374,100081,528,100033,228,100138,224,99986,224,100140,224,99985,224,100150,100,99984,100,100155,100,99983,100,100159,100,99972,100,100231,100,99969,100,100315,100,99966,100,100327,100,99955,200,100379,100,99954,100
2019-06-28 09:39:40.000000000,100081,494,100033,194,100138,194,99986,194,100140,194,99985,194,100150,194,99984,194,100155,100,99983,100,100159,100,99972,100,100231,100,99969,100,100315,100,99966,100,100327,100,99955,200,100379,100,99954,100
2019-06-28 09:39:50.000000000,100081,494,100033,194,100138,194,99986,194,100140,194,99985,194,100150,194,99984,194,100155,100,99983,100,100159,100,99972,100,100231,100,99969,100,100315,100,99966,100,100327,100,99955,200,100379,100,99954,100
2019-06-28 09:39:51.271870772,100081,394,100033,294,100138,194,99986,194,100140,194,99985,194,100150,194,99984,194,100155,100,99983,100,100159,100,99972,100,100231,100,99969,100,100315,100,99966,100,100327,100,99955,200,100379,100,99954,100
2019-06-28 09:40:00.000000000,100081,428,100033,328,100138,224,99986,224,100140,224,99985,224,100150,100,99984,100,100155,100,99983,100,100159,100,99972,100,100231,100,99969,100,100315,100,99966,100,100327,100,99955,200,100379,100,99954,100
2019-06-28 09:40:10.000000000,100081,676,100033,576,100138,100,99986,100,100140,100,99985,100,100150,100,99984,100,100155,100,99983,100,100159,100,99972,100,100231,100,99969,100,100315,100,99966,100,100327,100,99955,200,100379,100,99954,100
2019-06-28 09:40:20.000000000,100081,428,100033,328,100138,224,99986,224,100140,224,99985,224,100150,100,99984,100,100155,100,99983,100,100159,100,99972,100,100231,100,99969,100,100315,100,99966,100,100327,100,99955,200,100379,100,99954,100
2019-06-28 09:40:30.000000000,100081,394,100033,294,100138,194,99986,194,100140,194,99985,194,100150,194,99984,194,100155,100,99983,100,100159,100,99972,100,100231,100,99969,100,100315,100,99966,100,100327,100,99955,200,100379,100,99954,100
2019-06-28 09:40:40.000000000,100081,375,100033,275,100138,175,99986,175,100140,175,99985,175,100150,175,99984,175,100155,175,99983,175,100159,100,99972,100,100231,100,99969,100,100315,100,99966,100,100327,100,99955,200,100379,100,99954,100
2019-06-28 09:40:41.357408132,100081,275,100033,275,100138,175,99986,175,100140,175,99985,175,100150,175,99984,175,100155,175,99983,175,100159,100,99972,100,100231,100,99969,100,100315,100,99966,100,100327,100,99955,200,100379,100,99954,100
2019-06-28 09:40:50.000000000,100081,275,100033,275,100138,175,99986,175,100140,175,99985,175,100150,175,99984,175,100155,175,99983,175,100159,100,99972,100,100231,100,99969,100,100315,100,99966,100,100327,100,99955,200,100379,100,99954,100
2019-06-28 09:41:00.000000000,100081,388,100033,388,100138,288,99986,288,100140,100,99985,100,100150,100,99984,100,100155,100,99983,100,100159,100,99972,100,100231,100,99969,100,100315,100,99966,100,100327,100,99955,200,100379,100,99954,100
2019-06-28 09:41:10.000000000,100081,328,100033,328,100138,224,99986,224,100140,224,99985,224,100150,100,99984,100,100155,100,99983,100,100159,100,99972,100,100231,100,99969,100,100315,100,99966,100,100327,100,99955,200,100379,100,99954,100
2019-06-28 09:41:20.000000000,100081,294,100033,294,100138,194,99986,194,100140,194,99985,194,100150,194,99984,194,100155,100,99983,100,100159,100,99972,100,100231,100,99969,100,100315,100,99966,100,100327,100,99955,200,100379,100,99954,100
2019-06-28 09:41:24.272181439,100081,194,100033,294,100138,194,99986,194,100140,194,99985,194,100150,194,99984,194,100155,100,99983,100,100159,100,99972,100,100231,100,99969,100,100315,100,99966,100,100327,100,99955,200,100379,100,99954,100
2019-06-28 09:41:24.772774158,100081,94,100033,294,100138,194,99986,194,100140,194,99985,194,100150,194,99984,194,100155,100,99983,100,100159,100,99972,100,100231,100,99969,100,100315,100,99966,100,100327,100,99955,200,100379,100,99954,100
2019-06-28 09:41:30.000000000,100138,476,100033,576,100140,100,99986,100,100150,100,99985,100,100155,100,99984,100,100159,100,99983,100,100231,100,99972,100,100315,100,99969,100,100327,100,99966,100,100379,100,99955,200,100389,100,99954,100
2019-06-28 09:41:40.000000000,100138,476,100033,576,100140,100,99986,100,100150,100,99985,100,100155,100,99984,100,100159,100,99983,100,100231,100,99972,100,100315,100,99969,100,100327,100,99966,100,100379,100,99955,200,100389,100,99954,100
2019-06-28 09:41:40.024413783,100138,376,100033,576,100140,100,99986,100,100150,100,99985,100,100155,100,99984,100,100159,100,99983,100,100231,100,99972,100,100315,100,99969,100,100327,100,99955,200,100379,100,99954,100,100389,100,99925,100
2019-06-28 09:41:40.246941201,100138,376,100081,100,100140,100,100033,576,100150,100,99986,100,100155,100,99985,100,100159,100,99984,100,100231,100,99983,100,100315,100,99972,100,100327,100,99969,100,100379,100,99955,200,100389,100,99954,100
2019-06-28 09:41:42.165939120,100138,376,100081,100,100140,100,100033,576,100150,100,99986,100,100155,100,99985,100,100159,100,99984,100,100231,100,99983,100,100315,100,99972,100,100327,100,99969,100,100379,100,99955,200,100389,100,99954,100
2019-06-28 09:41:44.371380727,100138,376,100081,100,100140,100,100033,576,100150,100,99986,100,100155,100,99985,100,100159,100,99984,100,100231,100,99983,100,100315,100,99972,100,100327,100,99969,100,100379,100,99955,200,100389,100,99954,100
2019-06-28 09:41:50.000000000,100140,194,100081,194,100150,194,100033,294,100155,194,99986,194,100159,194,99985,194,100231,100,99984,100,100315,100,99983,100,100327,100,99972,100,100379,100,99969,100,100389,100,99955,200,100468,100,99954,100
2019-06-28 09:42:00.000000000,100140,194,100081,194,100150,194,100033,294,100155,194,99986,194,100159,194,99985,194,100231,100,99984,100,100315,100,99983,100,100327,100,99972,100,100379,100,99969,100,100389,100,99955,200,100468,100,99954,100
2019-06-28 09:42:07.374775059,100140,194,100081,194,100150,94,100033,294,100155,194,99986,194,100159,194,99985,194,100231,100,99984,100,100315,100,99983,100,100327,100,99972,100,100379,100,99969,100,100389,100,99955,200,100468,100,99954,100
2019-06-28 09:42:10.000000000,100140,228,100081,228,100155,224,100033,324,100159,224,99986,224,100231,100,99985,100,100315,100,99984,100,100327,100,99983,100,100379,100,99972,100,100389,100,99969,100,100468,100,99955,200,100642,100,99954,100
2019-06-28 09:42:20.000000000,100140,476,100081,476,100155,100,100033,200,100159,100,99986,100,100231,100,99985,100,100315,100,99984,100,100327,100,99983,100,100379,100,99972,100,100389,100,99969,100,100468,100,99955,200,100642,100,99954,100
2019-06-28 09:42:30.000000000,100140,175,100081,175,100155,175,100033,275,100159,175,99986,175,100231,175,99985,175,100315,175,99984,175,100327,100,99983,100,100379,100,99972,100,100389,100,99969,100,100468,100,99955,200,100642,100,99954,100
2019-06-28 09:42:30.443109718,100140,175,100081,175,100155,175,100033,275,100159,175,99986,175,100231,175,99985,175,100291,100,99984,175,100315,175,99983,100,100327,100,99972,100,100379,100,99969,100,100389,100,99955,200,100468,100,99954,100
2019-06-28 09:42:40.000000000,100140,288,100081,288,100155,288,100033,388,100159,100,99986,100,100231,100,99985,100,100291,100,99984,100,100315,100,99983,100,100327,100,99972,100,100379,100,99969,100,100389,100,99955,200,100468,100,99954,100
2019-06-28 09:42:50.000000000,100140,228,100081,228,100155,224,100033,324,100159,224,99986,224,100231,100,99985,100,100291,100,99984,100,100315,100,99983,100,100327,100,99972,100,100379,100,99969,100,100389,100,99955,200,100468,100,99954,100
2019-06-28 09:43:00.000000000,100140,175,100081,175,100155,175,100033,275,100159,175,99986,175,100231,175,99985,175,100291,175,99984,175,100315,100,99983,100,100327,100,99972,100,100379,100,99969,100,100389,100,99955,200,100468,100,99954,100
2019-06-28 09:43:09.867779600,100140,175,100081,175,100155,175,100033,275,100159,175,99986,175,100231,175,99985,175,100291,75,99984,175,100315,100,99983,100,100327,100,99972,100,100379,100,99969,100,100389,100,99955,200,100468,100,99954,100
2019-06-28 09:43:10.000000000,100140,175,100081,175,100155,175,100033,275,100159,175,99986,175,100231,175,99985,175,100315,175,99984,175,100327,100,99983,100,100379,100,99972,100,100389,100,99969,100,100468,100,99955,200,100642,100,99954,100
2019-06-28 09:43:20.000000000,100140,175,100081,175,100155,175,100033,275,100159,175,99986,175,100231,175,99985,175,100315,175,99984,175,100327,100,99983,100,100379,100,99972,100,100389,100,99969,100,100468,100,99955,200,100642,100,99954,100
2019-06-28 09:43:30.000000000,100140,228,100081,228,100155,224,100033,324,100159,224,99986,224,100231,100,99985,100,100315,100,99984,100,100327,100,99983,100,100379,100,99972,100,100389,100,99969,100,100468,100,99955,200,100642,100,99954,100
2019-06-28 09:43:35.422641148,100140,228,100081,228,100155,224,100033,324,100159,224,99986,224,100231,100,99985,100,100315,100,99984,100,100327,100,99983,100,100379,100,99972,100,100389,100,99969,100,100468,100,99955,200,100642,100,99954,100
2019-06-28 09:43:40.000000000,100140,288,100081,288,100155,288,100033,388,100159,100,99986,100,100231,100,99985,100,100315,100,99984,100,100327,100,99983,100,100379,100,99972,100,100389,100,99969,100,100468,100,99955,200,100642,100,99954,100
2019-06-28 09:43:50.000000000,100140,228,100081,228,100155,224,100033,324,100159,224,99986,224,100231,100,99985,100,100315,100,99984,100,100327,100,99983,100,100379,100,99972,100,100389,100,99969,100,100468,100,99955,200,100642,100,99954,100
2019-06-28 09:43:53.353600789,100140,228,100081,228,100155,224,100033,324,100159,224,99986,224,100231,100,99985,100,100315,100,99984,100,100327,100,99983,100,100379,100,99972,100,100389,100,99969,100,100468,100,99955,200,100642,100,99954,100
2019-06-28 09:44:00.000000000,100140,476,100081,476,100155,100,100033,200,100159,100,99986,100,100231,100,99985,100,100315,100,99984,100,100327,100,99983,100,100379,100,99972,100,100389,100,99969,100,100468,100,99955,200,100642,100,99954,100
2019-06-28 09:44:10.000000000,100140,194,100081,194,100155,194,100033,294,100159,194,99986,194,100231,194,99985,194,100315,100,99984,100,100327,100,99983,100,100379,100,99972,100,100389,100,99969,100,100468,100,99955,200,100642,100,99954,100
2019-06-28 09:44:20.000000000,100140,476,100081,476,100155,100,100033,200,100159,100,99986,100,100231,100,99985,100,100315,100,99984,100,100327,100,99983,100,100379,100,99972,100,100389,100,99969,100,100468,100,99955,200,100642,100,99954,100
2019-06-28 09:44:30.000000000,100140,476,100081,476,100155,100,100033,200,100159,100,99986,100,100231,100,99985,100,100315,100,99984,100,100327,100,99983,100,100379,100,99972,100,100389,100,99969,100,100468,100,99955,200,100642,100,99954,100
2019-06-28 09:44:30.780107768,100137,100,100081,476,100140,476,100033,200,100155,100,99986,100,100159,100,99985,100,100231,100,99984,100,100315,100,99983,100,100327,100,99972,100,100379,100,99969,100,100389,100,99955,200,100468,100,99954,100
2019-06-28 09:44:39.541366153,100137,100,100081,476,100140,476,100033,200,100155,100,99986,100,100159,100,99984,100,100231,100,99983,100,100315,100,99972,100,100327,100,99969,100,100379,100,99955,200,100389,100,99954,100,100468,100,99922,100
2019-06-28 09:44:40.000000000,100137,228,100081,228,100140,224,100033,324,100155,224,99986,224,100159,100,99984,100,100231,100,99983,100,100315,100,99972,100,100327,100,99969,100,100379,100,99955,200,100389,100,99954,100,100468,100,99922,100
2019-06-28 09:44:40.239135911,100137,228,100081,228,100140,224,100033,324,100155,224,99986,224,100159,100,99984,100,100231,100,99983,100,100315,100,99972,100,100327,100,99969,100,100379,100,99955,200,100389,100,99954,100,100468,100,99922,100
2019-06-28 09:44:50.000000000,100137,288,100081,288,100140,288,100033,388,100155,100,99986,100,100159,100,99984,100,100231,100,99983,100,100315,100,99972,100,100327,100,99969,100,100379,100,99955,200,100389,100,99954,100,100468,100,99922,100
2019-06-28 09:45:00.000000000,100137,476,100081,476,100140,100,100033,200,100155,100,99986,100,100159,100,99984,100,100231,100,99983,100,100315,100,99972,100,100327,100,99969,100,100379,100,99955,200,100389,100,99954,100,100468,100,99922,100
2019-06-28 09:45:10.000000000,100137,194,100081,194,100140,194,100033,294,100155,194,99986,194,100159,194,99984,194,100231,100,99983,100,100315,100,99972,100,100327,100,99969,100,100379,100,99955,200,100389,100,99954,100,100468,100,99922,100
2019-06-28 09:45:15.290559231,100137,194,100081,194,100140,194,100033,294,100155,194,99986,194,100159,194,99984,194,100231,100,99983,100,100315,100,99972,100,100327,100,99955,200,100379,100,99954,100,100389,100,99922,100,100468,100,99909,100
2019-06-28 09:45:20.000000000,100137,228,100081,228,100140,224,100033,324,100155,224,99986,224,100159,100,99984,100,100231,100,99983,100,100315,100,99972,100,100327,100,99955,200,100379,100,99954,100,100389,100,99922,100,100468,100,99909,100
2019-06-28 09:45:30.000000000,100137,476,100081,476,100140,100,100033,200,100155,100,99986,100,100159,100,99984,100,100231,100,99983,100,100315,100,99972,100,100327,100,99955,200,100379,100,99954,100,100389,100,99922,100,100468,100,99909,100
2019-06-28 09:45:40.000000000,100137,194,100081,194,100140,194,100033,294,100155,194,99986,194,100159,194,99984,194,100231,100,99983,100,100315,100,99972,100,100327,100,99955,200,100379,100,99954,100,100389,100,99922,100,100468,100,99909,100
2019-06-28 09:45:50.000000000,100137,194,100081,194,100140,194,100033,294,100155,194,99986,194,100159,194,99984,194,100231,100,99983,100,100315,100,99972,100,100327,100,99955,200,100379,100,99954,100,100389,100,99922,100,100468,100,99909,100
2019-06-28 09:46:00.000000000,100137,288,100081,288,100140,288,100033,388,100155,100,99986,100,100159,100,99984,100,100231,100,99983,100,100315,100,99972,100,100327,100,99955,200,100379,100,99954,100,100389,100,99922,100,100468,100,99909,100
2019-06-28 09:46:10.000000000,100137,175,100081,175,100140,175,100033,275,100155,175,99986,175,100159,175,99984,175,100231,175,99983,175,100315,100,99972,100,100327,100,99955,200,100379,100,99954,100,100389,100,99922,100,100468,100,99909,100
2019-06-28 09:46:20.000000000,100137,194,100081,194,100140,194,100033,294,100155,194,99986,194,100159,194,99984,194,100231,100,99983,100,100315,100,99972,100,100327,100,99955,200,100379,100,99954,100,100389,100,99922,100,100468,100,99909,100
2019-06-28 09:46:30.000000000,100137,288,100081,288,100140,288,100033,388,100155,100,99986,100,100159,100,99984,100,100231,100,99983,100,100315,100,99972,100,100327,100,99955,200,100379,100,99954,100,100389,100,99922,100,100468,100,99909,100
2019-06-28 09:46:30.759638989,100137,288,100081,288,100140,288,100033,388,100155,100,99986,100,100159,100,99984,100,100231,100,99983,100,100315,100,99972,100,100327,100,99955,200,100379,100,99954,100,100389,100,99922,100,100468,100,99909,100
2019-06-28 09:46:40.000000000,100137,175,100081,175,100140,175,100033,275,100155,175,99986,175,100159,175,99984,175,100231,175,99983,175,100315,100,99972,100,100327,100,99955,200,100379,100,99954,100,100389,100,99922,100,100468,100,99909,100
2019-06-28 09:46:48.438754034,100137,175,100081,175,100140,175,100033,275,100155,175,99986,175,100159,75,99984,175,100231,175,99983,175,100315,100,99972,100,100327,100,99955,200,100379,100,99954,100,100389,100,99922,100,100468,100,99909,100
2019-06-28 09:46:50.000000000,100137,175,100081,175,100140,175,100033,275,100155,175,99986,175,100231,175,99984,175,100315,175,99983,175,100327,100,99972,100,100379,100,99955,200,100389,100,99954,100,100468,100,99922,100,100642,100,99909,100
2019-06-28 09:46:51.608177236,100137,175,100081,75,100140,175,100033,275,100155,175,99986,175,100231,175,99984,175,100315,175,99983,175,100327,100,99972,100,100379,100,99955,200,100389,100,99954,100,100468,100,99922,100,100642,100,99909,100
2019-06-28 09:47:00.000000000,100137,228,100033,328,100140,224,99986,224,100155,224,99984,224,100231,100,99983,100,100315,100,99972,100,100327,100,99955,200,100379,100,99954,100,100389,100,99922,100,100468,100,99909,100,100642,100,99908,100
2019-06-28 09:47:10.000000000,100137,175,100033,275,100140,175,99986,175,100155,175,99984,175,100231,175,99983,175,100315,175,99972,175,100327,100,99955,200,100379,100,99954,100,100389,100,99922,100,100468,100,99909,100,100642,100,99908,100
2019-06-28 09:47:20.000000000,100137,228,100033,328,100140,224,99986,224,100155,224,99984,224,100231,100,99983,100,100315,100,99972,100,100327,100,99955,200,100379,100,99954,100,100389,100,99922,100,100468,100,99909,100,100642,100,99908,100
2019-06-28 09:47:21.199038186,100136,100,100033,328,100137,228,99986,224,100140,224,99984,224,100155,224,99983,100,100231,100,99972,100,100315,100,99955,200,100327,100,99954,100,100379,100,99922,100,100389,100,99909,100,100468,100,99908,100
2019-06-28 09:47:26.676211864,100136,100,100033,328,100137,228,99986,224,100140,224,99984,224,100155,224,99983,100,100211,100,99972,100,100231,100,99955,200,100315,100,99954,100,100327,100,99922,100,100379,100,99909,100,100389,100,99908,100
2019-06-28 09:47:30.000000000,100136,194,100033,294,100137,194,99986,194,100140,194,99984,194,100155,194,99983,194,100211,100,99972,100,100231,100,99955,200,100315,100,99954,100,100327,100,99922,100,100379,100,99909,100,100389,100,99908,100
2019-06-28 09:47:31.459114661,100136,94,100033,294,100137,194,99986,194,100140,194,99984,194,100155,194,99983,194,100211,100,99972,100,100231,100,99955,200,100315,100,99954,100,100327,100,99922,100,100379,100,99909,100,100389,100,99908,100
2019-06-28 09:47:40.000000000,100137,175,100033,275,100140,175,99986,175,100155,175,99984,175,100211,175,99983,175,100231,175,99972,175,100315,100,99955,200,100327,100,99954,100,100379,100,99922,100,100389,100,99909,100,100468,100,99908,100
2019-06-28 09:47:42.230989395,100136,100,100033,275,100137,175,99986,175,100140,175,99984,175,100155,175,99983,175,100211,175,99972,175,100231,175,99955,200,100315,100,99954,100,100327,100,99922,100,100379,100,99909,100,100389,100,99908,100
2019-06-28 09:47:49.762691632,100136,200,100033,275,100137,175,99986,75,100140,175,99984,175,100155,175,99983,175,100211,175,99972,175,100231,175,99955,200,100315,100,99954,100,100327,100,99922,100,100379,100,99909,100,100389,100,99908,100
2019-06-28 09:47:50.000000000,100136,275,100033,275,100137,175,99984,175,100140,175,99983,175,100155,175,99972,175,100211,175,99955,275,100231,100,99954,100,100315,100,99922,100,100327,100,99909,100,100379,100,99908,100,100389,100,99906,100
2019-06-28 09:47:56.387844432,100136,175,100082,100,100137,175,100033,275,100140,175,99984,175,100155,175,99983,175,100211,175,99972,175,100231,100,99955,275,100315,100,99954,100,100327,100,99922,100,100379,100,99909,100,100389,100,99908,100
2019-06-28 09:48:00.000000000,100136,175,100082,175,100137,175,100033,275,100140,175,99984,175,100155,175,99983,175,100211,175,99972,175,100231,100,99955,200,100315,100,99954,100,100327,100,99922,100,100379,100,99909,100,100389,100,99908,100
2019-06-28 09:48:00.678284696,100136,175,100126,100,100137,175,100082,175,100140,175,100033,275,100155,175,99984,175,100211,175,99983,175,100231,100,99972,175,100315,100,99955,200,100327,100,99954,100,100379,100,99922,100,100389,100,99909,100
2019-06-28 09:48:10.000000000,100136,476,100126,476,100137,100,100082,100,100140,100,100033,200,100155,100,99984,100,100211,100,99983,100,100231,100,99972,100,100315,100,99955,200,100327,100,99954,100,100379,100,99922,100,100389,100,99909,100
2019-06-28 09:48:20.000000000,100136,476,100126,476,100137,100,100082,100,100140,100,100033,200,100155,100,99984,100,100211,100,99983,100,100231,100,99972,100,100315,100,99955,200,100327,100,99954,100,100379,100,99922,100,100389,100,99909,100
2019-06-28 09:48:22.824158208,100136,476,100126,476,100137,100,100082,100,100140,100,100033,200,100155,100,99984,100,100211,100,99983,100,100231,100,99972,100,100315,100,99955,200,100327,100,99954,100,100379,100,99922,100,100389,100,99909,100
2019-06-28 09:48:26.532983094,100136,476,100126,376,100137,100,100082,100,100140,100,100033,200,100155,100,99984,100,100211,100,99983,100,100231,100,99972,100,100315,100,99955,200,100327,100,99954,100,100379,100,99922,100,100389,100,99909,100
2019-06-28 09:48:30.000000000,100136,175,100082,175,100137,175,100033,275,100140,175,99984,175,100155,175,99983,175,100211,175,99972,175,100231,100,99955,200,100315,100,99954,100,100327,100,99922,100,100379,100,99909,100,100389,100,99908,100
2019-06-28 09:48:40.000000000,100136,175,100082,175,100137,175,100033,275,100140,175,99984,175,100155,175,99983,175,100211,175,99972,175,100231,100,99955,200,100315,100,99954,100,100327,100,99922,100,100379,100,99909,100,100389,100,99908,100
2019-06-28 09:48:40.471095573,100136,275,100082,175,100137,175,100033,275,100140,175,99984,175,100155,175,99983,175,100211,175,99972,175,100231,100,99955,200,100315,100,99954,100,100327,100,99922,100,100379,100,99909,100,100389,100,99908,100
2019-06-28 09:48:50.000000000,100136,576,100082,476,100137,100,100033,200,100140,100,99984,100,100155,100,99983,100,100211,100,99972,100,100231,100,99955,200,100315,100,99954,100,100327,100,99922,100,100379,100,99909,100,100389,100,99908,100
2019-06-28 09:49:00.000000000,100136,388,100082,288,100137,288,100033,388,100140,100,99984,100,100155,100,99983,100,100211,100,99972,100,100231,100,99955,200,100315,100,99954,100,100327,100,99922,100,100379,100,99909,100,100389,100,99908,100
2019-06-28 09:49:10.000000000,100136,388,100082,288,100137,288,100033,388,100140,100,99984,100,100155,100,99983,100,100211,100,99972,100,100231,100,99955,200,100315,100,99954,100,100327,100,99922,100,100379,100,99909,100,100389,100,99908,100
2019-06-28 09:49:13.738947256,100136,288,100082,288,100137,288,100033,388,100140,100,99984,100,100155,100,99983,100,100211,100,99972,100,100231,100,99955,200,100315,100,99954,100,100327,100,99922,100,100379,100,99909,100,100389,100,99908,100
2019-06-28 09:49:20.000000000,100136,476,100082,476,100137,100,100033,200,100140,100,99984,100,100155,100,99983,100,100211,100,99972,100,100231,100,99955,200,100315,100,99954,100,100327,100,99922,100,100379,100,99909,100,100389,100,99908,100
2019-06-28 09:49:30.000000000,100136,175,100082,175,100137,175,100033,275,100140,175,99984,175,100155,175,99983,175,100211,175,99972,175,100231,100,99955,200,100315,100,99954,100,100327,100,99922,100,100379,100,99909,100,100389,100,99908,100
2019-06-28 09:49:40.000000000,100136,228,100082,228,100137,224,100033,324,100140,224,99984,224,100155,100,99983,100,100211,100,99972,100,100231,100,99955,200,100315,100,99954,100,100327,100,99922,100,100379,100,99909,100,100389,100,99908,100
2019-06-28 09:49:50.000000000,100136,175,100082,175,100137,175,100033,275,100140,175,99984,175,100155,175,99983,175,100211,175,99972,175,100231,100,99955,200,100315,100,99954,100,100327,100,99922,100,100379,100,99909,100,100389,100,99908,100
2019-06-28 09:49:54.728892924,100136,75,100082,175,100137,175,100033,275,100140,175,99984,175,100155,175,99983,175,100211,175,99972,175,100231,100,99955,200,100315,100,99954,100,100327,100,99922,100,100379,100,99909,100,100389,100,99908,100
2019-06-28 09:50:00.000000000,100137,288,100082,288,100140,288,100033,388,100155,100,99984,100,100211,100,99983,100,100231,100,99972,100,100315,100,99955,200,100327,100,99954,100,100379,100,99922,100,100389,100,99909,100,100468,100,99908,100
2019-06-28 09:50:10.000000000,100137,175,100082,175,100140,175,100033,275,100155,175,99984,175,100211,175,99983,175,100231,175,99972,175,100315,100,99955,200,100327,100,99954,100,100379,100,99922,100,100389,100,99909,100,100468,100,99908,100
2019-06-28 09:50:17.100237892,100137,175,100082,175,100140,175,100033,275,100155,175,99984,175,100211,175,99983,175,100231,175,99972,175,100315,100,99955,200,100327,100,99954,100,100379,100,99922,100,100389,100,99909,100,100468,100,99908,100
2019-06-28 09:50:20.000000000,100137,288,100082,288,100140,288,100033,388,100155,100,99984,100,100211,100,99983,100,100231,100,99972,100,100315,100,99955,200,100327,100,99954,100,100379,100,99922,100,100389,100,99909,100,100468,100,99908,100
2019-06-28 09:50:20.658537874,100137,188,100082,288,100140,288,100033,388,100155,100,99984,100,100211,100,99983,100,100231,100,99972,100,100315,100,99955,200,100327,100,99954,100,100379,100,99922,100,100389,100,99909,100,100468,100,99908,100
2019-06-28 09:50:30.000000000,100140,194,100082,194,100155,194,100033,294,100211,194,99984,194,100231,194,99983,194,100315,100,99972,100,100327,100,99955,200,100379,100,99954,100,100389,100,99922,100,100468,100,99909,100,100642,100,99908,100
2019-06-28 09:50:40.000000000,100140,175,100082,175,100155,175,100033,275,100211,175,99984,175,100231,175,99983,175,100315,175,99972,175,100327,100,99955,200,100379,100,99954,100,100389,100,99922,100,100468,100,99909,100,100642,100,99908,100
2019-06-28 09:50:40.493034196,100140,75,100082,175,100155,175,100033,275,100211,175,99984,175,100231,175,99983,175,100315,175,99972,175,100327,100,99955,200,100379,100,99954,100,100389,100,99922,100,100468,100,99909,100,100642,100,99908,100
2019-06-28 09:50:50.000000000,100155,476,100082,476,100211,100,100033,200,100231,100,99984,100,100315,100,99983,100,100327,100,99972,100,100379,100,99955,200,100389,100,99954,100,100468,100,99922,100,100642,100,99909,100,100705,100,99908,100
2019-06-28 09:51:00.000000000,100155,194,100082,194,100211,194,100033,294,100231,194,99984,194,100315,194,99983,194,100327,100,99972,100,100379,100,99955,200,100389,100,99954,100,100468,100,99922,100,100642,100,99909,100,100705,100,99908,100
2019-06-28 09:51:05.206811670,100155,194,100137,100,100211,194,100082,194,100231,194,100033,194,100315,194,99984,194,100327,100,99983,194,100379,100,99972,100,100389,100,99955,200,100468,100,99954,100,100642,100,99922,100,100705,100,99909,100
2019-06-28 09:51:10.000000000,100155,476,100137,476,100211,100,100082,100,100231,100,100033,100,100315,100,99984,100,100327,100,99983,100,100379,100,99972,100,100389,100,99955,200,100468,100,99954,100,100642,100,99922,100,100705,100,99909,100
2019-06-28 09:51:10.157894184,100155,476,100137,476,100211,100,100082,100,100231,100,100033,100,100315,100,99984,100,100327,100,99983,100,100379,100,99972,100,100389,100,99955,200,100468,100,99954,100,100608,100,99922,100,100642,100,99909,100
2019-06-28 09:51:15.061191903,100155,376,100137,476,100211,100,100082,100,100231,100,100033,100,100315,100,99984,100,100327,100,99983,100,100379,100,99972,100,100389,100,99955,200,100468,100,99922,100,100608,100,99909,100,100642,100,99908,100
2019-06-28 09:51:20.000000000,100211,194,100137,194,100231,194,100082,194,100315,194,100033,194,100327,194,99984,194,100379,100,99983,100,100389,100,99972,100,100468,100,99955,200,100608,100,99922,100,100642,100,99909,100,100705,100,99908,100
2019-06-28 09:51:30.000000000,100211,228,100137,228,100231,224,100082,224,100315,224,100033,224,100327,100,99984,100,100379,100,99983,100,100389,100,99972,100,100468,100,99955,200,100608,100,99922,100,100642,100,99909,100,100705,100,99908,100
2019-06-28 09:51:40.000000000,100211,194,100137,194,100231,194,100082,194,100315,194,100033,194,100327,194,99984,194,100379,100,99983,100,100389,100,99972,100,100468,100,99955,200,100608,100,99922,100,100642,100,99909,100,100705,100,99908,100
2019-06-28 09:51:50.000000000,100211,288,100137,288,100231,288,100082,288,100315,100,100033,100,100327,100,99984,100,100379,100,99983,100,100389,100,99972,100,100468,100,99955,200,100608,100,99922,100,100642,100,99909,100,100705,100,99908,100
2019-06-28 09:51:52.244874959,100211,188,100137,288,100231,288,100082,288,100315,100,100033,100,100327,100,99984,100,100379,100,99983,100,100389,100,99972,100,100468,100,99955,200,100608,100,99922,100,100642,100,99909,100,100705,100,99908,100
2019-06-28 09:51:56.245490066,100211,188,100137,288,100231,288,100082,288,100315,100,100033,100,100327,100,99984,100,100379,100,99983,100,100389,100,99972,100,100468,100,99955,200,100608,100,99922,100,100631,100,99909,100,100642,100,99908,100
2019-06-28 09:51:58.234816628,100211,88,100137,288,100231,288,100082,288,100315,100,100033,100,100327,100,99984,100,100379,100,99983,100,100389,100,99972,100,100468,100,99955,200,100608,100,99922,100,100631,100,99909,100,100642,100,99908,100
2019-06-28 09:52:00.000000000,100231,288,100137,288,100315,288,100082,288,100327,100,100033,100,100379,100,99984,100,100389,100,99983,100,100468,100,99972,100,100608,100,99955,200,100631,100,99922,100,100642,100,99909,100,100705,100,99908,100
2019-06-28 09:52:10.000000000,100231,194,100137,194,100315,194,100082,194,100327,194,100033,194,100379,194,99984,194,100389,100,99983,100,100468,100,99972,100,100608,100,99955,200,100631,100,99922,100,100642,100,99909,100,100705,100,99908,100
2019-06-28 09:52:20.000000000,100231,228,100137,228,100315,224,100082,224,100327,224,100033,224,100379,100,99984,100,100389,100,99983,100,100468,100,99972,100,100608,100,99955,200,100631,100,99922,100,100642,100,99909,100,100705,100,99908,100
2019-06-28 09:52:25.838273645,100231,128,100137,228,100315,224,100082,224,100327,224,100033,224,100379,100,99984,100,100389,100,99983,100,100468,100,99972,100,100608,100,99955,200,100631,100,99922,100,100642,100,99909,100,100705,100,99908,100
2019-06-28 09:52:30.000000000,100315,228,100137,228,100327,224,100082,224,100379,224,100033,224,100389,100,99984,100,100468,100,99983,100,100608,100,99972,100,100631,100,99955,200,100642,100,99922,100,100705,100,99909,100,100945,100,99908,100
2019-06-28 09:52:40.000000000,100315,228,100137,228,100327,224,100082,224,100379,224,100033,224,100389,100,99984,100,100468,100,99983,100,100608,100,99972,100,100631,100,99955,200,100642,100,99922,100,100705,100,99909,100,100945,100,99908,100
2019-06-28 09:52:50.000000000,100315,228,100137,228,100327,224,100082,224,100379,224,100033,224,100389,100,99984,100,100468,100,99983,100,100608,100,99972,100,100631,100,99955,200,100642,100,99922,100,100705,100,99909,100,100945,100,99908,100
2019-06-28 09:52:58.834342901,100315,128,100137,228,100327,224,100082,224,100379,224,100033,224,100389,100,99984,100,100468,100,99983,100,100608,100,99972,100,100631,100,99955,200,100642,100,99922,100,100705,100,99909,100,100945,100,99908,100
2019-06-28 09:53:00.000000000,100327,194,100137,194,100379,194,100082,194,100389,194,100033,194,100468,194,99984,194,100608,100,99983,100,100631,100,99972,100,100642,100,99955,200,100705,100,99922,100,100945,100,99909,100,101107,100,99908,100
2019-06-28 09:53:06.033209627,100327,194,100137,194,100379,194,100082,194,100389,194,100033,194,100468,194,99984,194,100608,100,99983,100,100631,100,99972,100,100642,100,99955,200,100705,100,99922,100,100945,100,99909,100,101107,100,99908,100
2019-06-28 09:53:10.000000000,100327,194,100137,194,100379,194,100082,194,100389,194,100033,194,100468,194,99984,194,100608,100,99983,100,100631,100,99972,100,100642,100,99955,200,100705,100,99922,100,100945,100,99909,100,101107,100,99908,100
2019-06-28 09:53:10.136406543,100327,94,100137,194,100379,194,100082,194,100389,194,100033,194,100468,194,99984,194,100608,100,99983,100,100631,100,99972,100,100642,100,99955,200,100705,100,99922,100,100945,100,99909,100,101107,100,99908,100
2019-06-28 09:53:20.000000000,100379,175,100137,175,100389,175,100082,175,100468,175,100033,175,100608,175,99984,175,100631,175,99983,175,100642,100,99972,100,100705,100,99955,200,100945,100,99922,100,101107,100,99909,100,101143,100,99908,100
2019-06-28 09:53:30.000000000,100379,175,100137,175,100389,175,100082,175,100468,175,100033,175,100608,175,99984,175,100631,175,99983,175,100642,100,99972,100,100705,100,99955,200,100945,100,99922,100,101107,100,99909,100,101143,100,99908,100
2019-06-28 09:53:40.000000000,100379,288,100137,288,100389,288,100082,288,100468,100,100033,100,100608,100,99984,100,100631,100,99983,100,100642,100,99972,100,100705,100,99955,200,100945,100,99922,100,101107,100,99909,100,101143,100,99908,100
2019-06-28 09:53:50.000000000,100379,194,100137,194,100389,194,100082,194,100468,194,100033,194,100608,194,99984,194,100631,100,99983,100,100642,100,99972,100,100705,100,99955,200,100945,100,99922,100,101107,100,99909,100,101143,100,99908,100
2019-06-28 09:53:54.284018900,100379,194,100137,194,100389,194,100082,194,100468,194,100033,194,100572,100,99984,194,100608,194,99983,100,100631,100,99972,100,100642,100,99955,200,100705,100,99922,100,100945,100,99909,100,101107,100,99908,100
2019-06-28 09:53:58.817682213,100379,194,100231,100,100389,194,100137,194,100468,194,100082,194,100572,100,100033,194,100608,194,99984,194,100631,100,99983,100,100642,100,99972,100,100705,100,99955,200,100945,100,99922,100,101107,100,99909,100
2019-06-28 09:54:00.000000000,100379,288,100231,288,100389,288,100137,288,100468,100,100082,100,100572,100,100033,100,100608,100,99984,100,100631,100,99983,100,100642,100,99972,100,100705,100,99955,200,100945,100,99922,100,101107,100,99909,100
2019-06-28 09:54:10.000000000,100379,228,100231,228,100389,224,100137,224,100468,224,100082,224,100572,100,100033,100,100608,100,99984,100,100631,100,99983,100,100642,100,99972,100,100705,100,99955,200,100945,100,99922,100,101107,100,99909,100
2019-06-28 09:54:10.088906358,100379,128,100231,228,100389,224,100137,224,100468,224,100082,224,100572,100,100033,100,100608,100,99984,100,100631,100,99983,100,100642,100,99972,100,100705,100,99955,200,100945,100,99922,100,101107,100,99909,100
2019-06-28 09:54:17.980522343,100379,128,100371,100,100389,224,100231,228,100468,224,100137,224,100572,100,100082,224,100608,100,100033,100,100631,100,99984,100,100642,100,99983,100,100705,100,99972,100,100945,100,99955,200,101107,100,99922,100
2019-06-28 09:54:20.000000000,100389,476,100371,476,100468,100,100231,100,100572,100,100137,100,100608,100,100082,100,100631,100,100033,100,100642,100,99984,100,100705,100,99983,100,100945,100,99972,100,101107,100,99955,200,101143,100,99922,100
2019-06-28 09:54:29.833614514,100389,476,100371,476,100468,100,100315,100,100572,100,100231,100,100608,100,100137,100,100631,100,100082,100,100642,100,100033,100,100705,100,99984,100,100945,100,99983,100,101107,100,99972,100,101143,100,99955,200
2019-06-28 09:54:30.000000000,100389,175,100371,175,100468,175,100315,175,100572,175,100231,175,100608,175,100137,175,100631,175,100082,175,100642,100,100033,100,100705,100,99984,100,100945,100,99983,100,101107,100,99972,100,101143,100,99955,200
2019-06-28 09:54:40.000000000,100389,194,100371,194,100468,194,100315,194,100572,194,100231,194,100608,194,100137,194,100631,100,100082,100,100642,100,100033,100,100705,100,99984,100,100945,100,99983,100,101107,100,99972,100,101143,100,99955,200
2019-06-28 09:54:43.838663402,100389,94,100371,194,100468,194,100315,194,100572,194,100231,194,100608,194,100137,194,100631,100,100082,100,100642,100,100033,100,100705,100,99984,100,100945,100,99983,100,101107,100,99972,100,101143,100,99955,200
2019-06-28 09:54:50.000000000,100468,194,100371,194,100572,194,100315,194,100608,194,100231,194,100631,194,100137,194,100642,100,100082,100,100705,100,100033,100,100945,100,99984,100,101107,100,99983,100,101143,100,99972,100,101182,100,99955,200
2019-06-28 09:55:00.000000000,100468,228,100371,228,100572,224,100315,224,100608,224,100231,224,100631,100,100137,100,100642,100,100082,100,100705,100,100033,100,100945,100,99984,100,101107,100,99983,100,101143,100,99972,100,101182,100,99955,200
2019-06-28 09:55:10.000000000,100468,175,100371,175,100572,175,100315,175,100608,175,100231,175,100631,175,100137,175,100642,175,100082,175,100705,100,100033,100,100945,100,99984,100,101107,100,99983,100,101143,100,99972,100,101182,100,99955,200
2019-06-28 09:55:14.079483464,100468,175,100371,175,100572,175,100315,175,100608,175,100231,175,100631,175,100137,175,100642,175,100082,175,100705,100,100033,100,100772,100,99984,100,100945,100,99983,100,101107,100,99972,100,101143,100,99955,200
2019-06-28 09:55:20.000000000,100468,288,100371,288,100572,288,100315,288,100608,100,100231,100,100631,100,100137,100,100642,100,100082,100,100705,100,100033,100,100772,100,99984,100,100945,100,99983,100,101107,100,99972,100,101143,100,99955,200
2019-06-28 09:55:30.000000000,100468,228,100371,228,100572,224,100315,224,100608,224,100231,224,100631,100,100137,100,100642,100,100082,100,100705,100,100033,100,100772,100,99984,100,100945,100,99983,100,101107,100,99972,100,101143,100,99955,200
2019-06-28 09:55:40.000000000,100468,288,100371,288,100572,288,100315,288,100608,100,100231,100,100631,100,100137,100,100642,100,100082,100,100705,100,100033,100,100772,100,99984,100,100945,100,99983,100,101107,100,99972,100,101143,100,99955,200
2019-06-28 09:55:50.000000000,100468,194,100371,194,100572,194,100315,194,100608,194,100231,194,100631,194,100137,194,100642,100,100082,100,100705,100,100033,100,100772,100,99984,100,100945,100,99983,100,101107,100,99972,100,101143,100,99955,200
2019-06-28 09:55:52.734753345,100468,94,100371,194,100572,194,100315,194,100608,194,100231,194,100631,194,100137,194,100642,100,100082,100,100705,100,100033,100,100772,100,99984,100,100945,100,99983,100,101107,100,99972,100,101143,100,99955,200
2019-06-28 09:56:00.000000000,100572,228,100371,228,100608,224,100315,224,100631,224,100231,224,100642,100,100137,100,100705,100,100082,100,100772,100,100033,100,100945,100,99984,100,101107,100,99983,100,101143,100,99972,100,101182,100,99955,200
2019-06-28 09:56:10.000000000,100572,476,100371,476,100608,100,100315,100,100631,100,100231,100,100642,100,100137,100,100705,100,100082,100,100772,100,100033,100,100945,100,99984,100,101107,100,99983,100,101143,100,99972,100,101182,100,99955,200
2019-06-28 09:56:17.077592413,100572,476,100435,100,100608,100,100371,476,100631,100,100315,100,100642,100,100231,100,100705,100,100137,100,100772,100,100082,100,101107,100,100033,100,101143,100,99984,100,101182,100,99983,100,,,99972,100
2019-06-28 09:56:20.000000000,100572,228,100435,228,100608,224,100371,224,100631,224,100315,224,100642,100,100231,100,100705,100,100137,100,100772,100,100082,100,101107,100,100033,100,101143,100,99984,100,101182,100,99983,100,,,99972,100
2019-06-28 09:56:30.000000000,100572,476,100435,476,100608,100,100371,100,100631,100,100315,100,100642,100,100231,100,100705,100,100137,100,100772,100,100082,100,101107,100,100033,100,101143,100,99984,100,101182,100,99983,100,,,99972,100
2019-06-28 09:56:33.830023704,100572,476,100532,100,100608,100,100435,476,100631,100,100371,100,100642,100,100315,100,100705,100,100231,100,100772,100,100137,100,101143,100,100082,100,101182,100,100033,100,,,99984,100,,,99983,100
2019-06-28 09:56:34.817209543,100572,476,100532,100,100608,100,100435,476,100631,100,100389,100,100642,100,100371,100,100705,100,100315,100,100772,100,100231,100,101143,100,100137,100,101182,100,100082,100,,,100033,100,,,99984,100
2019-06-28 09:56:38.370219607,100572,476,100532,100,100631,100,100435,476,100642,100,100389,100,100705,100,100371,100,100772,100,100315,100,101022,100,100231,100,101143,100,100137,100,101182,100,100082,100,,,100033,100,,,99984,100
2019-06-28 09:56:40.000000000,100572,476,100532,476,100631,100,100435,100,100642,100,100389,100,100705,100,100371,100,100772,100,100315,100,101022,100,100231,100,101143,100,100137,100,101182,100,100082,100,,,100033,100,,,99984,100
2019-06-28 09:56:43.487236753,100572,376,100532,476,100631,100,100435,100,100642,100,100389,100,100705,100,100371,100,100772,100,100315,100,101022,100,100231,100,101143,100,100137,100,101182,100,100082,100,,,100033,100,,,99984,100
2019-06-28 09:56:50.000000000,100631,194,100532,194,100642,194,100435,194,100705,194,100389,194,100772,194,100371,194,101022,100,100315,100,101143,100,100231,100,101182,100,100137,100,,,100082,100,,,100033,100,,,99984,100
2019-06-28 09:56:50.002207736,100631,194,100533,100,100642,194,100532,194,100705,194,100435,194,100772,194,100389,194,101022,100,100371,194,101143,100,100315,100,101182,100,100231,100,,,100137,100,,,100082,100,,,100033,100
2019-06-28 09:57:00.000000000,100631,194,100533,194,100642,194,100532,194,100705,194,100435,194,100772,194,100389,194,101022,100,100371,100,101143,100,100315,100,101182,100,100231,100,,,100137,100,,,100082,100,,,100033,100
2019-06-28 09:57:08.482201571,100631,194,100533,194,100642,194,100532,194,100705,194,100435,194,100772,194,100389,194,100973,100,100371,100,101022,100,100315,100,101143,100,100231,100,101182,100,100137,100,,,100082,100,,,100033,100
2019-06-28 09:57:09.760843537,100631,94,100533,194,100642,194,100532,194,100705,194,100435,194,100772,194,100389,194,100973,100,100371,100,101022,100,100315,100,101143,100,100231,100,101182,100,100137,100,,,100082,100,,,100033,100
2019-06-28 09:57:10.000000000,100642,288,100533,288,100705,288,100532,288,100772,100,100435,100,100973,100,100389,100,101022,100,100371,100,101143,100,100315,100,101182,100,100231,100,,,100137,100,,,100082,100,,,100033,100
2019-06-28 09:57:13.273061569,100642,188,100533,288,100705,288,100532,288,100772,100,100435,100,100973,100,100389,100,101022,100,100371,100,101143,100,100315,100,101182,100,100231,100,,,100137,100,,,100082,100,,,100033,100
2019-06-28 09:57:20.000000000,100705,175,100533,175,100772,175,100532,175,100973,175,100435,175,101022,175,100389,175,101143,175,100371,175,101182,100,100315,100,,,100231,100,,,100137,100,,,100082,100,,,100033,100
2019-06-28 09:57:30.000000000,100705,175,100533,175,100772,175,100532,175,100973,175,100435,175,101022,175,100389,175,101143,175,100371,175,101182,100,100315,100,,,100231,100,,,100137,100,,,100082,100,,,100033,100
2019-06-28 09:57:36.044841073,100705,75,100533,175,100772,175,100532,175,100973,175,100435,175,101022,175,100389,175,101143,175,100371,175,101182,100,100315,100,,,100231,100,,,100137,100,,,100082,100,,,100033,100
2019-06-28 09:57:40.000000000,100772,175,100533,175,100973,175,100532,175,101022,175,100435,175,101143,175,100389,175,101182,175,100371,175,,,100315,100,,,100231,100,,,100137,100,,,100082,100,,,100033,100
2019-06-28 09:57:45.286378348,100772,75,100533,175,100973,175,100532,175,101022,175,100435,175,101143,175,100389,175,101182,175,100371,175,,,100315,100,,,100231,100,,,100137,100,,,100082,100,,,100033,100
2019-06-28 09:57:50.000000000,100973,175,100533,175,101022,175,100532,175,101143,175,100435,175,101182,175,100389,175,101183,75,100371,175,,,100315,100,,,100231,100,,,100137,100,,,100082,100,,,100033,100
2019-06-28 09:58:00.000000000,100973,476,100533,476,101022,100,100532,100,101143,100,100435,100,101182,100,100389,100,,,100371,100,,,100315,100,,,100231,100,,,100137,100,,,100082,100,,,100033,100
2019-06-28 09:58:05.346365995,100973,476,100533,476,101022,100,100532,100,101143,100,100449,100,101182,100,100435,100,,,100389,100,,,100371,100,,,100315,100,,,100231,100,,,100137,100,,,100082,100
2019-06-28 09:58:10.000000000,100973,288,100533,288,101022,288,100532,288,101143,100,100449,100,101182,100,100435,100,,,100389,100,,,100371,100,,,100315,100,,,100231,100,,,100137,100,,,100082,100
2019-06-28 09:58:20.000000000,100973,288,100533,288,101022,288,100532,288,101143,100,100449,100,101182,100,100435,100,,,100389,100,,,100371,100,,,100315,100,,,100231,100,,,100137,100,,,100082,100
2019-06-28 09:58:28.027857475,100973,288,100533,188,101022,288,100532,188,101143,100,100449,100,101182,100,100435,100,,,100389,100,,,100371,100,,,100315,100,,,100231,100,,,100137,100,,,100082,100
2019-06-28 09:58:29.226240030,100661,100,100533,188,100973,288,100532,188,101022,288,100449,100,101143,100,100435,100,101182,100,100389,100,,,100371,100,,,100315,100,,,100231,100,,,100137,100,,,100082,100
2019-06-28 09:58:30.000000000,100661,288,100449,288,100973,288,100435,288,101022,100,100389,100,101143,100,100371,100,101182,100,100315,100,,,100231,100,,,100137,100,,,100082,100,,,100033,100,,,99984,100
2019-06-28 09:58:40.000000000,100661,194,100449,194,100973,194,100435,194,101022,194,100389,194,101143,194,100371,194,101182,100,100315,100,,,100231,100,,,100137,100,,,100082,100,,,100033,100,,,99984,100
2019-06-28 09:58:42.828599501,100661,194,100449,194,100973,194,100435,94,101022,194,100389,194,101143,194,100382,100,101182,100,100371,194,,,100315,100,,,100231,100,,,100137,100,,,100082,100,,,100033,100
2019-06-28 09:58:47.920460349,100661,194,100449,94,100973,194,100435,94,101022,194,100389,194,101143,194,100382,100,101182,100,100371,194,,,100315,100,,,100231,100,,,100137,100,,,100082,100,,,100033,100
2019-06-28 09:58:50.000000000,100661,476,100389,476,100973,100,100382,100,101022,100,100371,100,101143,100,100315,100,101182,100,100231,100,,,100137,100,,,100082,100,,,100033,100,,,99984,100,,,99983,100
2019-06-28 09:58:50.700274620,100661,476,100389,476,100973,100,100382,100,101143,100,100371,100,101182,100,100315,100,,,100231,100,,,100158,100,,,100137,100,,,100082,100,,,100033,100,,,99984,100
2019-06-28 09:59:00.000000000,100661,288,100389,288,100973,288,100382,288,101143,100,100371,100,101182,100,100315,100,,,100231,100,,,100158,100,,,100137,100,,,100082,100,,,100033,100,,,99984,100
2019-06-28 09:59:10.000000000,100661,228,100389,228,100973,224,100382,224,101143,224,100371,224,101182,100,100315,100,,,100231,100,,,100158,100,,,100137,100,,,100082,100,,,100033,100,,,99984,100
2019-06-28 09:59:20.000000000,100661,194,100389,194,100973,194,100382,194,101143,194,100371,194,101182,194,100315,194,,,100231,100,,,100158,100,,,100137,100,,,100082,100,,,100033,100,,,99984,100
2019-06-28 09:59:30.000000000,100661,288,100389,288,100973,288,100382,288,101143,100,100371,100,101182,100,100315,100,,,100231,100,,,100158,100,,,100137,100,,,100082,100,,,100033,100,,,99984,100
2019-06-28 09:59:40.000000000,100661,476,100389,476,100973,100,100382,100,101143,100,100371,100,101182,100,100315,100,,,100231,100,,,100158,100,,,100137,100,,,100082,100,,,100033,100,,,99984,100
2019-06-28 09:59:47.659104414,100533,100,100389,476,100661,476,100382,100,100973,100,100371,100,101143,100,100231,100,101182,100,100158,100,,,100137,100,,,100082,100,,,100033,100,,,99984,100,,,99983,100
2019-06-28 09:59:50.000000000,100533,228,100389,228,100661,224,100382,224,100973,224,100371,224,101143,100,100231,100,101182,100,100158,100,,,100137,100,,,100082,100,,,100033,100,,,99984,100,,,99983,100
2019-06-28 10:00:00.000000000,100533,194,100389,194,100661,194,100382,194,100973,194,100371,194,101143,194,100231,194,101182,100,100158,100,,,100137,100,,,100082,100,,,100033,100,,,99984,100,,,99983,100
2019-06-28 10:00:10.000000000,100533,476,100389,476,100661,100,100382,100,100973,100,100371,100,101143,100,100231,100,101182,100,100158,100,,,100137,100,,,100082,100,,,100033,100,,,99984,100,,,99983,100
2019-06-28 10:00:10.106284458,100533,476,100389,476,100661,100,100382,100,100973,100,100371,100,101143,100,100231,100,101182,100,100158,100,,,100137,100,,,100082,100,,,100033,100,,,99984,100,,,99983,100
2019-06-28 10:00:12.945620461,100533,576,100389,476,100661,100,100382,100,100973,100,100371,100,101143,100,100231,100,101182,100,100158,100,,,100137,100,,,100082,100,,,100033,100,,,99984,100,,,99983,100
2019-06-28 10:00:20.000000000,100533,275,100389,175,100661,175,100382,175,100973,175,100371,175,101143,175,100231,175,101182,175,100158,175,,,100137,100,,,100082,100,,,100033,100,,,99984,100,,,99983,100
2019-06-28 10:00:22.653851725,100533,375,100389,175,100661,175,100382,175,100973,175,100371,175,101143,175,100231,175,101182,175,100158,175,,,100137,100,,,100082,100,,,100033,100,,,99984,100,,,99983,100
2019-06-28 10:00:30.000000000,100533,676,100389,476,100661,100,100382,100,100973,100,100371,100,101143,100,100231,100,101182,100,100158,100,,,100137,100,,,100082,100,,,100033,100,,,99984,100,,,99983,100
2019-06-28 10:00:40.000000000,100533,488,100389,288,100661,288,100382,288,100973,100,100371,100,101143,100,100231,100,101182,100,100158,100,,,100137,100,,,100082,100,,,100033,100,,,99984,100,,,99983,100
2019-06-28 10:00:45.265030990,100533,488,100389,188,100661,288,100382,288,100973,100,100371,100,101143,100,100231,100,,,100158,100,,,100137,100,,,100082,100,,,100033,100,,,99984,100,,,99983,100
2019-06-28 10:00:50.000000000,100533,394,100382,194,100661,194,100371,194,100973,194,100231,194,101143,194,100158,194,,,100137,100,,,100082,100,,,100033,100,,,99984,100,,,99983,100,,,99955,100
2019-06-28 10:00:57.404688733,100533,394,100382,94,100661,194,100371,194,100973,194,100231,194,101143,194,100158,194,,,100137,100,,,100082,100,,,100033,100,,,99984,100,,,99983,100,,,99955,100
2019-06-28 10:01:00.000000000,100533,488,100371,288,100661,288,100231,288,100973,100,100158,100,101143,100,100137,100,,,100082,100,,,100033,100,,,99984,100,,,99983,100,,,99955,100,,,99906,100
2019-06-28 10:01:03.727376826,100533,488,100371,288,100661,288,100231,288,100973,100,100158,100,101143,100,100137,100,,,100082,100,,,100033,100,,,99984,100,,,99983,100,,,99955,100,,,99906,100
2019-06-28 10:01:07.809898035,100533,488,100371,288,100661,288,100231,288,100973,100,100158,100,101143,100,100137,100,,,100082,100,,,100033,100,,,99984,100,,,99983,100,,,99972,100,,,99955,100
2019-06-28 10:01:10.000000000,100533,488,100371,288,100661,288,100231,288,100973,100,100158,100,101143,100,100137,100,,,100082,100,,,100033,100,,,99984,100,,,99983,100,,,99972,100,,,99955,100
2019-06-28 10:01:18.367049456,100533,488,100371,188,100661,288,100231,288,100973,100,100158,100,101143,100,100137,100,,,100082,100,,,100033,100,,,99984,100,,,99983,100,,,99972,100,,,99955,100
2019-06-28 10:01:20.000000000,100533,394,100231,194,100661,194,100158,194,100973,194,100137,194,101143,194,100082,194,,,100033,100,,,99984,100,,,99983,100,,,99972,100,,,99955,100,,,99906,100
2019-06-28 10:01:30.000000000,100533,428,100231,228,100661,224,100158,224,100973,224,100137,224,101143,100,100082,100,,,100033,100,,,99984,100,,,99983,100,,,99972,100,,,99955,100,,,99906,100
2019-06-28 10:01:40.000000000,100533,394,100231,194,100661,194,100158,194,100973,194,100137,194,101143,194,100082,194,,,100033,100,,,99984,100,,,99983,100,,,99972,100,,,99955,100,,,99906,100
2019-06-28 10:01:43.392300726,100382,100,100231,194,100533,394,100158,194,100661,194,100137,194,100973,194,100082,194,101143,194,100033,100,,,99984,100,,,99983,100,,,99972,100,,,99955,100,,,99906,100
2019-06-28 10:01:50.000000000,100382,476,100231,476,100533,300,100158,100,100661,100,100137,100,100973,100,100082,100,101143,100,100033,100,,,99984,100,,,99983,100,,,99972,100,,,99955,100,,,99906,100
2019-06-28 10:02:00.000000000,100382,476,100231,476,100533,300,100158,100,100661,100,100137,100,100973,100,100082,100,101143,100,100033,100,,,99984,100,,,99983,100,,,99972,100,,,99955,100,,,99906,100
2019-06-28 10:02:04.709214122,100382,576,100231,476,100533,300,100158,100,100661,100,100137,100,100973,100,100082,100,101143,100,100033,100,,,99984,100,,,99983,100,,,99972,100,,,99955,100,,,99906,100
2019-06-28 10:02:10.000000000,100382,328,100231,228,100533,424,100158,224,100661,224,100137,224,100973,100,100082,100,101143,100,100033,100,,,99984,100,,,99983,100,,,99972,100,,,99955,100,,,99906,100
2019-06-28 10:02:20.000000000,100382,388,100231,288,100533,488,100158,288,100661,100,100137,100,100973,100,100082,100,101143,100,100033,100,,,99984,100,,,99983,100,,,99972,100,,,99955,100,,,99906,100
2019-06-28 10:02:28.772589941,100382,388,100231,188,100533,488,100158,288,100661,100,100137,100,100973,100,100082,100,101143,100,100033,100,,,99984,100,,,99983,100,,,99972,100,,,99955,100,,,99906,100
2019-06-28 10:02:30.000000000,100382,388,100158,288,100533,488,100137,288,100661,100,100082,100,100973,100,100033,100,101143,100,99984,100,,,99983,100,,,99972,100,,,99955,100,,,99906,100,,,99903,100
2019-06-28 10:02:40.000000000,100382,275,100158,175,100533,375,100137,175,100661,175,100082,175,100973,175,100033,175,101143,175,99984,175,,,99983,100,,,99972,100,,,99955,100,,,99906,100,,,99903,100
2019-06-28 10:02:47.350975842,100382,175,100158,175,100533,375,100137,175,100661,175,100082,175,100973,175,100033,175,101143,175,99984,175,,,99983,100,,,99972,100,,,99955,100,,,99906,100,,,99903,100
2019-06-28 10:02:50.000000000,100382,228,100158,228,100533,424,100137,224,100661,224,100082,224,100973,100,100033,100,101143,100,99984,100,,,99983,100,,,99972,100,,,99955,100,,,99906,100,,,99903,100
2019-06-28 10:03:00.000000000,100382,228,100158,228,100533,424,100137,224,100661,224,100082,224,100973,100,100033,100,101143,100,99984,100,,,99983,100,,,99972,100,,,99955,100,,,99906,100,,,99903,100
2019-06-28 10:03:10.000000000,100382,194,100158,194,100533,394,100137,194,100661,194,100082,194,100973,194,100033,194,101143,100,99984,100,,,99983,100,,,99972,100,,,99955,100,,,99906,100,,,99903,100
2019-06-28 10:03:20.000000000,100382,288,100158,288,100533,488,100137,288,100661,100,100082,100,100973,100,100033,100,101143,100,99984,100,,,99983,100,,,99972,100,,,99955,100,,,99906,100,,,99903,100
2019-06-28 10:03:22.432077602,100382,288,100158,88,100533,488,100137,288,100661,100,100082,100,100973,100,100033,100,101143,100,99984,100,,,99983,100,,,99972,100,,,99955,100,,,99906,100,,,99903,100
2019-06-28 10:03:30.000000000,100382,288,100137,288,100533,488,100082,288,100661,100,100033,100,100973,100,99984,100,101143,100,99983,100,,,99972,100,,,99955,100,,,99906,100,,,99903,100,,,99838,100
2019-06-28 10:03:40.000000000,100382,228,100137,228,100533,424,100082,224,100661,224,100033,224,100973,100,99984,100,101143,100,99983,100,,,99972,100,,,99955,100,,,99906,100,,,99903,100,,,99838,100
2019-06-28 10:03:44.920511171,100382,228,100137,228,100533,424,100082,224,100661,224,100033,224,100973,100,99984,100,101143,100,99983,100,,,99972,100,,,99955,100,,,99906,100,,,99903,100,,,99852,100
2019-06-28 10:03:50.000000000,100382,194,100137,194,100533,394,100082,194,100661,194,100033,194,100973,194,99984,194,101143,100,99983,100,,,99972,100,,,99955,100,,,99906,100,,,99903,100,,,99852,100
2019-06-28 10:04:00.000000000,100382,228,100137,228,100533,424,100082,224,100661,224,100033,224,100973,100,99984,100,101143,100,99983,100,,,99972,100,,,99955,100,,,99906,100,,,99903,100,,,99852,100
2019-06-28 10:04:10.000000000,100382,288,100137,288,100533,488,100082,288,100661,100,100033,100,100973,100,99984,100,101143,100,99983,100,,,99972,100,,,99955,100,,,99906,100,,,99903,100,,,99852,100
2019-06-28 10:04:20.000000000,100382,175,100137,175,100533,375,100082,175,100661,175,100033,175,100973,175,99984,175,101143,175,99983,175,,,99972,100,,,99955,100,,,99906,100,,,99903,100,,,99852,100
2019-06-28 10:04:21.474760478,100382,175,100372,100,100533,375,100137,175,100661,175,100082,175,100973,175,100033,75,101143,175,99984,175,,,99983,175,,,99972,100,,,99955,100,,,99906,100,,,99903,100
2019-06-28 10:04:23.756593237,100382,175,100372,100,100533,375,100137,175,100619,100,100082,175,100661,175,100033,75,100973,175,99984,175,101143,175,99983,175,,,99972,100,,,99955,100,,,99906,100,,,99903,100
2019-06-28 10:04:30.000000000,100382,288,100372,288,100533,488,100137,288,100619,100,100082,100,100661,100,99984,100,100973,100,99983,100,101143,100,99972,100,,,99955,100,,,99906,100,,,99903,100,,,99852,100
2019-06-28 10:04:40.000000000,100382,194,100372,194,100533,394,100137,194,100619,194,100082,194,100661,194,99984,194,100973,100,99983,100,101143,100,99972,100,,,99955,100,,,99906,100,,,99903,100,,,99852,100
2019-06-28 10:04:50.000000000,100382,194,100372,194,100533,394,100137,194,100619,194,100082,194,100661,194,99984,194,100973,100,99983,100,101143,100,99972,100,,,99955,100,,,99906,100,,,99903,100,,,99852,100
2019-06-28 10:05:00.000000000,100382,175,100372,175,100533,375,100137,175,100619,175,100082,175,100661,175,99984,175,100973,175,99983,175,101143,100,99972,100,,,99955,100,,,99906,100,,,99903,100,,,99852,100
2019-06-28 10:05:00.760233417,100382,175,100372,175,100533,375,100159,100,100619,175,100137,175,100661,175,100082,175,100973,175,99984,175,101143,100,99983,175,,,99972,100,,,99955,100,,,99906,100,,,99903,100
2019-06-28 10:05:10.000000000,100382,476,100372,476,100533,300,100159,100,100619,100,100137,100,100661,100,100082,100,100973,100,99984,100,101143,100,99983,100,,,99972,100,,,99955,100,,,99906,100,,,99903,100
2019-06-28 10:05:15.892067719,100382,476,100372,476,100419,100,100159,100,100533,300,100137,100,100619,100,100082,100,100661,100,99984,100,100973,100,99983,100,101143,100,99972,100,,,99955,100,,,99906,100,,,99903,100
2019-06-28 10:05:17.856907243,100382,376,100372,476,100419,100,100159,100,100533,300,100137,100,100619,100,100082,100,100661,100,99984,100,100973,100,99972,100,101143,100,99955,100,,,99906,100,,,99903,100,,,99852,100
2019-06-28 10:05:20.000000000,100419,194,100372,194,100533,394,100159,194,100619,194,100137,194,100661,194,100082,194,100973,100,99984,100,101143,100,99972,100,,,99955,100,,,99906,100,,,99903,100,,,99852,100
2019-06-28 10:05:23.336802533,100419,194,100372,194,100533,394,100346,100,100619,194,100159,194,100661,194,100137,194,100973,100,100082,194,101143,100,99984,100,,,99972,100,,,99955,100,,,99906,100,,,99903,100
2019-06-28 10:05:30.000000000,100419,288,100372,288,100533,488,100346,288,100619,100,100159,100,100661,100,100137,100,100973,100,100082,100,101143,100,99984,100,,,99972,100,,,99955,100,,,99906,100,,,99903,100
2019-06-28 10:05:40.000000000,100419,288,100372,288,100533,488,100346,288,100619,100,100159,100,100661,100,100137,100,100973,100,100082,100,101143,100,99984,100,,,99972,100,,,99955,100,,,99906,100,,,99903,100
2019-06-28 10:05:50.000000000,100419,194,100372,194,100533,394,100346,194,100619,194,100159,194,100661,194,100137,194,100973,100,100082,100,101143,100,99984,100,,,99972,100,,,99955,100,,,99906,100,,,99903,100
2019-06-28 10:06:00.000000000,100419,228,100372,228,100533,424,100346,224,100619,224,100159,224,100661,100,100137,100,100973,100,100082,100,101143,100,99984,100,,,99972,100,,,99955,100,,,99906,100,,,99903,100
2019-06-28 10:06:10.000000000,100419,228,100372,228,100533,424,100346,224,100619,224,100159,224,100661,100,100137,100,100973,100,100082,100,101143,100,99984,100,,,99972,100,,,99955,100,,,99906,100,,,99903,100
2019-06-28 10:06:15.345371775,100419,128,100372,228,100533,424,100346,224,100619,224,100159,224,100661,100,100137,100,101143,100,100082,100,,,99984,100,,,99972,100,,,99955,100,,,99906,100,,,99903,100
2019-06-28 10:06:20.000000000,100533,488,100372,288,100619,288,100346,288,100661,100,100159,100,101143,100,100137,100,,,100082,100,,,99984,100,,,99972,100,,,99955,100,,,99906,100,,,99903,100
2019-06-28 10:06:30.000000000,100533,394,100372,194,100619,194,100346,194,100661,194,100159,194,101143,194,100137,194,,,100082,100,,,99984,100,,,99972,100,,,99955,100,,,99906,100,,,99903,100
2019-06-28 10:06:30.507890595,100533,394,100372,194,100619,194,100346,194,100661,194,100159,194,100668,100,100137,194,101143,194,100082,100,,,99984,100,,,99972,100,,,99955,100,,,99906,100,,,99903,100
2019-06-28 10:06:34.874072344,100533,394,100372,194,100619,194,100346,194,100661,194,100159,194,100668,100,100137,194,100678,100,100082,100,101143,194,99984,100,,,99972,100,,,99955,100,,,99906,100,,,99903,100
2019-06-28 10:06:40.000000000,100533,394,100372,194,100619,194,100346,194,100661,194,100159,194,100668,194,100137,194,100678,100,100082,100,101143,100,99984,100,,,99972,100,,,99955,100,,,99906,100,,,99903,100
2019-06-28 10:06:50.000000000,100533,394,100372,194,100619,194,100346,194,100661,194,100159,194,100668,194,100137,194,100678,100,100082,100,101143,100,99984,100,,,99972,100,,,99955,100,,,99906,100,,,99903,100
2019-06-28 10:07:00.000000000,100533,488,100372,288,100619,288,100346,288,100661,100,100159,100,100668,100,100137,100,100678,100,100082,100,101143,100,99984,100,,,99972,100,,,99955,100,,,99906,100,,,99903,100
2019-06-28 10:07:00.477591162,100533,488,100372,288,100619,288,100346,288,100661,100,100159,100,100668,100,100137,100,100678,100,100082,100,100824,100,99984,100,101143,100,99972,100,,,99955,100,,,99906,100,,,99903,100
2019-06-28 10:07:10.000000000,100533,375,100372,175,100619,175,100346,175,100661,175,100159,175,100668,175,100137,175,100678,175,100082,175,100824,100,99984,100,101143,100,99972,100,,,99955,100,,,99906,100,,,99903,100
2019-06-28 10:07:20.000000000,100533,428,100372,228,100619,224,100346,224,100661,224,100159,224,100668,100,100137,100,100678,100,100082,100,100824,100,99984,100,101143,100,99972,100,,,99955,100,,,99906,100,,,99903,100
2019-06-28 10:07:30.000000000,100533,676,100372,476,100619,100,100346,100,100661,100,100159,100,100668,100,100137,100,100678,100,100082,100,100824,100,99984,100,101143,100,99972,100,,,99955,100,,,99906,100,,,99903,100
2019-06-28 10:07:31.689261476,100533,576,100372,476,100619,100,100346,100,100661,100,100159,100,100668,100,100137,100,100678,100,100082,100,100824,100,99984,100,101143,100,99972,100,,,99955,100,,,99906,100,,,99903,100
2019-06-28 10:07:35.159788578,100533,476,100372,476,100619,100,100346,100,100661,100,100159,100,100668,100,100137,100,100678,100,100082,100,100824,100,99984,100,101143,100,99972,100,,,99955,100,,,99906,100,,,99903,100
2019-06-28 10:07:40.000000000,100533,288,100372,288,100619,288,100346,288,100661,100,100159,100,100668,100,100137,100,100678,100,100082,100,100824,100,99984,100,101143,100,99972,100,,,99955,100,,,99906,100,,,99903,100
2019-06-28 10:07:49.914642516,100533,188,100372,288,100619,288,100346,288,100661,100,100159,100,100668,100,100137,100,100678,100,100082,100,100824,100,99984,100,101143,100,99972,100,,,99955,100,,,99903,100,,,99852,100
2019-06-28 10:07:50.000000000,100619,476,100372,476,100661,100,100346,100,100668,100,100159,100,100678,100,100137,100,100824,100,100082,100,101143,100,99984,100,,,99972,100,,,99955,100,,,99903,100,,,99852,100
2019-06-28 10:08:00.000000000,100619,228,100372,228,100661,224,100346,224,100668,224,100159,224,100678,100,100137,100,100824,100,100082,100,101143,100,99984,100,,,99972,100,,,99955,100,,,99903,100,,,99852,100
2019-06-28 10:08:10.000000000,100619,228,100372,228,100661,224,100346,224,100668,224,100159,224,100678,100,100137,100,100824,100,100082,100,101143,100,99984,100,,,99972,100,,,99955,100,,,99903,100,,,99852,100
2019-06-28 10:08:20.000000000,100619,288,100372,288,100661,288,100346,288,100668,100,100159,100,100678,100,100137,100,100824,100,100082,100,101143,100,99984,100,,,99972,100,,,99955,100,,,99903,100,,,99852,100
2019-06-28 10:08:20.471450313,100552,100,100372,288,100619,288,100346,288,100661,288,100159,100,100668,100,100137,100,100678,100,100082,100,100824,100,99984,100,101143,100,99972,100,,,99955,100,,,99903,100,,,99852,100
2019-06-28 10:08:20.771616490,100552,100,100372,288,100619,288,100346,288,100661,288,100159,100,100668,100,100137,100,100678,100,100082,100,100717,100,99984,100,100824,100,99972,100,101143,100,99955,100,,,99903,100,,,99852,100
2019-06-28 10:08:30.000000000,100552,228,100372,228,100619,224,100346,224,100661,224,100159,224,100668,100,100137,100,100678,100,100082,100,100717,100,99984,100,100824,100,99972,100,101143,100,99955,100,,,99903,100,,,99852,100
2019-06-28 10:08:40.000000000,100552,476,100372,476,100619,100,100346,100,100661,100,100159,100,100668,100,100137,100,100678,100,100082,100,100717,100,99984,100,100824,100,99972,100,101143,100,99955,100,,,99903,100,,,99852,100
2019-06-28 10:08:40.206435114,100532,100,100372,476,100552,476,100346,100,100619,100,100137,100,100661,100,100082,100,100668,100,99984,100,100678,100,99972,100,100717,100,99955,100,100824,100,99903,100,101143,100,99852,100,,,99838,100
2019-06-28 10:08:50.000000000,100532,228,100372,228,100552,224,100346,224,100619,224,100137,224,100661,100,100082,100,100668,100,99984,100,100678,100,99972,100,100717,100,99955,100,100824,100,99903,100,101143,100,99852,100,,,99838,100
2019-06-28 10:09:00.000000000,100532,476,100372,476,100552,100,100346,100,100619,100,100137,100,100661,100,100082,100,100668,100,99984,100,100678,100,99972,100,100717,100,99955,100,100824,100,99903,100,101143,100,99852,100,,,99838,100
2019-06-28 10:09:10.000000000,100532,194,100372,194,100552,194,100346,194,100619,194,100137,194,100661,194,100082,194,100668,100,99984,100,100678,100,99972,100,100717,100,99955,100,100824,100,99903,100,101143,100,99852,100,,,99838,100
2019-06-28 10:09:19.519024777,100532,194,100372,194,100552,194,100346,194,100619,194,100137,194,100655,100,100082,194,100661,194,99984,100,100668,100,99972,100,100678,100,99955,100,100717,100,99903,100,100824,100,99852,100,101143,100,99838,100
2019-06-28 10:09:20.000000000,100532,228,100372,228,100552,224,100346,224,100619,224,100137,224,100655,100,100082,100,100661,100,99984,100,100668,100,99972,100,100678,100,99955,100,100717,100,99903,100,100824,100,99852,100,101143,100,99838,100
2019-06-28 10:09:21.366835523,100532,128,100372,228,100552,224,100346,224,100619,224,100137,224,100655,100,100082,100,100661,100,99984,100,100668,100,99972,100,100678,100,99955,100,100717,100,99903,100,100824,100,99852,100,101143,100,99838,100
2019-06-28 10:09:30.000000000,100552,194,100372,194,100619,194,100346,194,100655,194,100137,194,100661,194,100082,194,100668,100,99984,100,100678,100,99972,100,100717,100,99955,100,100824,100,99903,100,101143,100,99852,100,,,99838,100
2019-06-28 10:09:40.000000000,100552,288,100372,288,100619,288,100346,288,100655,100,100137,100,100661,100,100082,100,100668,100,99984,100,100678,100,99972,100,100717,100,99955,100,100824,100,99903,100,101143,100,99852,100,,,99838,100
2019-06-28 10:09:46.207084341,100552,288,100372,188,100619,288,100346,288,100655,100,100137,100,100661,100,100082,100,100668,100,99984,100,100678,100,99972,100,100717,100,99955,100,100824,100,99903,100,101143,100,99838,100,,,99750,100
2019-06-28 10:09:50.000000000,100552,228,100346,228,100619,224,100137,224,100655,224,100082,224,100661,100,99984,100,100668,100,99972,100,100678,100,99955,100,100717,100,99903,100,100824,100,99838,100,101143,100,99750,100,,,99678,100
2019-06-28 10:09:50.967255707,100552,228,100355,100,100619,224,100346,228,100655,224,100137,224,100661,100,100082,224,100668,100,99984,100,100678,100,99972,100,100717,100,99955,100,100824,100,99903,100,101143,100,99838,100,,,99750,100
