,ask_price_1,ask_size_1,bid_price_1,bid_size_1,ask_price_2,ask_size_2,bid_price_2,bid_size_2,ask_price_3,ask_size_3,bid_price_3,bid_size_3,ask_price_4,ask_size_4,bid_price_4,bid_size_4,ask_price_5,ask_size_5,bid_price_5,bid_size_5,ask_price_6,ask_size_6,bid_price_6,bid_size_6,ask_price_7,ask_size_7,bid_price_7,bid_size_7,ask_price_8,ask_size_8,bid_price_8,bid_size_8,ask_price_9,ask_size_9,bid_price_9,bid_size_9,ask_price_10,ask_size_10,bid_price_10,bid_size_10
2019-06-28 09:30:00.000000000,,,99931,100,,,99869,100,,,,,,,,,,,,,,,,,,,,,,,,,,,,,,,,
2019-06-28 09:30:00.000000001,100110,100,99931,100,,,99869,100,,,,,,,,,,,,,,,,,,,,,,,,,,,,,,,,
2019-06-28 09:30:00.000000002,100110,100,99977,100,,,99931,100,,,99869,100,,,,,,,,,,,,,,,,,,,,,,,,,,,,
2019-06-28 09:30:00.000000006,99988,100,99977,100,100110,100,99931,100,,,99869,100,,,,,,,,,,,,,,,,,,,,,,,,,,,,
2019-06-28 09:30:00.000000008,99988,100,99931,100,100110,100,99869,100,,,99861,100,,,,,,,,,,,,,,,,,,,,,,,,,,,,
2019-06-28 09:30:00.000000011,99970,100,99931,100,99988,100,99884,100,100110,100,99869,100,,,99861,100,,,,,,,,,,,,,,,,,,,,,,,,
2019-06-28 09:30:00.000000012,99970,100,99931,100,99988,100,99884,100,100110,100,99869,100,,,99864,100,,,99861,100,,,,,,,,,,,,,,,,,,,,
2019-06-28 09:30:00.000000013,99970,100,99931,100,99988,100,99884,100,100110,100,99869,100,100149,100,99864,100,,,99861,100,,,,,,,,,,,,,,,,,,,,
2019-06-28 09:30:00.000000017,99988,100,99931,100,100089,100,99884,100,100110,100,99869,100,100149,100,99864,100,,,99861,100,,,,,,,,,,,,,,,,,,,,
2019-06-28 09:30:00.000000019,99988,100,99931,100,99991,100,99884,100,100089,100,99869,100,100110,100,99864,100,100149,100,99861,100,,,,,,,,,,,,,,,,,,,,
2019-06-28 09:30:00.000000020,99988,100,99931,100,99991,100,99884,100,100089,100,99869,100,100110,100,99864,100,100117,100,99861,100,100149,100,,,,,,,,,,,,,,,,,,
2019-06-28 09:30:00.000000022,99988,100,99970,100,99991,100,99954,100,100089,100,99931,100,100110,100,99884,100,100117,100,99869,100,100149,100,99864,100,,,99861,100,,,99827,100,,,,,,,,
2019-06-28 09:30:00.000000026,99988,100,99970,100,99991,100,99954,100,100089,100,99933,100,100110,100,99931,100,100117,100,99927,100,100149,100,99884,100,100186,100,99869,100,,,99864,100,,,99861,100,,,99827,100
2019-06-28 09:30:00.000000028,99988,100,99970,100,99991,100,99954,100,100089,100,99933,100,100110,100,99931,100,100117,100,99927,100,100149,100,99884,100,100161,100,99869,100,100186,100,99864,100,,,99861,100,,,99827,100
2019-06-28 09:30:00.000000031,99988,100,99970,300,99991,100,99954,100,100089,100,99933,100,100110,100,99931,100,100117,100,99927,100,100149,100,99920,100,100161,100,99884,100,100186,100,99869,100,,,99864,100,,,99861,100
2019-06-28 09:30:00.000000032,99988,100,99970,300,99991,100,99954,100,100089,100,99933,100,100102,100,99931,100,100110,100,99927,100,100117,100,99920,100,100149,100,99884,100,100161,100,99869,100,100186,100,99864,100,,,99861,100
2019-06-28 09:30:00.000000033,99988,100,99970,300,99991,100,99954,100,100089,100,99933,100,100102,100,99931,100,100110,100,99927,100,100117,100,99920,100,100132,100,99884,100,100149,100,99869,100,100161,100,99864,100,100186,100,99861,100
2019-06-28 09:30:00.000000038,99988,100,99970,300,99991,100,99954,100,100089,100,99933,200,100102,100,99931,100,100110,100,99927,100,100117,100,99920,100,100132,100,99884,100,100149,100,99869,100,100161,100,99864,100,100186,100,99861,100
2019-06-28 09:30:00.000000039,99988,100,99970,400,99991,100,99954,100,100089,100,99933,200,100102,100,99931,100,100110,100,99927,100,100117,100,99920,100,100132,100,99884,100,100149,100,99869,100,100161,100,99864,100,100186,100,99861,100
2019-06-28 09:30:00.000000040,99988,100,99981,100,99991,100,99970,400,100089,100,99954,100,100102,100,99933,200,100110,100,99931,100,100117,100,99927,100,100132,100,99920,100,100149,100,99884,100,100161,100,99869,100,100186,100,99864,100
2019-06-28 09:30:00.000000043,99991,100,99981,100,100068,100,99970,400,100089,100,99954,100,100102,100,99933,200,100110,100,99931,100,100117,100,99927,100,100132,100,99920,100,100149,100,99884,100,100161,100,99869,100,100186,100,99868,100
2019-06-28 09:30:00.000000045,100068,100,99981,100,100089,100,99970,400,100102,100,99954,100,100110,100,99933,200,100117,100,99931,100,100132,100,99927,100,100149,100,99920,100,100161,100,99884,100,100186,100,99869,100,,,99868,100
2019-06-28 09:30:00.000000046,100038,100,99981,100,100041,100,99970,400,100068,100,99954,100,100089,100,99933,200,100102,100,99931,100,100110,100,99927,100,100117,100,99920,100,100132,100,99884,100,100149,100,99869,100,100161,100,99868,100
2019-06-28 09:30:00.000000049,100038,100,99981,100,100041,100,99970,400,100068,100,99954,100,100089,100,99933,200,100102,100,99931,100,100110,100,99927,100,100117,100,99920,100,100132,100,99884,100,100149,100,99869,100,100161,100,99868,100
2019-06-28 09:30:00.000000053,100038,100,99981,100,100041,100,99970,400,100059,100,99954,100,100068,100,99933,200,100089,100,99931,100,100102,100,99927,100,100110,100,99920,100,100117,100,99884,100,100132,100,99869,100,100149,100,99868,100
2019-06-28 09:30:00.000000054,100037,100,99981,100,100038,100,99970,400,100041,100,99954,100,100059,100,99933,200,100068,100,99931,100,100089,100,99927,100,100102,100,99920,100,100110,100,99884,100,100117,100,99869,100,100132,100,99868,100
2019-06-28 09:30:00.000000055,100037,100,99995,100,100038,100,99981,100,100041,100,99970,400,100059,100,99954,100,100068,100,99933,200,100089,100,99931,100,100102,100,99927,100,100110,100,99920,100,100117,100,99884,100,100132,100,99869,100
2019-06-28 09:30:00.000000058,100037,100,99995,100,100038,100,99981,100,100041,100,99970,400,100059,100,99954,100,100068,100,99933,200,100089,100,99931,100,100102,100,99927,100,100110,100,99920,100,100117,100,99884,100,100132,100,99875,100
2019-06-28 09:30:00.000000064,100037,100,99995,100,100038,100,99981,100,100041,100,99970,400,100059,100,99954,100,100068,100,99933,200,100085,100,99931,100,100089,100,99927,100,100102,100,99920,100,100110,100,99884,100,100117,100,99875,100
2019-06-28 09:30:00.000000072,100037,100,99995,100,100038,100,99988,100,100041,100,99981,100,100059,100,99970,400,100068,100,99954,100,100085,100,99933,200,100089,100,99931,100,100102,100,99927,100,100110,100,99920,100,100117,100,99884,100
2019-06-28 09:30:00.000000077,100038,100,99995,100,100041,100,99988,100,100059,100,99981,100,100068,100,99970,400,100085,100,99954,100,100089,100,99933,200,100102,100,99931,100,100110,100,99927,100,100117,100,99920,100,100132,100,99884,100
2019-06-28 09:30:00.000000078,100038,100,100011,100,100041,100,99996,100,100059,100,99995,100,100068,100,99988,100,100085,100,99981,100,100089,100,99970,400,100102,100,99954,100,100110,100,99933,200,100117,100,99931,100,100132,100,99927,100
2019-06-28 09:30:00.000000083,100038,100,99996,100,100041,100,99995,100,100059,100,99988,100,100068,100,99981,100,100085,100,99970,400,100089,100,99954,100,100102,100,99933,200,100110,100,99931,100,100117,100,99927,100,100132,100,99920,100
2019-06-28 09:30:00.000000084,100038,100,99995,100,100041,100,99988,100,100059,100,99981,100,100068,100,99970,400,100085,100,99954,100,100089,100,99933,200,100102,100,99931,100,100110,100,99927,100,100117,100,99920,100,100132,100,99884,100
2019-06-28 09:30:00.000000086,100038,100,99996,100,100041,100,99995,100,100059,100,99988,100,100068,100,99981,100,100085,100,99970,400,100089,100,99954,100,100102,100,99933,200,100110,100,99931,100,100117,100,99927,100,100132,100,99920,100
2019-06-28 09:30:00.000000088,100038,100,99996,100,100041,100,99995,100,100048,100,99988,100,100059,100,99981,100,100068,100,99970,400,100085,100,99954,100,100089,100,99933,200,100102,100,99931,100,100110,100,99927,100,100117,100,99920,100
2019-06-28 09:30:00.000000092,100011,100,99996,100,100038,100,99995,100,100041,100,99988,100,100048,100,99981,100,100059,100,99970,400,100068,100,99954,100,100085,100,99933,200,100089,100,99931,100,100102,100,99927,100,100110,100,99920,100
2019-06-28 09:30:00.000000093,100011,100,100006,100,100038,100,99996,200,100041,100,99995,100,100048,100,99988,100,100059,100,99981,100,100068,100,99970,400,100085,100,99954,100,100089,100,99933,200,100102,100,99931,100,100110,100,99927,100
2019-06-28 09:30:00.000000095,100038,100,100006,100,100041,100,99996,200,100048,100,99995,100,100059,100,99988,100,100068,100,99981,100,100085,100,99970,400,100089,100,99954,100,100102,100,99941,100,100110,100,99933,200,100117,100,99931,100
2019-06-28 09:30:00.000000098,100038,100,99996,100,100041,100,99995,100,100048,100,99988,100,100059,100,99981,100,100068,100,99970,400,100085,100,99954,100,100089,100,99941,100,100102,100,99933,200,100110,100,99931,100,100117,100,99927,100
2019-06-28 09:30:00.000000099,100038,100,99995,100,100041,100,99988,100,100048,100,99981,100,100059,100,99970,400,100068,100,99954,100,100085,100,99941,100,100089,100,99933,200,100102,100,99931,100,100110,100,99927,100,100117,100,99920,100
2019-06-28 09:30:10.000000000,100038,161,99995,161,100041,161,99988,161,100048,161,99981,161,100059,161,99970,461,100068,161,99954,161,100085,100,99941,100,100089,100,99933,200,100102,100,99931,100,100110,100,99927,100,100117,100,99920,100
2019-06-28 09:30:10.274626675,100038,161,99995,161,100041,161,99988,161,100048,161,99981,161,100059,161,99970,461,100068,161,99954,161,100085,100,99941,100,100089,100,99933,200,100102,100,99931,100,100110,100,99927,100,100117,100,99920,100
2019-06-28 09:30:16.743396412,100038,161,99995,61,100041,161,99988,161,100048,161,99981,161,100059,161,99970,461,100068,161,99954,161,100085,100,99941,100,100089,100,99933,200,100102,100,99931,100,100110,100,99927,100,100117,100,99920,100
2019-06-28 09:30:17.112177268,100038,161,99996,100,100041,161,99995,61,100048,161,99988,161,100059,161,99981,161,100068,161,99970,461,100085,100,99954,161,100089,100,99941,100,100102,100,99933,200,100110,100,99927,100,100117,100,99920,100
2019-06-28 09:30:20.000000000,100038,204,99996,204,100041,201,99988,201,100048,201,99981,201,100059,100,99970,400,100068,100,99954,100,100085,100,99941,100,100089,100,99933,200,100102,100,99927,100,100110,100,99920,100,100117,100,99875,100
2019-06-28 09:30:20.747744785,100038,204,99996,204,100041,201,99988,201,100048,201,99981,201,100059,100,99970,400,100068,100,99954,100,100085,100,99941,100,100089,100,99933,200,100102,100,99927,100,100105,100,99920,100,100110,100,99875,100
2019-06-28 09:30:23.097285656,100038,204,99996,204,100041,201,99988,201,100048,201,99981,201,100059,100,99970,400,100068,100,99954,100,100085,100,99941,100,100089,100,99933,200,100102,100,99927,100,100105,100,99920,100,100110,100,99875,100
2019-06-28 09:30:24.102564595,100038,204,99996,204,100041,201,99988,201,100048,201,99981,201,100059,100,99970,400,100068,100,99941,100,100085,100,99933,200,100089,100,99927,100,100102,100,99920,100,100105,100,99875,100,100110,100,99869,100
2019-06-28 09:30:30.000000000,100038,176,99996,176,100041,176,99988,176,100048,176,99981,176,100059,176,99970,476,100068,100,99941,100,100085,100,99933,200,100089,100,99927,100,100102,100,99920,100,100105,100,99875,100,100110,100,99869,100
2019-06-28 09:30:40.000000000,100038,204,99996,204,100041,201,99988,201,100048,201,99981,201,100059,100,99970,400,100068,100,99941,100,100085,100,99933,200,100089,100,99927,100,100102,100,99920,100,100105,100,99875,100,100110,100,99869,100
2019-06-28 09:30:40.339286282,100038,204,99996,204,100041,201,99988,201,100048,201,99981,201,100059,100,99970,400,100068,100,99941,100,100085,100,99933,100,100089,100,99927,100,100102,100,99920,100,100105,100,99875,100,100110,100,99869,100
2019-06-28 09:30:50.000000000,100038,161,99996,161,100041,161,99988,161,100048,161,99981,161,100059,161,99970,461,100068,161,99941,161,100085,100,99933,100,100089,100,99927,100,100102,100,99920,100,100105,100,99875,100,100110,100,99869,100
2019-06-28 09:30:56.689927969,100038,161,99996,161,100041,161,99988,161,100048,161,99981,161,100059,161,99970,461,100068,161,99941,161,100085,100,99933,100,100089,100,99927,100,100105,100,99920,100,100110,100,99875,100,100117,100,99869,100
2019-06-28 09:31:00.000000000,100038,253,99996,253,100041,253,99988,253,100048,100,99981,100,100059,100,99970,400,100068,100,99941,100,100085,100,99933,100,100089,100,99927,100,100105,100,99920,100,100110,100,99875,100,100117,100,99869,100
2019-06-28 09:31:10.000000000,100038,204,99996,204,100041,201,99988,201,100048,201,99981,201,100059,100,99970,400,100068,100,99941,100,100085,100,99933,100,100089,100,99927,100,100105,100,99920,100,100110,100,99875,100,100117,100,99869,100
2019-06-28 09:31:20.000000000,100038,176,99996,176,100041,176,99988,176,100048,176,99981,176,100059,176,99970,476,100068,100,99941,100,100085,100,99933,100,100089,100,99927,100,100105,100,99920,100,100110,100,99875,100,100117,100,99869,100
2019-06-28 09:31:29.692938670,100038,176,99996,176,100041,176,99988,176,100048,176,99981,176,100059,176,99970,476,100068,100,99941,100,100085,100,99933,100,100089,100,99927,100,100105,100,99920,100,100110,100,99875,100,100117,100,99869,100
2019-06-28 09:31:30.000000000,100038,161,99996,161,100041,161,99988,161,100048,161,99981,161,100059,161,99970,461,100068,161,99941,161,100085,100,99933,100,100089,100,99927,100,100105,100,99920,100,100110,100,99875,100,100117,100,99869,100
2019-06-28 09:31:40.000000000,100038,406,99996,406,100041,100,99988,100,100048,100,99981,100,100059,100,99970,400,100068,100,99941,100,100085,100,99933,100,100089,100,99927,100,100105,100,99920,100,100110,100,99875,100,100117,100,99869,100
2019-06-28 09:31:50.000000000,100038,204,99996,204,100041,201,99988,201,100048,201,99981,201,100059,100,99970,400,100068,100,99941,100,100085,100,99933,100,100089,100,99927,100,100105,100,99920,100,100110,100,99875,100,100117,100,99869,100
2019-06-28 09:31:56.239540518,100038,104,99996,204,100041,201,99988,201,100048,201,99981,201,100059,100,99970,400,100068,100,99941,100,100085,100,99933,100,100089,100,99927,100,100105,100,99920,100,100110,100,99875,100,100117,100,99869,100
2019-06-28 09:32:00.000000000,100041,176,99996,176,100048,176,99988,176,100059,176,99981,176,100068,176,99970,476,100085,100,99941,100,100089,100,99933,100,100105,100,99927,100,100110,100,99920,100,100117,100,99875,100,100132,100,99869,100
2019-06-28 09:32:10.000000000,100041,176,99996,176,100048,176,99988,176,100059,176,99981,176,100068,176,99970,476,100085,100,99941,100,100089,100,99933,100,100105,100,99927,100,100110,100,99920,100,100117,100,99875,100,100132,100,99869,100
2019-06-28 09:32:20.000000000,100041,253,99996,253,100048,253,99988,253,100059,100,99981,100,100068,100,99970,400,100085,100,99941,100,100089,100,99933,100,100105,100,99927,100,100110,100,99920,100,100117,100,99875,100,100132,100,99869,100
2019-06-28 09:32:25.083648164,100041,253,99996,253,100048,253,99988,253,100059,100,99981,100,100068,100,99970,400,100085,100,99941,100,100089,100,99933,100,100105,100,99927,100,100110,100,99920,100,100117,100,99875,100,100132,100,99869,100
2019-06-28 09:32:30.000000000,100041,253,99996,253,100048,253,99988,253,100059,100,99981,100,100068,100,99970,400,100085,100,99941,100,100089,100,99933,100,100105,100,99927,100,100110,100,99920,100,100117,100,99875,100,100132,100,99869,100
2019-06-28 09:32:40.000000000,100041,406,99996,406,100048,100,99988,100,100059,100,99981,100,100068,100,99970,400,100085,100,99941,100,100089,100,99933,100,100105,100,99927,100,100110,100,99920,100,100117,100,99875,100,100132,100,99869,100
2019-06-28 09:32:50.000000000,100041,253,99996,253,100048,253,99988,253,100059,100,99981,100,100068,100,99970,400,100085,100,99941,100,100089,100,99933,100,100105,100,99927,100,100110,100,99920,100,100117,100,99875,100,100132,100,99869,100
2019-06-28 09:32:52.110645556,100041,253,99996,253,100048,253,99988,253,100059,100,99981,100,100068,100,99970,400,100085,100,99941,100,100089,100,99933,100,100105,100,99927,100,100110,100,99920,100,100117,100,99875,100,100132,100,99869,100
2019-06-28 09:32:53.587086745,100041,153,99996,253,100048,253,99988,253,100059,100,99981,100,100068,100,99970,400,100085,100,99941,100,100089,100,99933,100,100105,100,99927,100,100110,100,99920,100,100117,100,99875,100,100132,100,99869,100
2019-06-28 09:33:00.000000000,100048,161,99996,161,100059,161,99988,161,100068,161,99981,161,100085,161,99970,461,100089,161,99941,161,100105,100,99933,100,100110,100,99927,100,100117,100,99920,100,100132,100,99875,100,100136,100,99869,100
2019-06-28 09:33:10.000000000,100048,176,99996,176,100059,176,99988,176,100068,176,99981,176,100085,176,99970,476,100089,100,99941,100,100105,100,99933,100,100110,100,99927,100,100117,100,99920,100,100132,100,99875,100,100136,100,99869,100
2019-06-28 09:33:20.000000000,100048,176,99996,176,100059,176,99988,176,100068,176,99981,176,100085,176,99970,476,100089,100,99941,100,100105,100,99933,100,100110,100,99927,100,100117,100,99920,100,100132,100,99875,100,100136,100,99869,100
2019-06-28 09:33:30.000000000,100048,204,99996,204,100059,201,99988,201,100068,201,99981,201,100085,100,99970,400,100089,100,99941,100,100105,100,99933,100,100110,100,99927,100,100117,100,99920,100,100132,100,99875,100,100136,100,99869,100
2019-06-28 09:33:40.000000000,100048,406,99996,406,100059,100,99988,100,100068,100,99981,100,100085,100,99970,400,100089,100,99941,100,100105,100,99933,100,100110,100,99927,100,100117,100,99920,100,100132,100,99875,100,100136,100,99869,100
2019-06-28 09:33:50.000000000,100048,406,99996,406,100059,100,99988,100,100068,100,99981,100,100085,100,99970,400,100089,100,99941,100,100105,100,99933,100,100110,100,99927,100,100117,100,99920,100,100132,100,99875,100,100136,100,99869,100
2019-06-28 09:33:54.827147420,100048,406,100038,100,100059,100,99996,406,100068,100,99988,100,100085,100,99981,100,100089,100,99970,400,100105,100,99941,100,100110,100,99933,100,100117,100,99927,100,100132,100,99920,100,100136,100,99875,100
2019-06-28 09:34:00.000000000,100048,406,100038,406,100059,100,99996,100,100068,100,99988,100,100085,100,99981,100,100089,100,99970,400,100105,100,99941,100,100110,100,99933,100,100117,100,99927,100,100132,100,99920,100,100136,100,99875,100
2019-06-28 09:34:03.124583808,100048,406,100038,506,100059,100,99996,100,100068,100,99988,100,100085,100,99981,100,100089,100,99970,400,100105,100,99941,100,100110,100,99933,100,100117,100,99927,100,100132,100,99920,100,100136,100,99875,100
2019-06-28 09:34:03.689096568,100048,406,100038,606,100059,100,99996,100,100068,100,99988,100,100085,100,99981,100,100089,100,99970,400,100105,100,99941,100,100110,100,99933,100,100117,100,99927,100,100132,100,99920,100,100136,100,99875,100
2019-06-28 09:34:06.027595631,100048,406,100038,606,100059,100,99996,100,100068,100,99988,100,100085,100,99981,100,100089,100,99970,400,100105,100,99941,100,100110,100,99933,100,100117,100,99927,100,100132,100,99920,100,100136,100,99875,100
2019-06-28 09:34:10.000000000,100048,204,100038,404,100059,201,99996,201,100068,201,99988,201,100085,100,99981,100,100089,100,99970,400,100105,100,99941,100,100110,100,99933,100,100117,100,99927,100,100132,100,99920,100,100136,100,99875,100
2019-06-28 09:34:12.340177388,100048,104,100038,404,100059,201,99996,201,100068,201,99988,201,100085,100,99981,100,100089,100,99970,400,100105,100,99941,100,100117,100,99933,100,100132,100,99927,100,100136,100,99920,100,100137,100,99875,100
2019-06-28 09:34:20.000000000,100059,406,100038,606,100068,100,99996,100,100085,100,99988,100,100089,100,99981,100,100105,100,99970,400,100117,100,99941,100,100132,100,99933,100,100136,100,99927,100,100137,100,99920,100,100156,100,99875,100
2019-06-28 09:34:30.000000000,100059,161,100038,361,100068,161,99996,161,100085,161,99988,161,100089,161,99981,161,100105,161,99970,461,100117,100,99941,100,100132,100,99933,100,100136,100,99927,100,100137,100,99920,100,100156,100,99875,100
2019-06-28 09:34:32.232982387,100059,61,100038,361,100068,161,99996,161,100085,161,99988,161,100089,161,99981,161,100105,161,99970,461,100117,100,99941,100,100132,100,99933,100,100136,100,99927,100,100137,100,99920,100,100156,100,99875,100
2019-06-28 09:34:34.910610518,100059,61,100048,100,100068,161,100038,361,100085,161,99996,61,100089,161,99988,161,100105,161,99981,161,100117,100,99970,461,100132,100,99941,100,100136,100,99933,100,100137,100,99927,100,100156,100,99920,100
2019-06-28 09:34:37.214096798,100059,61,100048,100,100068,161,100038,361,100085,161,99996,61,100089,161,99988,161,100105,161,99981,161,100117,100,99970,461,100132,100,99941,100,100136,100,99933,100,100137,100,99927,100,100156,100,99920,100
2019-06-28 09:34:40.000000000,100068,161,100048,161,100085,161,100038,361,100089,161,99988,161,100105,161,99981,161,100117,161,99970,461,100132,100,99941,100,100136,100,99933,100,100137,100,99927,100,100156,100,99920,100,100158,100,99875,100
2019-06-28 09:34:45.587610506,100068,161,100048,261,100085,161,100038,361,100089,161,99988,161,100105,161,99981,161,100117,161,99970,461,100132,100,99941,100,100136,100,99933,100,100137,100,99927,100,100156,100,99920,100,100158,100,99875,100
2019-06-28 09:34:48.835368818,100068,161,100048,261,100085,161,100038,361,100089,161,99988,161,100105,161,99981,161,100117,161,99970,461,100132,100,99941,100,100136,100,99933,100,100137,100,99927,100,100156,100,99920,100,100158,100,99875,100
2019-06-28 09:34:50.000000000,100068,204,100048,304,100085,201,100038,401,100089,201,99988,201,100105,100,99981,100,100117,100,99970,400,100132,100,99941,100,100136,100,99933,100,100137,100,99927,100,100156,100,99920,100,100158,100,99875,100
2019-06-28 09:35:00.000000000,100068,253,100048,353,100085,253,100038,453,100089,100,99988,100,100105,100,99981,100,100117,100,99970,400,100132,100,99941,100,100136,100,99933,100,100137,100,99927,100,100156,100,99920,100,100158,100,99875,100
2019-06-28 09:35:10.000000000,100068,204,100048,304,100085,201,100038,401,100089,201,99988,201,100105,100,99981,100,100117,100,99970,400,100132,100,99941,100,100136,100,99933,100,100137,100,99927,100,100156,100,99920,100,100158,100,99875,100
2019-06-28 09:35:20.000000000,100068,406,100048,506,100085,100,100038,300,100089,100,99988,100,100105,100,99981,100,100117,100,99970,400,100132,100,99941,100,100136,100,99933,100,100137,100,99927,100,100156,100,99920,100,100158,100,99875,100
2019-06-28 09:35:23.054032173,100068,406,100048,506,100085,100,100038,200,100089,100,99988,100,100105,100,99981,100,100117,100,99970,400,100132,100,99941,100,100136,100,99933,100,100137,100,99927,100,100156,100,99920,100,100158,100,99875,100
2019-06-28 09:35:30.000000000,100068,406,100048,506,100085,100,100038,200,100089,100,99988,100,100105,100,99981,100,100117,100,99970,400,100132,100,99941,100,100136,100,99933,100,100137,100,99927,100,100156,100,99920,100,100158,100,99875,100
2019-06-28 09:35:40.000000000,100068,253,100048,353,100085,253,100038,353,100089,100,99988,100,100105,100,99981,100,100117,100,99970,400,100132,100,99941,100,100136,100,99933,100,100137,100,99927,100,100156,100,99920,100,100158,100,99875,100
2019-06-28 09:35:45.015974937,100068,253,100048,353,100085,253,100038,353,100089,100,99988,100,100105,100,99981,100,100117,100,99970,400,100132,100,99941,100,100136,100,99927,100,100137,100,99920,100,100156,100,99875,100,100158,100,99869,100
2019-06-28 09:35:50.000000000,100068,176,100048,276,100085,176,100038,276,100089,176,99988,176,100105,176,99981,176,100117,100,99970,400,100132,100,99941,100,100136,100,99927,100,100137,100,99920,100,100156,100,99875,100,100158,100,99869,100
2019-06-28 09:36:00.000000000,100068,176,100048,276,100085,176,100038,276,100089,176,99988,176,100105,176,99981,176,100117,100,99970,400,100132,100,99941,100,100136,100,99927,100,100137,100,99920,100,100156,100,99875,100,100158,100,99869,100
2019-06-28 09:36:08.856246408,100068,76,100048,276,100085,176,100038,276,100089,176,99988,176,100105,176,99981,176,100117,100,99970,400,100132,100,99941,100,100136,100,99927,100,100137,100,99920,100,100156,100,99875,100,100158,100,99869,100
2019-06-28 09:36:10.000000000,100085,204,100048,304,100089,201,100038,301,100105,201,99988,201,100117,100,99981,100,100132,100,99970,400,100136,100,99941,100,100137,100,99927,100,100156,100,99920,100,100158,100,99875,100,100161,100,99869,100
2019-06-28 09:36:10.751353679,100085,204,100048,304,100089,201,100038,301,100105,201,99988,201,100117,100,99981,100,100132,100,99970,400,100136,100,99941,100,100137,100,99927,100,100156,100,99875,100,100158,100,99869,100,100161,100,99864,100
2019-06-28 09:36:11.667784926,100085,204,100048,304,100089,201,100038,301,100105,201,99988,201,100117,100,99981,100,100132,100,99970,400,100136,100,99941,100,100156,100,99927,100,100158,100,99875,100,100161,100,99869,100,100186,100,99864,100
2019-06-28 09:36:17.987152138,100085,204,100048,304,100089,201,100038,301,100105,201,99988,201,100117,100,99981,100,100132,100,99970,400,100136,100,99941,100,100156,100,99927,100,100158,100,99875,100,100161,100,99869,100,100186,100,99864,100
2019-06-28 09:36:20.000000000,100085,204,100048,304,100089,201,100038,301,100105,201,99988,201,100117,100,99981,100,100132,100,99970,400,100136,100,99941,100,100156,100,99927,100,100158,100,99875,100,100161,100,99869,100,100186,100,99864,100
2019-06-28 09:36:30.000000000,100085,253,100048,353,100089,253,100038,353,100105,100,99988,100,100117,100,99981,100,100132,100,99970,400,100136,100,99941,100,100156,100,99927,100,100158,100,99875,100,100161,100,99869,100,100186,100,99864,100
2019-06-28 09:36:40.000000000,100085,204,100048,304,100089,201,100038,301,100105,201,99988,201,100117,100,99981,100,100132,100,99970,400,100136,100,99941,100,100156,100,99927,100,100158,100,99875,100,100161,100,99869,100,100186,100,99864,100
2019-06-28 09:36:45.609043311,100085,204,100048,204,100089,201,100038,301,100105,201,99988,201,100117,100,99981,100,100132,100,99970,400,100136,100,99941,100,100156,100,99927,100,100158,100,99875,100,100161,100,99869,100,100186,100,99864,100
2019-06-28 09:36:50.000000000,100085,253,100048,253,100089,253,100038,353,100105,100,99988,100,100117,100,99981,100,100132,100,99970,400,100136,100,99941,100,100156,100,99927,100,100158,100,99875,100,100161,100,99869,100,100186,100,99864,100
2019-06-28 09:37:00.000000000,100085,176,100048,176,100089,176,100038,276,100105,176,99988,176,100117,176,99981,176,100132,100,99970,400,100136,100,99941,100,100156,100,99927,100,100158,100,99875,100,100161,100,99869,100,100186,100,99864,100
2019-06-28 09:37:10.000000000,100085,406,100048,406,100089,100,100038,200,100105,100,99988,100,100117,100,99981,100,100132,100,99970,400,100136,100,99941,100,100156,100,99927,100,100158,100,99875,100,100161,100,99869,100,100186,100,99864,100
2019-06-28 09:37:17.930101325,100085,406,100048,406,100089,100,100038,200,100105,100,99988,100,100117,100,99981,100,100132,100,99970,400,100136,100,99941,100,100156,100,99927,100,100158,100,99875,100,100161,100,99869,100,100186,100,99864,100
2019-06-28 09:37:20.000000000,100085,406,100048,406,100089,100,100038,200,100105,100,99988,100,100117,100,99981,100,100132,100,99970,400,100136,100,99941,100,100156,100,99927,100,100158,100,99875,100,100161,100,99869,100,100186,100,99864,100
2019-06-28 09:37:22.736236589,100085,406,100059,100,100089,100,100048,406,100105,100,100038,200,100117,100,99988,100,100132,100,99981,100,100136,100,99970,300,100156,100,99941,100,100158,100,99927,100,100161,100,99875,100,100186,100,99869,100
2019-06-28 09:37:30.000000000,100085,176,100059,176,100089,176,100048,176,100105,176,100038,276,100117,176,99988,176,100132,100,99981,100,100136,100,99970,300,100156,100,99941,100,100158,100,99927,100,100161,100,99875,100,100186,100,99869,100
2019-06-28 09:37:38.861711345,100085,176,100059,276,100089,176,100048,176,100105,176,100038,276,100117,176,99988,76,100132,100,99981,100,100136,100,99970,300,100156,100,99941,100,100158,100,99927,100,100161,100,99875,100,100186,100,99869,100
2019-06-28 09:37:40.000000000,100085,176,100059,276,100089,176,100048,176,100105,176,100038,276,100117,176,99981,176,100132,100,99970,300,100136,100,99941,100,100156,100,99927,100,100158,100,99875,100,100161,100,99869,100,100186,100,99864,100
2019-06-28 09:37:50.000000000,100085,406,100059,506,100089,100,100048,100,100105,100,100038,200,100117,100,99981,100,100132,100,99970,300,100136,100,99941,100,100156,100,99927,100,100158,100,99875,100,100161,100,99869,100,100186,100,99864,100
2019-06-28 09:37:56.614911795,100085,306,100059,506,100089,100,100048,100,100105,100,100038,200,100117,100,99981,100,100132,100,99970,300,100136,100,99941,100,100156,100,99927,100,100158,100,99875,100,100161,100,99869,100,100186,100,99864,100
2019-06-28 09:37:59.265307519,100085,306,100068,100,100089,100,100059,506,100105,100,100048,100,100117,100,100038,200,100132,100,99981,100,100136,100,99970,300,100156,100,99941,100,100158,100,99927,100,100161,100,99875,100,100186,100,99869,100
2019-06-28 09:38:00.000000000,100089,176,100068,176,100105,176,100059,276,100117,176,100048,176,100132,176,100038,276,100136,100,99981,100,100156,100,99970,300,100158,100,99941,100,100161,100,99927,100,100186,100,99875,100,100202,100,99869,100
2019-06-28 09:38:05.716615054,100089,176,100068,176,100105,176,100059,276,100117,176,100048,176,100132,176,100038,276,100136,100,99981,100,100156,100,99970,300,100158,100,99941,100,100161,100,99927,100,100186,100,99875,100,100202,100,99869,100
2019-06-28 09:38:10.000000000,100089,204,100068,204,100105,201,100059,301,100117,201,100048,201,100132,100,100038,200,100136,100,99981,100,100156,100,99970,300,100158,100,99941,100,100161,100,99927,100,100186,100,99875,100,100202,100,99869,100
2019-06-28 09:38:16.894397341,100089,104,100068,204,100105,201,100059,301,100117,201,100048,201,100132,100,100038,200,100136,100,99981,100,100156,100,99970,300,100158,100,99941,100,100161,100,99927,100,100186,100,99875,100,100202,100,99869,100
2019-06-28 09:38:20.000000000,100105,253,100068,253,100117,253,100059,353,100132,100,100048,100,100136,100,100038,200,100156,100,99981,100,100158,100,99970,300,100161,100,99941,100,100186,100,99927,100,100202,100,99875,100,100266,100,99869,100
2019-06-28 09:38:20.380544227,100105,153,100068,253,100117,253,100059,353,100132,100,100048,100,100136,100,100038,200,100156,100,99981,100,100158,100,99970,300,100161,100,99941,100,100186,100,99927,100,100202,100,99875,100,100266,100,99869,100
2019-06-28 09:38:26.894439138,100105,53,100068,253,100117,253,100059,353,100132,100,100048,100,100156,100,100038,200,100158,100,99981,100,100161,100,99970,300,100186,100,99941,100,100202,100,99927,100,100266,100,99875,100,100284,100,99869,100
2019-06-28 09:38:27.967757712,100117,253,100105,47,100132,100,100068,253,100156,100,100059,353,100158,100,100048,100,100161,100,100038,200,100186,100,99981,100,100202,100,99970,300,100266,100,99941,100,100284,100,99927,100,100363,100,99875,100
2019-06-28 09:38:30.000000000,100117,253,100105,200,100132,253,100068,253,100156,100,100059,200,100158,100,100048,100,100161,100,100038,200,100186,100,99981,100,100202,100,99970,300,100266,100,99941,100,100284,100,99927,100,100363,100,99875,100
2019-06-28 09:38:40.000000000,100117,406,100105,353,100132,100,100068,100,100156,100,100059,200,100158,100,100048,100,100161,100,100038,200,100186,100,99981,100,100202,100,99970,300,100266,100,99941,100,100284,100,99927,100,100363,100,99875,100
2019-06-28 09:38:47.836500665,100117,406,100105,453,100132,100,100068,100,100156,100,100059,200,100158,100,100048,100,100161,100,100038,200,100186,100,99981,100,100202,100,99970,300,100266,100,99941,100,100284,100,99927,100,100363,100,99875,100
2019-06-28 09:38:50.000000000,100117,406,100105,453,100132,100,100068,100,100156,100,100059,200,100158,100,100048,100,100161,100,100038,200,100186,100,99981,100,100202,100,99970,300,100266,100,99941,100,100284,100,99927,100,100363,100,99875,100
2019-06-28 09:38:50.660390903,100117,406,100105,406,100132,100,100068,100,100156,100,100059,200,100158,100,100048,100,100161,100,100038,200,100186,100,99981,100,100202,100,99970,300,100266,100,99941,100,100284,100,99927,100,100363,100,99875,100
2019-06-28 09:39:00.000000000,100117,253,100105,253,100132,253,100068,253,100156,100,100059,200,100158,100,100048,100,100161,100,100038,200,100186,100,99981,100,100202,100,99970,300,100266,100,99941,100,100284,100,99927,100,100363,100,99875,100
2019-06-28 09:39:10.000000000,100117,176,100105,176,100132,176,100068,176,100156,176,100059,276,100158,176,100048,176,100161,100,100038,200,100186,100,99981,100,100202,100,99970,300,100266,100,99941,100,100284,100,99927,100,100363,100,99875,100
2019-06-28 09:39:20.000000000,100117,161,100105,161,100132,161,100068,161,100156,161,100059,261,100158,161,100048,161,100161,161,100038,261,100186,100,99981,100,100202,100,99970,300,100266,100,99941,100,100284,100,99927,100,100363,100,99875,100
2019-06-28 09:39:30.000000000,100117,406,100105,406,100132,100,100068,100,100156,100,100059,200,100158,100,100048,100,100161,100,100038,200,100186,100,99981,100,100202,100,99970,300,100266,100,99941,100,100284,100,99927,100,100363,100,99875,100
2019-06-28 09:39:40.000000000,100117,204,100105,204,100132,201,100068,201,100156,201,100059,301,100158,100,100048,100,100161,100,100038,200,100186,100,99981,100,100202,100,99970,300,100266,100,99941,100,100284,100,99927,100,100363,100,99875,100
2019-06-28 09:39:48.648637296,100117,204,100105,304,100132,201,100068,201,100156,201,100059,301,100158,100,100038,200,100161,100,99981,100,100186,100,99970,300,100202,100,99941,100,100266,100,99927,100,100284,100,99875,100,100363,100,99869,100
2019-06-28 09:39:49.399436860,100117,204,100105,304,100132,201,100068,201,100156,201,100059,301,100158,100,100038,200,100161,100,99981,100,100186,100,99970,300,100202,100,99941,100,100266,100,99927,100,100284,100,99875,100,100363,100,99869,100
2019-06-28 09:39:50.000000000,100117,204,100105,304,100132,201,100068,201,100156,201,100059,301,100158,100,100038,200,100161,100,99981,100,100186,100,99970,300,100202,100,99941,100,100266,100,99927,100,100284,100,99875,100,100363,100,99869,100
2019-06-28 09:39:50.870495979,100117,204,100105,304,100132,201,100068,201,100156,201,100059,301,100158,100,100038,200,100161,100,99981,100,100186,100,99970,300,100202,100,99941,100,100266,100,99927,100,100284,100,99875,100,100363,100,99869,100
2019-06-28 09:40:00.000000000,100117,161,100105,261,100132,161,100068,161,100156,161,100059,261,100158,161,100038,261,100161,161,99981,161,100186,100,99970,300,100202,100,99941,100,100266,100,99927,100,100284,100,99875,100,100363,100,99869,100
2019-06-28 09:40:10.000000000,100117,161,100105,261,100132,161,100068,161,100156,161,100059,261,100158,161,100038,261,100161,161,99981,161,100186,100,99970,300,100202,100,99941,100,100266,100,99927,100,100284,100,99875,100,100363,100,99869,100
2019-06-28 09:40:20.000000000,100117,161,100105,261,100132,161,100068,161,100156,161,100059,261,100158,161,100038,261,100161,161,99981,161,100186,100,99970,300,100202,100,99941,100,100266,100,99927,100,100284,100,99875,100,100363,100,99869,100
2019-06-28 09:40:30.000000000,100117,204,100105,304,100132,201,100068,201,100156,201,100059,301,100158,100,100038,200,100161,100,99981,100,100186,100,99970,300,100202,100,99941,100,100266,100,99927,100,100284,100,99875,100,100363,100,99869,100
2019-06-28 09:40:31.059837908,100117,204,100105,304,100132,201,100068,201,100156,201,100059,301,100158,100,100038,200,100161,100,99981,100,100186,100,99970,300,100202,100,99941,100,100266,100,99927,100,100284,100,99875,100,100363,100,99869,100
2019-06-28 09:40:37.414587321,100117,104,100105,304,100132,201,100068,201,100156,201,100059,301,100158,100,100038,200,100161,100,99981,100,100186,100,99970,300,100202,100,99941,100,100266,100,99927,100,100284,100,99875,100,100363,100,99869,100
2019-06-28 09:40:40.000000000,100132,161,100105,261,100156,161,100068,161,100158,161,100059,261,100161,161,100038,261,100186,161,99981,161,100202,100,99970,300,100266,100,99941,100,100284,100,99927,100,100363,100,99875,100,100587,100,99869,100
2019-06-28 09:40:50.000000000,100132,406,100105,506,100156,100,100068,100,100158,100,100059,200,100161,100,100038,200,100186,100,99981,100,100202,100,99970,300,100266,100,99941,100,100284,100,99927,100,100363,100,99875,100,100587,100,99869,100
2019-06-28 09:41:00.000000000,100132,176,100105,276,100156,176,100068,176,100158,176,100059,276,100161,176,100038,276,100186,100,99981,100,100202,100,99970,300,100266,100,99941,100,100284,100,99927,100,100363,100,99875,100,100587,100,99869,100
2019-06-28 09:41:09.953706689,100132,176,100105,276,100156,176,100068,176,100158,176,100059,276,100161,176,100038,276,100186,100,99981,100,100202,100,99970,300,100266,100,99941,100,100284,100,99927,100,100359,100,99875,100,100363,100,99869,100
2019-06-28 09:41:10.000000000,100132,176,100105,276,100156,176,100068,176,100158,176,100059,276,100161,176,100038,276,100186,100,99981,100,100202,100,99970,300,100266,100,99941,100,100284,100,99927,100,100359,100,99875,100,100363,100,99869,100
2019-06-28 09:41:20.000000000,100132,253,100105,353,100156,253,100068,253,100158,100,100059,200,100161,100,100038,200,100186,100,99981,100,100202,100,99970,300,100266,100,99941,100,100284,100,99927,100,100359,100,99875,100,100363,100,99869,100
2019-06-28 09:41:24.938156518,100132,153,100105,353,100156,253,100068,253,100158,100,100059,200,100161,100,100038,200,100186,100,99981,100,100202,100,99970,300,100266,100,99941,100,100284,100,99927,100,100359,100,99869,100,100363,100,99864,100
2019-06-28 09:41:30.000000000,100156,204,100105,304,100158,201,100068,201,100161,201,100059,301,100186,100,100038,200,100202,100,99981,100,100266,100,99970,300,100284,100,99941,100,100359,100,99927,100,100363,100,99869,100,100587,100,99864,100
2019-06-28 09:41:30.672644194,100156,104,100105,304,100158,201,100068,201,100161,201,100059,301,100186,100,100038,200,100202,100,99981,100,100266,100,99970,300,100284,100,99941,100,100359,100,99927,100,100363,100,99869,100,100587,100,99864,100
2019-06-28 09:41:39.798649833,100156,4,100105,304,100158,201,100068,201,100161,201,100059,301,100186,100,100038,200,100202,100,99981,100,100266,100,99970,300,100284,100,99941,100,100359,100,99927,100,100363,100,99869,100,100587,100,99864,100
2019-06-28 09:41:40.000000000,100158,406,100105,506,100161,100,100068,100,100186,100,100059,200,100202,100,100038,200,100266,100,99981,100,100284,100,99970,300,100359,100,99941,100,100363,100,99927,100,100587,100,99869,100,100603,100,99864,100
2019-06-28 09:41:40.132186666,100158,306,100105,506,100161,100,100068,100,100186,100,100059,200,100202,100,100038,200,100266,100,99981,100,100284,100,99970,300,100359,100,99941,100,100363,100,99927,100,100603,100,99869,100,100653,100,99864,100
2019-06-28 09:41:50.000000000,100161,406,100105,506,100186,100,100068,100,100202,100,100059,200,100266,100,100038,200,100284,100,99981,100,100359,100,99970,300,100363,100,99941,100,100603,100,99927,100,100653,100,99869,100,100665,100,99864,100
2019-06-28 09:42:00.000000000,100161,161,100105,261,100186,161,100068,161,100202,161,100059,261,100266,161,100038,261,100284,161,99981,161,100359,100,99970,300,100363,100,99941,100,100603,100,99927,100,100653,100,99869,100,100665,100,99864,100
2019-06-28 09:42:02.340694984,100161,161,100105,261,100186,161,100068,161,100202,161,100059,261,100266,161,100038,261,100284,161,99981,161,100359,100,99970,300,100363,100,99941,100,100603,100,99927,100,100653,100,99869,100,100665,100,99864,100
2019-06-28 09:42:09.292525131,100161,61,100105,261,100186,161,100068,161,100202,161,100059,261,100266,161,100038,261,100284,161,99981,161,100359,100,99970,300,100363,100,99941,100,100653,100,99927,100,100665,100,99869,100,100677,100,99864,100
2019-06-28 09:42:10.000000000,100186,161,100105,261,100202,161,100068,161,100266,161,100059,261,100284,161,100038,261,100359,161,99981,161,100363,100,99970,300,100653,100,99941,100,100665,100,99927,100,100677,100,99869,100,100689,100,99864,100
2019-06-28 09:42:13.439266704,100186,161,100105,261,100202,161,100068,161,100266,161,100059,261,100284,161,100038,261,100359,161,99981,61,100363,100,99970,300,100653,100,99941,100,100665,100,99927,100,100677,100,99869,100,100689,100,99864,100
2019-06-28 09:42:16.853097977,100186,161,100105,261,100202,161,100068,161,100266,161,100059,261,100284,161,100038,261,100359,161,99981,61,100363,100,99970,300,100653,100,99941,100,100665,100,99927,100,100677,100,99869,100,100689,100,99864,100
2019-06-28 09:42:17.921291738,100186,61,100105,261,100202,161,100068,161,100266,161,100059,261,100284,161,100038,261,100359,161,99981,61,100363,100,99970,300,100653,100,99941,100,100665,100,99927,100,100677,100,99869,100,100689,100,99864,100
2019-06-28 09:42:20.000000000,100202,176,100105,276,100266,176,100068,176,100284,176,100059,276,100359,176,100038,276,100363,100,99970,300,100653,100,99941,100,100665,100,99927,100,100677,100,99869,100,100689,100,99864,100,100703,100,99831,100
2019-06-28 09:42:30.000000000,100202,253,100105,353,100266,253,100068,253,100284,100,100059,200,100359,100,100038,200,100363,100,99970,300,100653,100,99941,100,100665,100,99927,100,100677,100,99869,100,100689,100,99864,100,100703,100,99831,100
2019-06-28 09:42:30.909780441,100202,253,100161,100,100266,253,100105,353,100284,100,100068,253,100359,100,100059,100,100363,100,100038,200,100653,100,99970,300,100665,100,99941,100,100677,100,99927,100,100689,100,99869,100,100703,100,99864,100
2019-06-28 09:42:36.762663707,100202,153,100161,100,100266,253,100105,353,100284,100,100068,253,100359,100,100059,100,100363,100,100038,200,100653,100,99970,300,100665,100,99941,100,100677,100,99927,100,100689,100,99869,100,100703,100,99864,100
2019-06-28 09:42:40.000000000,100266,406,100161,406,100284,100,100105,200,100359,100,100068,100,100363,100,100059,100,100653,100,100038,200,100665,100,99970,300,100677,100,99941,100,100689,100,99927,100,100703,100,99869,100,100704,100,99864,100
2019-06-28 09:42:50.000000000,100266,204,100161,204,100284,201,100105,301,100359,201,100068,201,100363,100,100059,100,100653,100,100038,200,100665,100,99970,300,100677,100,99941,100,100689,100,99927,100,100703,100,99869,100,100704,100,99864,100
2019-06-28 09:42:52.272290537,100266,204,100186,100,100284,201,100161,204,100359,201,100105,301,100363,100,100068,201,100653,100,100059,100,100665,100,100038,200,100677,100,99970,300,100689,100,99941,100,100703,100,99927,100,100704,100,99869,100
2019-06-28 09:43:00.000000000,100266,253,100186,253,100284,253,100161,253,100359,100,100105,200,100363,100,100068,100,100653,100,100059,100,100665,100,100038,200,100677,100,99970,300,100689,100,99941,100,100703,100,99927,100,100704,100,99869,100
2019-06-28 09:43:06.779920806,100266,253,100186,253,100284,253,100161,253,100359,100,100105,100,100363,100,100068,100,100653,100,100059,100,100665,100,100038,200,100677,100,99970,300,100689,100,99941,100,100703,100,99927,100,100704,100,99869,100
2019-06-28 09:43:07.374559473,100266,253,100186,253,100284,253,100161,253,100359,100,100105,100,100363,100,100068,100,100653,100,100059,100,100665,100,100038,200,100677,100,99970,300,100689,100,99941,100,100703,100,99927,100,100704,100,99869,100
2019-06-28 09:43:10.000000000,100266,161,100186,161,100284,161,100161,161,100359,161,100105,161,100363,161,100068,161,100653,161,100059,161,100665,100,100038,200,100677,100,99970,300,100689,100,99941,100,100703,100,99927,100,100704,100,99869,100
2019-06-28 09:43:11.482506736,100266,161,100186,261,100284,161,100161,161,100359,161,100105,161,100363,161,100068,161,100653,161,100059,161,100665,100,100038,200,100677,100,99970,300,100689,100,99941,100,100703,100,99927,100,100704,100,99869,100
2019-06-28 09:43:19.727429259,100266,61,100186,261,100284,161,100161,161,100359,161,100105,161,100363,161,100068,161,100653,161,100059,161,100665,100,100038,200,100677,100,99970,300,100689,100,99941,100,100703,100,99927,100,100704,100,99869,100
2019-06-28 09:43:20.000000000,100284,406,100186,506,100359,100,100161,100,100363,100,100105,100,100653,100,100068,100,100665,100,100059,100,100677,100,100038,200,100689,100,99970,300,100703,100,99941,100,100704,100,99927,100,100964,100,99869,100
2019-06-28 09:43:30.000000000,100284,406,100186,506,100359,100,100161,100,100363,100,100105,100,100653,100,100068,100,100665,100,100059,100,100677,100,100038,200,100689,100,99970,300,100703,100,99941,100,100704,100,99927,100,100964,100,99869,100
2019-06-28 09:43:34.681555271,100284,406,100202,100,100359,100,100186,506,100363,100,100161,100,100653,100,100105,100,100665,100,100068,100,100677,100,100059,100,100689,100,100038,200,100703,100,99970,300,100704,100,99941,100,100964,100,99927,100
2019-06-28 09:43:40.000000000,100284,406,100202,406,100359,100,100186,200,100363,100,100161,100,100653,100,100105,100,100665,100,100068,100,100677,100,100059,100,100689,100,100038,200,100703,100,99970,300,100704,100,99941,100,100964,100,99927,100
2019-06-28 09:43:44.380056333,100284,406,100202,506,100359,100,100186,200,100363,100,100161,100,100653,100,100105,100,100665,100,100068,100,100677,100,100059,100,100689,100,100038,200,100703,100,99970,300,100704,100,99941,100,100964,100,99927,100
2019-06-28 09:43:50.000000000,100284,161,100202,261,100359,161,100186,261,100363,161,100161,161,100653,161,100105,161,100665,161,100068,161,100677,100,100059,100,100689,100,100038,200,100703,100,99970,300,100704,100,99941,100,100964,100,99927,100
2019-06-28 09:44:00.000000000,100284,253,100202,353,100359,253,100186,353,100363,100,100161,100,100653,100,100105,100,100665,100,100068,100,100677,100,100059,100,100689,100,100038,200,100703,100,99970,300,100704,100,99941,100,100964,100,99927,100
2019-06-28 09:44:04.561849479,100284,253,100202,353,100359,253,100186,353,100363,100,100161,100,100653,100,100105,100,100665,100,100068,100,100677,100,100059,100,100689,100,100038,200,100703,100,99970,300,100704,100,99927,100,100964,100,99869,100
2019-06-28 09:44:10.000000000,100284,161,100202,261,100359,161,100186,261,100363,161,100161,161,100653,161,100105,161,100665,161,100068,161,100677,100,100059,100,100689,100,100038,200,100703,100,99970,300,100704,100,99927,100,100964,100,99869,100
2019-06-28 09:44:13.388292861,100284,161,100202,361,100359,161,100186,261,100363,161,100161,161,100653,161,100105,161,100665,161,100068,161,100677,100,100059,100,100689,100,100038,100,100703,100,99970,300,100704,100,99927,100,100964,100,99869,100
2019-06-28 09:44:16.479092725,100284,61,100202,361,100359,161,100186,261,100363,161,100161,161,100653,161,100105,161,100665,161,100068,161,100677,100,100059,100,100689,100,100038,100,100703,100,99970,300,100704,100,99927,100,100964,100,99869,100
2019-06-28 09:44:20.000000000,100359,176,100202,376,100363,176,100186,276,100653,176,100161,176,100665,176,100105,176,100677,100,100068,100,100689,100,100059,100,100703,100,100038,100,100704,100,99970,300,100964,100,99927,100,101042,100,99869,100
2019-06-28 09:44:24.634454618,100359,176,100202,376,100363,176,100186,176,100653,176,100161,176,100665,176,100105,176,100677,100,100068,100,100689,100,100059,100,100703,100,100038,100,100704,100,99970,300,100964,100,99927,100,101042,100,99869,100
2019-06-28 09:44:30.000000000,100359,204,100202,404,100363,201,100186,201,100653,201,100161,201,100665,100,100105,100,100677,100,100068,100,100689,100,100059,100,100703,100,100038,100,100704,100,99970,300,100964,100,99927,100,101042,100,99869,100
2019-06-28 09:44:40.000000000,100359,161,100202,361,100363,161,100186,161,100653,161,100161,161,100665,161,100105,161,100677,161,100068,161,100689,100,100059,100,100703,100,100038,100,100704,100,99970,300,100964,100,99927,100,101042,100,99869,100
2019-06-28 09:44:50.000000000,100359,176,100202,376,100363,176,100186,176,100653,176,100161,176,100665,176,100105,176,100677,100,100068,100,100689,100,100059,100,100703,100,100038,100,100704,100,99970,300,100964,100,99927,100,101042,100,99869,100
2019-06-28 09:45:00.000000000,100359,406,100202,606,100363,100,100186,100,100653,100,100161,100,100665,100,100105,100,100677,100,100068,100,100689,100,100059,100,100703,100,100038,100,100704,100,99970,300,100964,100,99927,100,101042,100,99869,100
2019-06-28 09:45:10.000000000,100359,406,100202,606,100363,100,100186,100,100653,100,100161,100,100665,100,100105,100,100677,100,100068,100,100689,100,100059,100,100703,100,100038,100,100704,100,99970,300,100964,100,99927,100,101042,100,99869,100
2019-06-28 09:45:20.000000000,100359,204,100202,404,100363,201,100186,201,100653,201,100161,201,100665,100,100105,100,100677,100,100068,100,100689,100,100059,100,100703,100,100038,100,100704,100,99970,300,100964,100,99927,100,101042,100,99869,100
2019-06-28 09:45:30.000000000,100359,161,100202,361,100363,161,100186,161,100653,161,100161,161,100665,161,100105,161,100677,161,100068,161,100689,100,100059,100,100703,100,100038,100,100704,100,99970,300,100964,100,99927,100,101042,100,99869,100
2019-06-28 09:45:34.301923935,100359,161,100202,361,100363,161,100186,161,100653,161,100161,161,100665,161,100105,161,100677,161,100068,161,100689,100,100059,100,100703,100,100038,100,100704,100,99970,300,100964,100,99927,100,101042,100,99869,100
2019-06-28 09:45:40.000000000,100359,176,100202,376,100363,176,100186,176,100653,176,100161,176,100665,176,100105,176,100677,100,100068,100,100689,100,100059,100,100703,100,100038,100,100704,100,99970,300,100964,100,99927,100,101042,100,99869,100
2019-06-28 09:45:50.000000000,100359,253,100202,453,100363,253,100186,253,100653,100,100161,100,100665,100,100105,100,100677,100,100068,100,100689,100,100059,100,100703,100,100038,100,100704,100,99970,300,100964,100,99927,100,101042,100,99869,100
2019-06-28 09:45:54.193068907,100359,153,100202,453,100363,253,100186,253,100653,100,100161,100,100665,100,100105,100,100677,100,100068,100,100689,100,100059,100,100703,100,100038,100,100704,100,99970,300,100964,100,99927,100,101042,100,99869,100
2019-06-28 09:46:00.000000000,100363,406,100202,606,100653,100,100186,100,100665,100,100161,100,100677,100,100105,100,100689,100,100068,100,100703,100,100059,100,100704,100,100038,100,100964,100,99970,300,101042,100,99927,100,101089,100,99869,100
2019-06-28 09:46:10.000000000,100363,176,100202,376,100653,176,100186,176,100665,176,100161,176,100677,176,100105,176,100689,100,100068,100,100703,100,100059,100,100704,100,100038,100,100964,100,99970,300,101042,100,99927,100,101089,100,99869,100
2019-06-28 09:46:18.339110001,100363,76,100202,376,100653,176,100186,176,100665,176,100161,176,100677,176,100105,176,100689,100,100068,100,100703,100,100059,100,100704,100,100038,100,100964,100,99970,300,101042,100,99927,100,101089,100,99869,100
2019-06-28 09:46:20.000000000,100653,406,100202,606,100665,100,100186,100,100677,100,100161,100,100689,100,100105,100,100703,100,100068,100,100704,100,100059,100,100964,100,100038,100,101042,100,99970,300,101089,100,99927,100,101212,100,99869,100
2019-06-28 09:46:25.772603777,100653,206,100202,606,100665,100,100186,100,100677,100,100161,100,100689,100,100105,100,100703,100,100068,100,100704,100,100059,100,100964,100,100038,100,101042,100,99970,300,101089,100,99927,100,101212,100,99869,100
2019-06-28 09:46:30.000000000,100665,204,100202,404,100677,201,100186,201,100689,201,100161,201,100703,100,100105,100,100704,100,100068,100,100964,100,100059,100,101042,100,100038,100,101089,100,99970,300,101212,100,99927,100,101651,100,99869,100
2019-06-28 09:46:40.000000000,100665,161,100202,361,100677,161,100186,161,100689,161,100161,161,100703,161,100105,161,100704,161,100068,161,100964,100,100059,100,101042,100,100038,100,101089,100,99970,300,101212,100,99927,100,101651,100,99869,100
2019-06-28 09:46:50.000000000,100665,253,100202,453,100677,253,100186,253,100689,100,100161,100,100703,100,100105,100,100704,100,100068,100,100964,100,100059,100,101042,100,100038,100,101089,100,99970,300,101212,100,99927,100,101651,100,99869,100
2019-06-28 09:47:00.000000000,100665,406,100202,606,100677,100,100186,100,100689,100,100161,100,100703,100,100105,100,100704,100,100068,100,100964,100,100059,100,101042,100,100038,100,101089,100,99970,300,101212,100,99927,100,101651,100,99869,100
2019-06-28 09:47:10.000000000,100665,406,100202,606,100677,100,100186,100,100689,100,100161,100,100703,100,100105,100,100704,100,100068,100,100964,100,100059,100,101042,100,100038,100,101089,100,99970,300,101212,100,99927,100,101651,100,99869,100
2019-06-28 09:47:18.061014263,100665,406,100202,606,100677,100,100186,100,100689,100,100161,100,100703,100,100068,100,100704,100,100059,100,100964,100,100038,100,101042,100,99970,300,101089,100,99927,100,101212,100,99869,100,101651,100,99864,100
2019-06-28 09:47:20.000000000,100665,161,100202,361,100677,161,100186,161,100689,161,100161,161,100703,161,100068,161,100704,161,100059,161,100964,100,100038,100,101042,100,99970,300,101089,100,99927,100,101212,100,99869,100,101651,100,99864,100
2019-06-28 09:47:28.401375905,100665,161,100202,361,100677,161,100186,161,100689,161,100161,161,100703,161,100068,161,100704,161,100059,161,100964,100,100038,100,101042,100,99970,300,101089,100,99927,100,101212,100,99869,100,101281,100,99864,100
2019-06-28 09:47:30.000000000,100665,204,100202,404,100677,201,100186,201,100689,201,100161,201,100703,100,100068,100,100704,100,100059,100,100964,100,100038,100,101042,100,99970,300,101089,100,99927,100,101212,100,99869,100,101281,100,99864,100
2019-06-28 09:47:40.000000000,100665,176,100202,376,100677,176,100186,176,100689,176,100161,176,100703,176,100068,176,100704,100,100059,100,100964,100,100038,100,101042,100,99970,300,101089,100,99927,100,101212,100,99869,100,101281,100,99864,100
2019-06-28 09:47:50.000000000,100665,204,100202,404,100677,201,100186,201,100689,201,100161,201,100703,100,100068,100,100704,100,100059,100,100964,100,100038,100,101042,100,99970,300,101089,100,99927,100,101212,100,99869,100,101281,100,99864,100
2019-06-28 09:48:00.000000000,100665,406,100202,606,100677,100,100186,100,100689,100,100161,100,100703,100,100068,100,100704,100,100059,100,100964,100,100038,100,101042,100,99970,300,101089,100,99927,100,101212,100,99869,100,101281,100,99864,100
2019-06-28 09:48:10.000000000,100665,161,100202,361,100677,161,100186,161,100689,161,100161,161,100703,161,100068,161,100704,161,100059,161,100964,100,100038,100,101042,100,99970,300,101089,100,99927,100,101212,100,99869,100,101281,100,99864,100
2019-06-28 09:48:10.253378802,100665,61,100202,361,100677,161,100186,161,100689,161,100161,161,100703,161,100068,161,100704,161,100059,161,100964,100,100038,100,101042,100,99970,300,101089,100,99927,100,101212,100,99869,100,101281,100,99864,100
2019-06-28 09:48:20.000000000,100677,176,100202,376,100689,176,100186,176,100703,176,100161,176,100704,176,100068,176,100964,100,100059,100,101042,100,100038,100,101089,100,99970,300,101212,100,99927,100,101281,100,99869,100,101651,100,99864,100
2019-06-28 09:48:30.000000000,100677,176,100202,376,100689,176,100186,176,100703,176,100161,176,100704,176,100068,176,100964,100,100059,100,101042,100,100038,100,101089,100,99970,300,101212,100,99927,100,101281,100,99869,100,101651,100,99864,100
2019-06-28 09:48:40.000000000,100677,176,100202,376,100689,176,100186,176,100703,176,100161,176,100704,176,100068,176,100964,100,100059,100,101042,100,100038,100,101089,100,99970,300,101212,100,99927,100,101281,100,99869,100,101651,100,99864,100
2019-06-28 09:48:41.364882862,100677,76,100202,376,100689,176,100186,176,100703,176,100161,176,100704,176,100068,176,100964,100,100059,100,101042,100,100038,100,101089,100,99970,300,101212,100,99927,100,101281,100,99869,100,101651,100,99864,100
2019-06-28 09:48:50.000000000,100689,253,100202,453,100703,253,100186,253,100704,100,100161,100,100964,100,100068,100,101042,100,100059,100,101089,100,100038,100,101212,100,99970,300,101281,100,99927,100,101651,100,99869,100,101915,100,99864,100
2019-06-28 09:48:54.685259753,100689,153,100202,453,100703,253,100186,253,100704,100,100161,100,100964,100,100068,100,101042,100,100059,100,101089,100,100038,100,101212,100,99970,300,101281,100,99927,100,101651,100,99869,100,101915,100,99864,100
2019-06-28 09:49:00.000000000,100703,406,100202,606,100704,100,100186,100,100964,100,100161,100,101042,100,100068,100,101089,100,100059,100,101212,100,100038,100,101281,100,99970,300,101651,100,99927,100,101915,100,99869,100,,,99864,100
2019-06-28 09:49:00.276695659,100703,406,100677,100,100704,100,100202,606,100964,100,100186,100,101042,100,100161,100,101089,100,100068,100,101212,100,100059,100,101281,100,100038,100,101651,100,99970,300,101915,100,99927,100,,,99869,100
2019-06-28 09:49:10.000000000,100703,406,100677,406,100704,100,100202,300,100964,100,100186,100,101042,100,100161,100,101089,100,100068,100,101212,100,100059,100,101281,100,100038,100,101651,100,99970,300,101915,100,99927,100,,,99869,100
2019-06-28 09:49:11.135101784,100703,406,100677,406,100704,100,100202,300,100964,100,100186,100,101042,100,100161,100,101089,100,100068,100,101212,100,100059,100,101281,100,100038,100,101388,100,99970,300,101651,100,99927,100,101915,100,99869,100
2019-06-28 09:49:20.000000000,100703,406,100677,406,100704,100,100202,300,100964,100,100186,100,101042,100,100161,100,101089,100,100068,100,101212,100,100059,100,101281,100,100038,100,101388,100,99970,300,101651,100,99927,100,101915,100,99869,100
2019-06-28 09:49:23.611753340,100703,406,100677,406,100704,100,100202,300,100964,100,100186,100,101042,100,100161,100,101089,100,100068,100,101212,100,100059,100,101281,100,99970,300,101388,100,99927,100,101651,100,99869,100,101915,100,99864,100
2019-06-28 09:49:28.996935971,100703,306,100677,406,100704,100,100202,300,100964,100,100186,100,101042,100,100161,100,101089,100,100068,100,101212,100,100059,100,101281,100,99970,300,101388,100,99927,100,101651,100,99869,100,101915,100,99864,100
2019-06-28 09:49:30.000000000,100704,406,100677,406,100964,100,100202,300,101042,100,100186,100,101089,100,100161,100,101212,100,100068,100,101281,100,100059,100,101388,100,99970,300,101651,100,99927,100,101915,100,99869,100,,,99864,100
2019-06-28 09:49:40.000000000,100704,204,100677,204,100964,201,100202,401,101042,201,100186,201,101089,100,100161,100,101212,100,100068,100,101281,100,100059,100,101388,100,99970,300,101651,100,99927,100,101915,100,99869,100,,,99864,100
2019-06-28 09:49:46.854711943,100704,204,100677,204,100964,201,100202,401,101042,201,100186,201,101089,100,100161,100,101212,100,100068,100,101281,100,100059,100,101388,100,99970,300,101392,100,99927,100,101651,100,99869,100,101915,100,99864,100
2019-06-28 09:49:50.000000000,100704,253,100677,253,100964,253,100202,453,101042,100,100186,100,101089,100,100161,100,101212,100,100068,100,101281,100,100059,100,101388,100,99970,300,101392,100,99927,100,101651,100,99869,100,101915,100,99864,100
2019-06-28 09:50:00.000000000,100704,161,100677,161,100964,161,100202,361,101042,161,100186,161,101089,161,100161,161,101212,161,100068,161,101281,100,100059,100,101388,100,99970,300,101392,100,99927,100,101651,100,99869,100,101915,100,99864,100
2019-06-28 09:50:01.921756972,100704,161,100677,161,100964,161,100202,361,101042,161,100186,161,101089,161,100161,161,101212,161,100068,161,101281,100,100059,100,101388,100,99970,300,101392,100,99927,100,101636,100,99869,100,101651,100,99864,100
2019-06-28 09:50:10.000000000,100704,176,100677,176,100964,176,100202,376,101042,176,100186,176,101089,176,100161,176,101212,100,100068,100,101281,100,100059,100,101388,100,99970,300,101392,100,99927,100,101636,100,99869,100,101651,100,99864,100
2019-06-28 09:50:15.051965309,100704,176,100677,176,100964,176,100202,376,101042,176,100186,176,101089,176,100161,176,101212,100,100068,100,101281,100,99970,300,101388,100,99927,100,101392,100,99869,100,101636,100,99864,100,101651,100,99831,100
2019-06-28 09:50:20.000000000,100704,176,100677,176,100964,176,100202,376,101042,176,100186,176,101089,176,100161,176,101212,100,100068,100,101281,100,99970,300,101388,100,99927,100,101392,100,99869,100,101636,100,99864,100,101651,100,99831,100
2019-06-28 09:50:24.407141556,100704,176,100689,100,100964,176,100677,176,101042,176,100202,376,101089,176,100186,176,101212,100,100161,176,101281,100,100068,100,101388,100,99970,300,101392,100,99927,100,101636,100,99869,100,101651,100,99864,100
2019-06-28 09:50:27.341562123,100704,176,100689,100,100964,176,100677,176,101042,176,100202,376,101089,176,100186,176,101212,100,100161,176,101281,100,100068,100,101388,100,99970,300,101636,100,99927,100,101651,100,99869,100,101707,100,99864,100
2019-06-28 09:50:30.000000000,100704,253,100689,253,100964,253,100677,253,101042,100,100202,300,101089,100,100186,100,101212,100,100161,100,101281,100,100068,100,101388,100,99970,300,101636,100,99927,100,101651,100,99869,100,101707,100,99864,100
2019-06-28 09:50:30.609362925,100704,153,100689,253,100964,253,100677,253,101042,100,100202,300,101089,100,100186,100,101212,100,100161,100,101281,100,100068,100,101388,100,99970,300,101636,100,99927,100,101651,100,99869,100,101707,100,99864,100
2019-06-28 09:50:40.000000000,100964,253,100689,253,101042,253,100677,253,101089,100,100202,300,101212,100,100186,100,101281,100,100161,100,101388,100,100068,100,101636,100,99970,300,101651,100,99927,100,101707,100,99869,100,101915,100,99864,100
2019-06-28 09:50:50.000000000,100964,406,100689,406,101042,100,100677,100,101089,100,100202,300,101212,100,100186,100,101281,100,100161,100,101388,100,100068,100,101636,100,99970,300,101651,100,99927,100,101707,100,99869,100,101915,100,99864,100
2019-06-28 09:51:00.000000000,100964,176,100689,176,101042,176,100677,176,101089,176,100202,376,101212,176,100186,176,101281,100,100161,100,101388,100,100068,100,101636,100,99970,300,101651,100,99927,100,101707,100,99869,100,101915,100,99864,100
2019-06-28 09:51:10.000000000,100964,406,100689,406,101042,100,100677,100,101089,100,100202,300,101212,100,100186,100,101281,100,100161,100,101388,100,100068,100,101636,100,99970,300,101651,100,99927,100,101707,100,99869,100,101915,100,99864,100
2019-06-28 09:51:12.090865870,100964,306,100689,406,101042,100,100677,100,101089,100,100202,300,101212,100,100186,100,101281,100,100161,100,101636,100,100068,100,101651,100,99970,300,101707,100,99927,100,101915,100,99869,100,,,99864,100
2019-06-28 09:51:20.000000000,101042,176,100689,176,101089,176,100677,176,101212,176,100202,376,101281,176,100186,176,101636,100,100161,100,101651,100,100068,100,101707,100,99970,300,101915,100,99927,100,,,99869,100,,,99864,100
2019-06-28 09:51:22.157333575,101042,176,100704,100,101089,176,100689,76,101212,176,100677,176,101281,176,100202,376,101636,100,100186,176,101651,100,100161,100,101707,100,100068,100,101915,100,99970,300,,,99927,100,,,99869,100
2019-06-28 09:51:22.430170913,101042,76,100704,100,101089,176,100689,76,101212,176,100677,176,101281,76,100202,376,101636,100,100186,176,101651,100,100161,100,101707,100,100068,100,101915,100,99970,300,,,99927,100,,,99869,100
2019-06-28 09:51:27.742001132,101089,176,101042,24,101212,176,100704,100,101281,76,100689,76,101636,100,100677,176,101651,100,100202,376,101707,100,100186,176,101915,100,100161,100,,,100068,100,,,99970,300,,,99927,100
2019-06-28 09:51:30.000000000,101089,176,101042,100,101212,176,100704,176,101636,176,100677,176,101651,176,100202,376,101707,100,100186,100,101915,100,100161,100,,,100068,100,,,99970,300,,,99927,100,,,99869,100
2019-06-28 09:51:40.000000000,101089,176,101042,100,101212,176,100704,176,101636,176,100677,176,101651,176,100202,376,101707,100,100186,100,101915,100,100161,100,,,100068,100,,,99970,300,,,99927,100,,,99869,100
2019-06-28 09:51:44.926050386,101089,176,101042,100,101207,100,100704,176,101212,176,100677,176,101636,176,100202,376,101651,176,100186,100,101707,100,100161,100,101915,100,100068,100,,,99970,300,,,99927,100,,,99869,100
2019-06-28 09:51:46.090283046,101089,176,101042,100,101207,100,100704,176,101212,176,100677,176,101522,100,100202,376,101636,176,100186,100,101651,76,100161,100,101707,100,100068,100,101915,100,99970,300,,,99927,100,,,99869,100
2019-06-28 09:51:50.000000000,101089,406,101042,330,101207,100,100704,100,101212,100,100677,100,101522,100,100202,300,101636,100,100186,100,101707,100,100161,100,101915,100,100068,100,,,99970,300,,,99927,100,,,99869,100
2019-06-28 09:51:52.979573288,101089,406,101042,330,101207,100,100704,100,101212,100,100677,100,101447,100,100202,300,101522,100,100186,100,101636,100,100161,100,101707,100,100068,100,101915,100,99970,300,,,99927,100,,,99869,100
2019-06-28 09:52:00.000000000,101089,253,101042,177,101207,253,100704,253,101212,100,100677,100,101447,100,100202,300,101522,100,100186,100,101636,100,100161,100,101707,100,100068,100,101915,100,99970,300,,,99927,100,,,99869,100
2019-06-28 09:52:01.700307494,101089,153,101042,177,101207,253,100704,253,101212,100,100677,100,101447,100,100202,300,101522,100,100186,100,101636,100,100161,100,101707,100,100068,100,101915,100,99970,300,,,99927,100,,,99869,100
2019-06-28 09:52:04.188669532,101089,53,101042,177,101207,253,100704,253,101212,100,100677,100,101447,100,100202,300,101522,100,100186,100,101636,100,100161,100,101707,100,100068,100,101915,100,99970,300,,,99927,100,,,99869,100
2019-06-28 09:52:08.057934990,101089,53,101042,177,101207,253,100704,253,101212,100,100677,100,101447,100,100202,300,101522,100,100186,100,101636,100,100161,100,101685,100,100068,100,101707,100,99970,300,101915,100,99927,100,,,99869,100
2019-06-28 09:52:10.000000000,101207,204,101042,128,101212,201,100704,201,101447,201,100677,201,101522,100,100202,300,101636,100,100186,100,101685,100,100161,100,101707,100,100068,100,101915,100,99970,300,,,99927,100,,,99869,100
2019-06-28 09:52:12.053983842,101207,204,101042,128,101212,201,100704,201,101447,201,100677,201,101522,100,100202,300,101636,100,100186,100,101651,100,100161,100,101685,100,100068,100,101707,100,99970,300,101915,100,99927,100,,,99869,100
2019-06-28 09:52:13.869797470,101207,204,101042,128,101212,201,100704,201,101447,201,100677,201,101522,100,100202,300,101613,100,100186,100,101636,100,100161,100,101651,100,100068,100,101685,100,99970,300,101707,100,99927,100,101915,100,99864,100
2019-06-28 09:52:20.000000000,101207,161,101042,85,101212,161,100704,161,101447,161,100677,161,101522,161,100202,361,101613,161,100186,161,101636,100,100161,100,101651,100,100068,100,101685,100,99970,300,101707,100,99927,100,101915,100,99864,100
2019-06-28 09:52:30.000000000,101207,176,101042,100,101212,176,100704,176,101447,176,100677,176,101522,176,100202,376,101613,100,100186,100,101636,100,100161,100,101651,100,100068,100,101685,100,99970,300,101707,100,99927,100,101915,100,99864,100
2019-06-28 09:52:30.581478563,101207,176,101042,100,101212,176,100704,176,101447,176,100677,176,101522,176,100202,376,101542,100,100186,100,101613,100,100161,100,101636,100,100068,100,101651,100,99970,300,101685,100,99927,100,101707,100,99864,100
2019-06-28 09:52:38.721934481,101207,76,101042,100,101212,176,100704,176,101447,176,100677,176,101522,176,100202,376,101542,100,100186,100,101613,100,100161,100,101636,100,100068,100,101651,100,99970,300,101685,100,99927,100,101707,100,99864,100
2019-06-28 09:52:39.335459710,101207,76,101042,100,101212,176,100704,176,101447,176,100677,176,101522,176,100202,376,101538,100,100186,100,101542,100,100161,100,101613,100,100068,100,101636,100,99970,300,101651,100,99927,100,101685,100,99864,100
2019-06-28 09:52:40.000000000,101212,204,101042,128,101447,201,100704,201,101522,201,100677,201,101538,100,100202,300,101542,100,100186,100,101613,100,100161,100,101636,100,100068,100,101651,100,99970,300,101685,100,99927,100,101707,100,99864,100
2019-06-28 09:52:47.044741212,101212,104,101042,128,101447,201,100704,201,101522,201,100677,201,101538,100,100202,300,101542,100,100186,100,101613,100,100161,100,101636,100,100068,100,101651,100,99970,300,101685,100,99927,100,101707,100,99864,100
2019-06-28 09:52:48.323049670,101212,104,101042,128,101378,100,100704,201,101447,201,100677,201,101522,201,100202,300,101538,100,100186,100,101542,100,100161,100,101613,100,100068,100,101636,100,99970,300,101651,100,99927,100,101685,100,99864,100
2019-06-28 09:52:50.000000000,101378,176,101042,100,101447,176,100704,176,101522,176,100677,176,101538,176,100202,376,101542,100,100186,100,101613,100,100161,100,101636,100,100068,100,101651,100,99970,300,101685,100,99927,100,101707,100,99864,100
2019-06-28 09:52:50.630590092,101378,176,101207,100,101447,176,101042,100,101522,176,100704,176,101538,176,100677,176,101542,100,100202,376,101613,100,100186,100,101636,100,100161,100,101651,100,100068,100,101685,100,99970,300,101707,100,99927,100
2019-06-28 09:53:00.000000000,101378,406,101207,406,101447,100,101042,24,101522,100,100704,100,101538,100,100677,100,101542,100,100202,300,101613,100,100186,100,101636,100,100161,100,101651,100,100068,100,101685,100,99970,300,101707,100,99927,100
2019-06-28 09:53:10.000000000,101378,176,101207,176,101447,176,101042,100,101522,176,100704,176,101538,176,100677,176,101542,100,100202,300,101613,100,100186,100,101636,100,100161,100,101651,100,100068,100,101685,100,99970,300,101707,100,99927,100
2019-06-28 09:53:17.018558529,101378,176,101207,176,101447,176,101042,100,101522,176,100704,176,101538,176,100677,176,101542,100,100202,300,101613,100,100186,100,101636,100,100161,100,101651,100,100068,100,101685,100,99970,200,101707,100,99927,100
2019-06-28 09:53:17.475330524,101378,176,101207,76,101447,176,101042,100,101522,176,100704,176,101538,176,100677,176,101542,100,100202,300,101613,100,100186,100,101636,100,100161,100,101651,100,100068,100,101685,100,99970,200,101707,100,99927,100
2019-06-28 09:53:20.000000000,101378,176,101042,100,101447,176,100704,176,101522,176,100677,176,101538,176,100202,376,101542,100,100186,100,101613,100,100161,100,101636,100,100068,100,101651,100,99970,200,101685,100,99927,100,101707,100,99864,100
2019-06-28 09:53:23.415259182,101378,176,101208,100,101447,176,101042,100,101522,176,100704,176,101538,176,100677,176,101542,100,100202,376,101613,100,100186,100,101636,100,100161,100,101651,100,100068,100,101685,100,99970,200,101707,100,99927,100
2019-06-28 09:53:30.000000000,101378,406,101208,406,101447,100,101042,24,101522,100,100704,100,101538,100,100677,100,101542,100,100202,300,101613,100,100186,100,101636,100,100161,100,101651,100,100068,100,101685,100,99970,200,101707,100,99927,100
2019-06-28 09:53:30.851292011,101378,406,101208,506,101447,100,101042,24,101522,100,100704,100,101538,100,100677,100,101542,100,100202,300,101613,100,100186,100,101636,100,100161,100,101651,100,100068,100,101685,100,99970,200,101707,100,99927,100
2019-06-28 09:53:40.000000000,101378,161,101208,261,101447,161,101042,85,101522,161,100704,161,101538,161,100677,161,101542,161,100202,361,101613,100,100186,100,101636,100,100161,100,101651,100,100068,100,101685,100,99970,200,101707,100,99927,100
2019-06-28 09:53:41.215242408,101378,161,101208,261,101407,100,101042,85,101447,161,100704,161,101522,161,100677,161,101538,161,100202,361,101542,161,100186,100,101613,100,100161,100,101636,100,100068,100,101685,100,99970,200,101707,100,99927,100
2019-06-28 09:53:50.000000000,101378,406,101208,506,101407,100,101042,24,101447,100,100704,100,101522,100,100677,100,101538,100,100202,300,101542,100,100186,100,101613,100,100161,100,101636,100,100068,100,101685,100,99970,200,101707,100,99927,100
2019-06-28 09:53:53.980372362,101378,406,101208,506,101407,100,101042,24,101447,100,100704,100,101522,100,100677,100,101538,100,100202,200,101542,100,100186,100,101613,100,100161,100,101636,100,100068,100,101685,100,99970,200,101707,100,99927,100
2019-06-28 09:53:58.535071536,101378,406,101208,506,101407,100,101042,24,101447,100,100704,100,101509,100,100677,100,101522,100,100202,200,101538,100,100186,100,101542,100,100161,100,101613,100,100068,100,101636,100,99970,200,101685,100,99927,100
2019-06-28 09:54:00.000000000,101378,204,101208,304,101407,201,101042,125,101447,201,100704,201,101509,100,100677,100,101522,100,100202,200,101538,100,100186,100,101542,100,100161,100,101613,100,100068,100,101636,100,99970,200,101685,100,99927,100
2019-06-28 09:54:10.000000000,101378,204,101208,304,101407,201,101042,125,101447,201,100704,201,101509,100,100677,100,101522,100,100202,200,101538,100,100186,100,101542,100,100161,100,101613,100,100068,100,101636,100,99970,200,101685,100,99927,100
2019-06-28 09:54:10.843595751,101355,100,101208,304,101378,204,101042,125,101407,201,100704,201,101447,201,100677,100,101509,100,100202,200,101522,100,100186,100,101538,100,100161,100,101542,100,100068,100,101613,100,99970,200,101636,100,99927,100
2019-06-28 09:54:20.000000000,101355,176,101208,276,101378,176,101042,100,101407,176,100704,176,101447,176,100677,176,101509,100,100202,200,101522,100,100186,100,101538,100,100161,100,101542,100,100068,100,101613,100,99970,200,101636,100,99927,100
2019-06-28 09:54:30.000000000,101355,176,101208,276,101378,176,101042,100,101407,176,100704,176,101447,176,100677,176,101509,100,100202,200,101522,100,100186,100,101538,100,100161,100,101542,100,100068,100,101613,100,99970,200,101636,100,99927,100
2019-06-28 09:54:40.000000000,101355,204,101208,304,101378,201,101042,125,101407,201,100704,201,101447,100,100677,100,101509,100,100202,200,101522,100,100186,100,101538,100,100161,100,101542,100,100068,100,101613,100,99970,200,101636,100,99927,100
2019-06-28 09:54:50.000000000,101355,161,101208,261,101378,161,101042,85,101407,161,100704,161,101447,161,100677,161,101509,161,100202,261,101522,100,100186,100,101538,100,100161,100,101542,100,100068,100,101613,100,99970,200,101636,100,99927,100
2019-06-28 09:55:00.000000000,101355,161,101208,261,101378,161,101042,85,101407,161,100704,161,101447,161,100677,161,101509,161,100202,261,101522,100,100186,100,101538,100,100161,100,101542,100,100068,100,101613,100,99970,200,101636,100,99927,100
2019-06-28 09:55:02.645549116,101211,100,101208,261,101355,161,101042,85,101378,161,100704,61,101407,161,100677,161,101447,161,100202,261,101509,161,100186,100,101522,100,100161,100,101538,100,100068,100,101542,100,99970,200,101613,100,99927,100
2019-06-28 09:55:06.272135449,101211,100,101208,261,101355,161,101042,85,101378,161,100704,61,101407,161,100677,161,101447,161,100573,100,101509,161,100202,261,101522,100,100186,100,101538,100,100161,100,101542,100,100068,100,101613,100,99970,200
2019-06-28 09:55:10.000000000,101211,253,101208,353,101355,253,101042,177,101378,100,100677,100,101407,100,100573,100,101447,100,100202,200,101509,100,100186,100,101522,100,100161,100,101538,100,100068,100,101542,100,99970,200,101613,100,99927,100
2019-06-28 09:55:20.000000000,101211,161,101208,261,101355,161,101042,85,101378,161,100677,161,101407,161,100573,161,101447,161,100202,261,101509,100,100186,100,101522,100,100161,100,101538,100,100068,100,101542,100,99970,200,101613,100,99927,100
2019-06-28 09:55:26.519588811,101211,161,101208,161,101355,161,101042,85,101378,161,100677,161,101407,161,100573,161,101447,161,100202,261,101509,100,100186,100,101522,100,100161,100,101538,100,100068,100,101542,100,99970,200,101613,100,99927,100
2019-06-28 09:55:30.000000000,101211,406,101208,406,101355,100,101042,24,101378,100,100677,100,101407,100,100573,100,101447,100,100202,200,101509,100,100186,100,101522,100,100161,100,101538,100,100068,100,101542,100,99970,200,101613,100,99927,100
2019-06-28 09:55:40.000000000,101211,176,101208,176,101355,176,101042,100,101378,176,100677,176,101407,176,100573,176,101447,100,100202,200,101509,100,100186,100,101522,100,100161,100,101538,100,100068,100,101542,100,99970,200,101613,100,99927,100
2019-06-28 09:55:47.140430750,101211,176,101208,76,101355,176,101042,100,101378,176,100677,176,101407,176,100573,176,101447,100,100202,200,101509,100,100186,100,101522,100,100161,100,101538,100,99970,200,101542,100,99927,100,101613,100,99864,100
2019-06-28 09:55:50.000000000,101211,406,101042,330,101355,100,100677,100,101378,100,100573,100,101407,100,100202,200,101447,100,100186,100,101509,100,100161,100,101522,100,99970,200,101538,100,99927,100,101542,100,99864,100,101613,100,,
2019-06-28 09:56:00.000000000,101211,406,101042,330,101355,100,100677,100,101378,100,100573,100,101407,100,100202,200,101447,100,100186,100,101509,100,100161,100,101522,100,99970,200,101538,100,99927,100,101542,100,99864,100,101613,100,,
2019-06-28 09:56:10.000000000,101211,161,101042,85,101355,161,100677,161,101378,161,100573,161,101407,161,100202,261,101447,161,100186,161,101509,100,100161,100,101522,100,99970,200,101538,100,99927,100,101542,100,99864,100,101613,100,,
2019-06-28 09:56:13.416520595,101211,161,101042,85,101355,161,100677,161,101378,161,100573,161,101407,161,100284,100,101447,161,100202,261,101509,100,100186,161,101522,100,100161,100,101538,100,99970,200,101542,100,99927,100,101613,100,99864,100
2019-06-28 09:56:19.585278069,101042,15,100677,161,101211,161,100573,161,101355,161,100284,100,101378,161,100202,261,101407,161,100186,161,101447,161,100161,100,101509,100,99970,200,101522,100,99927,100,101538,100,99864,100,101613,100,,
2019-06-28 09:56:20.000000000,101042,168,100677,253,101211,253,100573,253,101355,100,100284,100,101378,100,100202,200,101407,100,100186,100,101447,100,100161,100,101509,100,99970,200,101522,100,99927,100,101538,100,99864,100,101613,100,,
2019-06-28 09:56:30.000000000,101042,91,100677,176,101211,176,100573,176,101355,176,100284,176,101378,176,100202,276,101407,100,100186,100,101447,100,100161,100,101509,100,99970,200,101522,100,99927,100,101538,100,99864,100,101613,100,,
2019-06-28 09:56:31.011388796,101042,91,100677,176,101208,100,100573,176,101211,176,100284,176,101355,176,100202,276,101378,176,100161,100,101407,100,99970,200,101447,100,99927,100,101509,100,99864,100,101522,100,,,101538,100,,
2019-06-28 09:56:40.000000000,101042,168,100677,253,101208,253,100573,253,101211,100,100284,100,101355,100,100202,200,101378,100,100161,100,101407,100,99970,200,101447,100,99927,100,101509,100,99864,100,101522,100,,,101538,100,,
2019-06-28 09:56:50.000000000,101042,119,100677,204,101208,201,100573,201,101211,201,100284,201,101355,100,100202,200,101378,100,100161,100,101407,100,99970,200,101447,100,99927,100,101509,100,99864,100,101522,100,,,101538,100,,
2019-06-28 09:57:00.000000000,101042,119,100677,204,101208,201,100573,201,101211,201,100284,201,101355,100,100202,200,101378,100,100161,100,101407,100,99970,200,101447,100,99927,100,101509,100,99864,100,101522,100,,,101538,100,,
2019-06-28 09:57:10.000000000,101042,321,100677,406,101208,100,100573,100,101211,100,100284,100,101355,100,100202,200,101378,100,100161,100,101407,100,99970,200,101447,100,99927,100,101509,100,99864,100,101522,100,,,101538,100,,
2019-06-28 09:57:20.000000000,101042,168,100677,253,101208,253,100573,253,101211,100,100284,100,101355,100,100202,200,101378,100,100161,100,101407,100,99970,200,101447,100,99927,100,101509,100,99864,100,101522,100,,,101538,100,,
2019-06-28 09:57:25.800415545,101042,168,100677,253,101208,253,100573,253,101211,100,100284,100,101355,100,100202,200,101378,100,100161,100,101407,100,99970,200,101447,100,99927,100,101509,100,99905,100,101522,100,99864,100,101538,100,,
2019-06-28 09:57:30.000000000,101042,76,100677,161,101208,161,100573,161,101211,161,100284,161,101355,161,100202,261,101378,161,100161,161,101407,100,99970,200,101447,100,99927,100,101509,100,99905,100,101522,100,99864,100,101538,100,,
2019-06-28 09:57:40.000000000,101042,168,100677,253,101208,253,100573,253,101211,100,100284,100,101355,100,100202,200,101378,100,100161,100,101407,100,99970,200,101447,100,99927,100,101509,100,99905,100,101522,100,99864,100,101538,100,,
2019-06-28 09:57:40.532846707,101042,168,100677,153,101208,253,100573,253,101211,100,100284,100,101355,100,100202,200,101378,100,100161,100,101407,100,99970,200,101447,100,99927,100,101509,100,99905,100,101522,100,99864,100,101538,100,,
2019-06-28 09:57:50.000000000,101042,119,100573,204,101208,201,100284,201,101211,201,100202,301,101355,100,100161,100,101378,100,99970,200,101407,100,99927,100,101447,100,99905,100,101509,100,99864,100,101522,100,,,101538,100,,
2019-06-28 09:58:00.000000000,101042,119,100573,204,101208,201,100284,201,101211,201,100202,301,101355,100,100161,100,101378,100,99970,200,101407,100,99927,100,101447,100,99905,100,101509,100,99864,100,101522,100,,,101538,100,,
2019-06-28 09:58:04.486503662,101042,119,100573,104,101208,201,100284,201,101211,201,100202,301,101355,100,100161,100,101378,100,99970,200,101407,100,99927,100,101447,100,99905,100,101509,100,99864,100,101522,100,,,101538,100,,
2019-06-28 09:58:06.674089508,101042,119,100573,4,101208,201,100284,201,101211,201,100202,301,101355,100,100161,100,101378,100,99970,200,101407,100,99927,100,101447,100,99905,100,101509,100,99864,100,101522,100,,,101538,100,,
2019-06-28 09:58:10.000000000,101042,168,100284,253,101208,253,100202,353,101211,100,100161,100,101355,100,99970,200,101378,100,99927,100,101407,100,99905,100,101447,100,99864,100,101509,100,,,101522,100,,,101538,100,,
2019-06-28 09:58:20.000000000,101042,168,100284,253,101208,253,100202,353,101211,100,100161,100,101355,100,99970,200,101378,100,99927,100,101407,100,99905,100,101447,100,99864,100,101509,100,,,101522,100,,,101538,100,,
2019-06-28 09:58:30.000000000,101042,91,100284,176,101208,176,100202,276,101211,176,100161,176,101355,176,99970,276,101378,100,99927,100,101407,100,99905,100,101447,100,99864,100,101509,100,,,101522,100,,,101538,100,,
2019-06-28 09:58:40.000000000,101042,119,100284,204,101208,201,100202,301,101211,201,100161,201,101355,100,99970,200,101378,100,99927,100,101407,100,99905,100,101447,100,99864,100,101509,100,,,101522,100,,,101538,100,,
2019-06-28 09:58:44.275288659,100693,100,100284,204,101042,119,100202,301,101208,201,100161,201,101211,201,99970,200,101355,100,99927,100,101378,100,99905,100,101407,100,99864,100,101447,100,,,101509,100,,,101538,100,,
2019-06-28 09:58:50.000000000,100693,406,100284,406,101042,15,100202,200,101208,100,100161,100,101211,100,99970,200,101355,100,99927,100,101378,100,99905,100,101407,100,99864,100,101447,100,,,101509,100,,,101538,100,,
2019-06-28 09:58:58.522785185,100693,406,100574,100,101042,15,100284,406,101208,100,100202,200,101211,100,100161,100,101355,100,99970,100,101378,100,99927,100,101407,100,99905,100,101447,100,99864,100,101509,100,,,101538,100,,
2019-06-28 09:59:00.000000000,100693,253,100574,253,101042,168,100284,253,101208,100,100202,200,101211,100,100161,100,101355,100,99970,100,101378,100,99927,100,101407,100,99905,100,101447,100,99864,100,101509,100,,,101538,100,,
2019-06-28 09:59:09.236403881,100693,153,100574,253,101042,168,100284,253,101208,100,100202,200,101211,100,100161,100,101355,100,99970,100,101378,100,99927,100,101407,100,99905,100,101447,100,99864,100,101509,100,,,101538,100,,
2019-06-28 09:59:10.000000000,101042,76,100574,161,101208,161,100284,161,101211,161,100202,261,101355,161,100161,161,101378,161,99970,161,101407,100,99927,100,101447,100,99905,100,101509,100,99864,100,101538,100,,,101613,100,,
2019-06-28 09:59:20.000000000,101042,76,100574,161,101208,161,100284,161,101211,161,100202,261,101355,161,100161,161,101378,161,99970,161,101407,100,99927,100,101447,100,99905,100,101509,100,99864,100,101538,100,,,101613,100,,
2019-06-28 09:59:24.435552112,101042,76,100720,100,101208,161,100574,161,101211,161,100284,161,101355,161,100202,261,101378,161,100161,161,101407,100,99970,161,101447,100,99927,100,101509,100,99905,100,101538,100,99864,100,101613,100,,
2019-06-28 09:59:30.000000000,101042,91,100720,176,101208,176,100574,176,101211,176,100284,176,101355,176,100202,276,101378,100,100161,100,101407,100,99970,100,101447,100,99927,100,101509,100,99905,100,101538,100,99864,100,101613,100,,
2019-06-28 09:59:40.000000000,101042,91,100720,176,101208,176,100574,176,101211,176,100284,176,101355,176,100202,276,101378,100,100161,100,101407,100,99970,100,101447,100,99927,100,101509,100,99905,100,101538,100,99864,100,101613,100,,
2019-06-28 09:59:50.000000000,101042,168,100720,253,101208,253,100574,253,101211,100,100284,100,101355,100,100202,200,101378,100,100161,100,101407,100,99970,100,101447,100,99927,100,101509,100,99905,100,101538,100,99864,100,101613,100,,
2019-06-28 09:59:58.205296053,101042,168,100720,253,101208,253,100619,100,101211,100,100574,253,101355,100,100284,100,101407,100,100202,200,101447,100,100161,100,101509,100,99970,100,101538,100,99927,100,101613,100,99905,100,101685,100,99864,100
2019-06-28 10:00:00.000000000,101042,91,100720,176,101208,176,100619,176,101211,176,100574,176,101355,176,100284,176,101407,100,100202,200,101447,100,100161,100,101509,100,99970,100,101538,100,99927,100,101613,100,99905,100,101685,100,99864,100
2019-06-28 10:00:00.796240610,101042,91,100720,76,101208,176,100619,176,101211,176,100574,176,101355,176,100284,176,101407,100,100202,200,101447,100,100161,100,101509,100,99970,100,101538,100,99927,100,101613,100,99905,100,101685,100,99864,100
2019-06-28 10:00:10.000000000,101042,168,100619,253,101208,253,100574,253,101211,100,100284,100,101355,100,100202,200,101407,100,100161,100,101447,100,99970,100,101509,100,99927,100,101538,100,99905,100,101613,100,99864,100,101685,100,,
2019-06-28 10:00:20.000000000,101042,321,100619,406,101208,100,100574,100,101211,100,100284,100,101355,100,100202,200,101407,100,100161,100,101447,100,99970,100,101509,100,99927,100,101538,100,99905,100,101613,100,99864,100,101685,100,,
2019-06-28 10:00:30.000000000,101042,76,100619,161,101208,161,100574,161,101211,161,100284,161,101355,161,100202,261,101407,161,100161,161,101447,100,99970,100,101509,100,99927,100,101538,100,99905,100,101613,100,99864,100,101685,100,,
2019-06-28 10:00:40.000000000,101042,76,100619,161,101208,161,100574,161,101211,161,100284,161,101355,161,100202,261,101407,161,100161,161,101447,100,99970,100,101509,100,99927,100,101538,100,99905,100,101613,100,99864,100,101685,100,,
2019-06-28 10:00:50.000000000,101042,168,100619,253,101208,253,100574,253,101211,100,100284,100,101355,100,100202,200,101407,100,100161,100,101447,100,99970,100,101509,100,99927,100,101538,100,99905,100,101613,100,99864,100,101685,100,,
2019-06-28 10:00:56.621447829,101042,168,100619,253,101208,253,100574,253,101355,100,100284,100,101407,100,100202,200,101447,100,100161,100,101509,100,99970,100,101538,100,99927,100,101613,100,99905,100,101685,100,99864,100,101915,100,,
2019-06-28 10:01:00.000000000,101042,321,100619,406,101208,100,100574,100,101355,100,100284,100,101407,100,100202,200,101447,100,100161,100,101509,100,99970,100,101538,100,99927,100,101613,100,99905,100,101685,100,99864,100,101915,100,,
2019-06-28 10:01:05.003685329,101042,321,100619,306,101208,100,100574,100,101355,100,100284,100,101407,100,100202,200,101447,100,100161,100,101509,100,99970,100,101538,100,99927,100,101613,100,99905,100,101685,100,99864,100,,,,
2019-06-28 10:01:10.000000000,101042,321,100574,406,101208,100,100284,100,101355,100,100202,200,101407,100,100161,100,101447,100,99970,100,101509,100,99927,100,101538,100,99905,100,101613,100,99864,100,101685,100,,,,,,
2019-06-28 10:01:17.278734787,101042,321,100574,406,101208,100,100284,100,101355,100,100202,200,101407,100,100161,100,101447,100,99970,100,101509,100,99927,100,101538,100,99905,100,101613,100,99864,100,101685,100,99618,100,,,,
2019-06-28 10:01:20.000000000,101042,91,100574,176,101208,176,100284,176,101355,176,100202,276,101407,176,100161,176,101447,100,99970,100,101509,100,99927,100,101538,100,99905,100,101613,100,99864,100,101685,100,99618,100,,,,
2019-06-28 10:01:30.000000000,101042,76,100574,161,101208,161,100284,161,101355,161,100202,261,101407,161,100161,161,101447,161,99970,161,101509,100,99927,100,101538,100,99905,100,101613,100,99864,100,101685,100,99618,100,,,,
2019-06-28 10:01:35.299312455,101042,76,100574,61,101208,161,100284,161,101355,161,100202,261,101407,161,100161,161,101447,161,99970,161,101509,100,99927,100,101538,100,99905,100,101613,100,99864,100,101685,100,99618,100,,,,
2019-06-28 10:01:40.000000000,101042,119,100284,204,101208,201,100202,301,101355,201,100161,201,101407,100,99970,100,101447,100,99927,100,101509,100,99905,100,101538,100,99864,100,101613,100,99618,100,101685,100,,,,,,
2019-06-28 10:01:46.084461261,100619,100,100284,204,101042,119,100202,301,101208,201,100161,201,101355,201,99970,100,101407,100,99927,100,101447,100,99905,100,101509,100,99864,100,101538,100,99618,100,101613,100,,,101685,100,,
2019-06-28 10:01:50.000000000,100619,204,100284,204,101042,116,100202,301,101208,201,100161,201,101355,100,99970,100,101407,100,99927,100,101447,100,99905,100,101509,100,99864,100,101538,100,99618,100,101613,100,,,101685,100,,
2019-06-28 10:01:55.619207519,100619,204,100284,204,101042,116,100202,301,101208,201,100161,201,101355,100,99970,100,101407,100,99927,100,101447,100,99905,100,101509,100,99864,100,101538,100,99618,100,101613,100,99430,100,101685,100,,
2019-06-28 10:02:00.000000000,100619,161,100284,161,101042,76,100202,261,101208,161,100161,161,101355,161,99970,161,101407,161,99927,161,101447,100,99905,100,101509,100,99864,100,101538,100,99618,100,101613,100,99430,100,101685,100,,
2019-06-28 10:02:04.035535987,100619,161,100284,61,101042,76,100202,261,101208,161,100161,161,101355,161,99970,161,101407,161,99927,161,101447,100,99905,100,101509,100,99864,100,101613,100,99618,100,101685,100,99430,100,,,,
2019-06-28 10:02:10.000000000,100619,204,100202,304,101042,116,100161,201,101208,201,99970,201,101355,100,99927,100,101407,100,99905,100,101447,100,99864,100,101509,100,99618,100,101613,100,99430,100,101685,100,,,,,,
2019-06-28 10:02:20.000000000,100619,253,100202,353,101042,168,100161,253,101208,100,99970,100,101355,100,99927,100,101407,100,99905,100,101447,100,99864,100,101509,100,99618,100,101613,100,99430,100,101685,100,,,,,,
2019-06-28 10:02:30.000000000,100619,161,100202,261,101042,76,100161,161,101208,161,99970,161,101355,161,99927,161,101407,161,99905,161,101447,100,99864,100,101509,100,99618,100,101613,100,99430,100,101685,100,,,,,,
2019-06-28 10:02:38.009460242,100574,100,100202,261,100619,161,100161,161,101042,76,99970,161,101208,61,99927,161,101355,161,99905,161,101407,161,99864,100,101447,100,99618,100,101509,100,99430,100,101613,100,,,101685,100,,
2019-06-28 10:02:40.000000000,100574,204,100202,304,100619,201,100161,201,101042,116,99970,201,101355,100,99927,100,101407,100,99905,100,101447,100,99864,100,101509,100,99618,100,101613,100,99430,100,101685,100,,,,,,
2019-06-28 10:02:43.037908341,100574,304,100202,304,100619,201,100161,201,101042,116,99970,201,101355,100,99927,100,101407,100,99905,100,101447,100,99864,100,101509,100,99618,100,101613,100,99430,100,101685,100,,,,,,
2019-06-28 10:02:45.956142341,100574,404,100202,204,100619,201,100161,201,101042,116,99970,201,101355,100,99927,100,101407,100,99905,100,101447,100,99864,100,101509,100,99618,100,101613,100,99430,100,101685,100,,,,,,
2019-06-28 10:02:48.559385174,100574,404,100202,104,100619,201,100161,201,101042,116,99970,201,101355,100,99927,100,101407,100,99905,100,101447,100,99864,100,101509,100,99618,100,101613,100,99430,100,101685,100,,,,,,
2019-06-28 10:02:50.000000000,100574,404,100161,204,100619,201,99970,201,101042,116,99927,201,101355,100,99905,100,101407,100,99864,100,101447,100,99618,100,101509,100,99430,100,101613,100,,,101685,100,,,,,,
2019-06-28 10:02:57.582614875,100284,100,100161,204,100574,404,99970,201,100619,101,99927,201,101042,116,99905,100,101355,100,99864,100,101407,100,99618,100,101447,100,99430,100,101509,100,,,101613,100,,,101685,100,,
2019-06-28 10:03:00.000000000,100284,406,100161,406,100574,300,99970,100,101042,15,99927,100,101355,100,99905,100,101407,100,99864,100,101447,100,99618,100,101509,100,99430,100,101613,100,,,101685,100,,,,,,
2019-06-28 10:03:06.376942819,100284,406,100161,306,100574,300,99970,100,101042,15,99927,100,101355,100,99905,100,101407,100,99864,100,101447,100,99618,100,101613,100,99430,100,101685,100,,,,,,,,,,
2019-06-28 10:03:10.000000000,100284,204,99970,204,100574,401,99927,201,101042,116,99905,201,101355,100,99864,100,101407,100,99618,100,101447,100,99430,100,101613,100,,,101685,100,,,,,,,,,,
2019-06-28 10:03:12.771890809,100284,204,99970,204,100574,401,99927,201,101042,116,99905,201,101355,100,99864,100,101407,100,99717,100,101447,100,99618,100,101613,100,99430,100,101685,100,,,,,,,,,,
2019-06-28 10:03:20.000000000,100284,161,99970,161,100574,361,99927,161,101042,76,99905,161,101355,161,99864,161,101407,161,99717,161,101447,100,99618,100,101613,100,99430,100,101685,100,,,,,,,,,,
2019-06-28 10:03:20.568167491,100284,161,99970,61,100574,361,99927,161,101042,76,99905,161,101355,161,99864,161,101407,161,99717,161,101447,100,99618,100,101613,100,99430,100,101685,100,,,,,,,,,,
2019-06-28 10:03:24.654970878,100284,161,99970,61,100574,361,99927,161,101042,76,99905,161,101355,161,99864,161,101407,161,99717,161,101447,100,99618,100,101613,100,99506,100,101685,100,99430,100,,,,,,,,
2019-06-28 10:03:24.742289598,100284,161,99970,61,100574,361,99927,161,101042,76,99905,161,101355,161,99864,161,101407,161,99717,161,101447,100,99618,100,101613,100,99506,100,101685,100,99467,100,,,99430,100,,,,
2019-06-28 10:03:24.931075321,99970,39,99927,161,100284,161,99905,161,100574,361,99864,161,101042,76,99717,161,101355,161,99618,100,101407,161,99506,100,101447,100,99467,100,101613,100,99430,100,101685,100,,,,,,
2019-06-28 10:03:30.000000000,99970,143,99927,204,100284,201,99905,201,100574,401,99864,201,101042,15,99717,100,101355,100,99618,100,101407,100,99506,100,101447,100,99467,100,101613,100,99430,100,101685,100,,,,,,
2019-06-28 10:03:40.000000000,99970,192,99927,253,100284,253,99905,253,100574,300,99864,100,101042,15,99717,100,101355,100,99618,100,101407,100,99506,100,101447,100,99467,100,101613,100,99430,100,101685,100,,,,,,
2019-06-28 10:03:50.000000000,99970,100,99927,161,100284,161,99905,161,100574,361,99864,161,101042,76,99717,161,101355,161,99618,161,101407,100,99506,100,101447,100,99467,100,101613,100,99430,100,101685,100,,,,,,
2019-06-28 10:03:56.433523275,99970,100,99927,161,100284,161,99905,161,100574,361,99864,161,101042,76,99717,161,101355,161,99618,161,101407,100,99506,100,101447,100,99467,100,101613,100,99430,100,101685,100,99227,100,,,,
2019-06-28 10:03:57.314060389,99970,100,99927,161,100284,161,99905,161,100574,361,99864,161,101042,76,99717,161,101355,161,99618,161,101407,100,99506,100,101447,100,99467,100,101613,100,99430,100,101685,100,99227,100,,,99110,100
2019-06-28 10:04:00.000000000,99970,100,99927,161,100284,161,99905,161,100574,361,99864,161,101042,76,99717,161,101355,161,99618,161,101407,100,99506,100,101447,100,99467,100,101613,100,99430,100,101685,100,99227,100,,,99110,100
2019-06-28 10:04:10.000000000,99970,143,99927,204,100284,201,99905,201,100574,401,99864,201,101042,15,99717,100,101355,100,99618,100,101407,100,99506,100,101447,100,99467,100,101613,100,99430,100,101685,100,99227,100,,,99110,100
2019-06-28 10:04:17.896010255,99970,143,99927,204,100284,201,99905,201,100574,301,99864,201,101042,15,99717,100,101355,100,99618,100,101407,100,99506,100,101447,100,99467,100,101613,100,99430,100,101685,100,99227,100,,,99110,100
2019-06-28 10:04:20.000000000,99970,345,99927,406,100284,100,99905,100,100574,200,99864,100,101042,15,99717,100,101355,100,99618,100,101407,100,99506,100,101447,100,99467,100,101613,100,99430,100,101685,100,99227,100,,,99110,100
2019-06-28 10:04:30.000000000,99970,345,99927,406,100284,100,99905,100,100574,200,99864,100,101042,15,99717,100,101355,100,99618,100,101407,100,99506,100,101447,100,99467,100,101613,100,99430,100,101685,100,99227,100,,,99110,100
2019-06-28 10:04:36.160557097,99970,345,99927,406,100284,100,99905,100,100574,200,99864,100,101042,15,99717,100,101355,100,99618,100,101407,100,99506,100,101447,100,99467,100,101613,100,99430,100,101685,100,99237,100,,,99227,100
2019-06-28 10:04:40.000000000,99970,192,99927,253,100284,253,99905,253,100574,200,99864,100,101042,15,99717,100,101355,100,99618,100,101407,100,99506,100,101447,100,99467,100,101613,100,99430,100,101685,100,99237,100,,,99227,100
2019-06-28 10:04:41.655239988,99970,292,99927,253,100284,253,99905,253,100574,200,99864,100,101042,15,99717,100,101355,100,99618,100,101407,100,99506,100,101447,100,99467,100,101613,100,99430,100,101685,100,99237,100,,,99227,100
2019-06-28 10:04:50.000000000,99970,292,99927,253,100284,253,99905,253,100574,200,99864,100,101042,15,99717,100,101355,100,99618,100,101407,100,99506,100,101447,100,99467,100,101613,100,99430,100,101685,100,99237,100,,,99227,100
2019-06-28 10:04:53.922058707,99970,292,99927,253,100284,253,99905,253,100574,200,99864,100,101042,15,99717,100,101355,100,99618,100,101407,100,99539,100,101447,100,99506,100,101613,100,99467,100,101685,100,99430,100,,,99237,100
2019-06-28 10:04:54.906329403,99970,292,99927,253,100284,253,99905,253,100574,200,99864,100,101042,15,99746,100,101355,100,99717,100,101407,100,99618,100,101447,100,99539,100,101613,100,99506,100,101685,100,99467,100,,,99430,100
2019-06-28 10:04:57.648896993,99970,292,99927,253,100284,253,99905,253,100574,200,99864,100,101042,15,99746,100,101355,100,99721,100,101407,100,99717,100,101447,100,99618,100,101613,100,99539,100,101685,100,99506,100,,,99467,100
2019-06-28 10:05:00.000000000,99970,215,99927,176,100284,176,99905,176,100574,276,99864,176,101042,91,99746,176,101355,100,99721,100,101407,100,99717,100,101447,100,99618,100,101613,100,99539,100,101685,100,99506,100,,,99467,100
2019-06-28 10:05:06.268802441,99970,215,99927,176,100284,176,99905,176,100574,276,99864,176,101042,91,99746,176,101355,100,99721,100,101407,100,99717,100,101447,100,99618,100,101613,100,99578,100,101685,100,99539,100,,,99506,100
2019-06-28 10:05:10.000000000,99970,200,99927,161,100284,161,99905,161,100574,261,99864,161,101042,76,99746,161,101355,161,99721,161,101407,100,99717,100,101447,100,99618,100,101613,100,99578,100,101685,100,99539,100,,,99506,100
2019-06-28 10:05:20.000000000,99970,200,99927,161,100284,161,99905,161,100574,261,99864,161,101042,76,99746,161,101355,161,99721,161,101407,100,99717,100,101447,100,99618,100,101613,100,99578,100,101685,100,99539,100,,,99506,100
2019-06-28 10:05:20.324209557,99970,200,99927,161,100284,161,99905,161,100574,261,99868,100,101042,76,99864,161,101355,161,99746,161,101407,100,99721,161,101447,100,99717,100,101613,100,99618,100,101685,100,99578,100,,,99539,100
2019-06-28 10:05:26.182001704,99970,100,99927,161,100284,161,99905,161,100574,261,99868,100,101042,76,99864,161,101355,161,99746,161,101407,100,99721,161,101447,100,99717,100,101613,100,99618,100,101685,100,99578,100,,,99539,100
2019-06-28 10:05:30.000000000,99970,115,99927,176,100284,176,99905,176,100574,276,99868,176,101042,91,99864,176,101355,100,99746,100,101407,100,99721,100,101447,100,99717,100,101613,100,99618,100,101685,100,99578,100,,,99539,100
2019-06-28 10:05:40.000000000,99970,192,99927,253,100284,253,99905,253,100574,200,99868,100,101042,15,99864,100,101355,100,99746,100,101407,100,99721,100,101447,100,99717,100,101613,100,99618,100,101685,100,99578,100,,,99539,100
2019-06-28 10:05:50.000000000,99970,143,99927,204,100284,201,99905,201,100574,301,99868,201,101042,15,99864,100,101355,100,99746,100,101407,100,99721,100,101447,100,99717,100,101613,100,99618,100,101685,100,99578,100,,,99539,100
2019-06-28 10:05:55.842672363,99970,143,99927,104,100284,201,99905,201,100574,301,99868,201,101042,15,99864,100,101355,100,99746,100,101407,100,99721,100,101447,100,99717,100,101613,100,99618,100,,,99578,100,,,99539,100
2019-06-28 10:06:00.000000000,99970,115,99905,176,100284,176,99868,176,100574,276,99864,176,101042,91,99746,176,101355,100,99721,100,101407,100,99717,100,101447,100,99618,100,101613,100,99578,100,,,99539,100,,,99506,100
2019-06-28 10:06:07.385425939,99921,100,99905,176,99970,115,99868,176,100284,176,99864,176,100574,276,99746,176,101042,91,99721,100,101355,100,99717,100,101407,100,99618,100,101447,100,99578,100,101613,100,99539,100,,,99506,100
2019-06-28 10:06:10.000000000,99921,161,99905,161,99970,100,99868,161,100284,161,99864,161,100574,261,99746,161,101042,76,99721,161,101355,100,99717,100,101407,100,99618,100,101447,100,99578,100,101613,100,99539,100,,,99506,100
2019-06-28 10:06:20.000000000,99921,176,99905,176,99970,115,99868,176,100284,176,99864,176,100574,276,99746,176,101042,15,99721,100,101355,100,99717,100,101407,100,99618,100,101447,100,99578,100,101613,100,99539,100,,,99506,100
2019-06-28 10:06:30.000000000,99921,176,99905,176,99970,115,99868,176,100284,176,99864,176,100574,276,99746,176,101042,15,99721,100,101355,100,99717,100,101407,100,99618,100,101447,100,99578,100,101613,100,99539,100,,,99506,100
