,ask_price_1,ask_size_1,bid_price_1,bid_size_1,ask_price_2,ask_size_2,bid_price_2,bid_size_2,ask_price_3,ask_size_3,bid_price_3,bid_size_3,ask_price_4,ask_size_4,bid_price_4,bid_size_4,ask_price_5,ask_size_5,bid_price_5,bid_size_5,ask_price_6,ask_size_6,bid_price_6,bid_size_6,ask_price_7,ask_size_7,bid_price_7,bid_size_7,ask_price_8,ask_size_8,bid_price_8,bid_size_8,ask_price_9,ask_size_9,bid_price_9,bid_size_9,ask_price_10,ask_size_10,bid_price_10,bid_size_10
2019-06-28 09:30:00.000000003,100104,100,99813,100,,,,,,,,,,,,,,,,,,,,,,,,,,,,,,,,,,,,
2019-06-28 09:30:00.000000004,100031,100,99978,100,100104,100,99874,100,,,99813,100,,,,,,,,,,,,,,,,,,,,,,,,,,,,
2019-06-28 09:30:00.000000005,100031,100,99978,100,100104,100,99874,100,100123,100,99813,100,,,,,,,,,,,,,,,,,,,,,,,,,,,,
2019-06-28 09:30:00.000000006,100031,100,99978,100,100090,100,99874,100,100104,100,99813,100,100123,100,,,,,,,,,,,,,,,,,,,,,,,,,,
2019-06-28 09:30:00.000000007,100031,100,99998,100,100090,100,99978,100,100104,100,99874,100,100123,100,99813,100,,,,,,,,,,,,,,,,,,,,,,,,
2019-06-28 09:30:00.000000008,100031,100,99978,100,100090,100,99954,100,100104,100,99874,100,100123,100,99813,100,100216,100,,,,,,,,,,,,,,,,,,,,,,
2019-06-28 09:30:00.000000010,100031,100,99978,100,100090,100,99954,100,100104,100,99925,100,100123,100,99874,100,100216,100,99813,100,,,,,,,,,,,,,,,,,,,,
2019-06-28 09:30:00.000000011,100031,100,99980,100,100090,100,99978,100,100104,100,99954,100,100123,100,99925,100,100216,100,99874,100,,,99813,100,,,,,,,,,,,,,,,,
2019-06-28 09:30:00.000000014,100031,100,99997,100,100090,100,99980,100,100104,100,99978,100,100123,100,99954,100,100216,100,99925,100,,,99874,100,,,99813,100,,,,,,,,,,,,
2019-06-28 09:30:00.000000015,100031,100,99997,100,100090,100,99980,100,100104,100,99978,100,100123,100,99954,100,100148,100,99925,100,100216,100,99909,100,,,99874,100,,,99813,100,,,,,,,,
2019-06-28 09:30:00.000000016,100006,100,99997,100,100031,100,99980,100,100090,100,99978,100,100104,100,99954,100,100123,100,99925,100,100148,100,99909,100,100216,100,99874,100,,,99828,100,,,99813,100,,,,
2019-06-28 09:30:00.000000017,100006,100,99980,100,100031,100,99978,100,100090,100,99954,100,100100,100,99925,100,100104,100,99909,100,100123,100,99895,100,100148,100,99874,100,100216,100,99828,100,,,99813,100,,,,
2019-06-28 09:30:00.000000023,100006,100,99997,100,100031,100,99980,100,100090,100,99978,100,100100,100,99954,100,100104,100,99925,100,100123,100,99909,100,100148,100,99895,100,100216,100,99874,100,,,99828,100,,,99813,100
2019-06-28 09:30:00.000000025,100006,100,99997,100,100031,100,99980,100,100057,100,99978,100,100090,100,99954,100,100100,100,99925,100,100104,100,99909,100,100123,100,99895,100,100148,100,99874,100,100216,100,99828,100,,,99813,100
2019-06-28 09:30:00.000000027,99998,100,99997,100,100006,100,99980,100,100031,100,99978,100,100057,100,99954,100,100090,100,99925,100,100100,100,99909,100,100104,100,99895,100,100123,100,99874,100,100148,100,99828,100,100216,100,99813,100
2019-06-28 09:30:00.000000028,99998,100,99997,100,100006,100,99980,100,100031,100,99978,100,100057,100,99954,100,100090,100,99925,100,100100,100,99913,100,100104,200,99909,100,100123,100,99895,100,100148,100,99874,100,100216,100,99828,100
2019-06-28 09:30:00.000000030,99998,100,99997,100,100006,100,99980,100,100031,100,99978,100,100057,100,99954,100,100090,100,99925,100,100100,100,99913,100,100104,200,99909,100,100123,100,99902,100,100148,100,99895,100,100216,100,99874,100
2019-06-28 09:30:00.000000032,99998,100,99980,100,100006,100,99978,100,100031,100,99954,100,100057,100,99925,100,100090,100,99913,100,100100,100,99909,100,100104,200,99902,100,100123,100,99895,100,100148,100,99874,100,100216,100,99828,100
2019-06-28 09:30:00.000000036,99998,100,99980,100,100006,100,99978,100,100031,100,99954,100,100057,100,99925,100,100090,100,99913,100,100100,100,99909,100,100104,200,99902,100,100123,100,99895,100,100148,100,99874,100,100216,100,99828,100
2019-06-28 09:30:00.000000038,99998,100,99997,100,100006,100,99980,100,100031,100,99978,100,100057,100,99954,100,100090,100,99925,100,100100,100,99913,100,100104,200,99909,100,100123,100,99902,100,100148,100,99895,100,100216,100,99874,100
2019-06-28 09:30:00.000000043,99998,200,99997,100,100006,100,99980,100,100031,100,99978,100,100057,100,99954,100,100078,100,99949,100,100090,100,99925,100,100100,100,99913,100,100104,200,99909,100,100123,100,99902,100,100148,100,99895,100
2019-06-28 09:30:00.000000044,99998,200,99997,100,100006,100,99980,100,100031,100,99978,100,100057,100,99954,100,100078,100,99949,100,100090,100,99925,100,100100,100,99913,100,100104,200,99909,100,100123,100,99902,100,100148,100,99895,100
2019-06-28 09:30:00.000000045,99998,200,99997,100,100006,100,99980,100,100031,100,99978,100,100057,100,99954,100,100078,100,99949,100,100082,100,99925,100,100090,100,99913,100,100100,100,99909,100,100104,200,99902,100,100123,100,99895,100
2019-06-28 09:30:00.000000047,99998,200,99997,200,100006,100,99980,100,100031,100,99978,100,100057,100,99954,100,100078,100,99949,100,100082,100,99925,100,100090,100,99913,100,100100,100,99909,100,100104,200,99902,100,100123,100,99895,100
2019-06-28 09:30:00.000000048,99998,200,99997,200,100006,100,99980,100,100031,100,99978,100,100038,100,99954,100,100057,100,99949,100,100078,100,99943,100,100082,100,99925,100,100090,100,99913,100,100100,100,99909,100,100104,200,99902,100
2019-06-28 09:30:00.000000054,99998,200,99997,200,100006,100,99980,100,100031,100,99978,100,100038,100,99954,100,100050,100,99949,100,100057,100,99943,100,100078,100,99925,100,100082,100,99913,100,100090,100,99909,100,100100,100,99902,100
2019-06-28 09:30:00.000000057,99998,100,99997,200,100006,100,99980,100,100031,100,99978,100,100038,100,99954,100,100050,100,99949,100,100057,100,99943,100,100078,100,99925,100,100082,100,99913,100,100090,100,99909,100,100100,100,99902,100
2019-06-28 09:30:00.000000058,99998,100,99997,200,100006,100,99980,100,100031,100,99978,200,100038,100,99954,100,100050,100,99949,100,100057,100,99943,100,100078,100,99925,100,100082,100,99913,100,100090,100,99909,100,100100,100,99902,100
2019-06-28 09:30:00.000000059,99998,100,99997,300,100006,100,99980,100,100031,100,99978,200,100038,100,99968,100,100050,100,99966,100,100057,100,99954,100,100078,100,99949,100,100082,100,99943,100,100090,100,99925,100,100100,100,99913,100
2019-06-28 09:30:00.000000064,99998,100,99997,300,100006,100,99980,100,100014,100,99978,200,100031,100,99968,100,100038,100,99966,100,100050,100,99954,100,100057,100,99949,100,100078,100,99943,100,100082,100,99925,100,100090,100,99913,100
2019-06-28 09:30:00.000000068,99998,100,99997,200,100006,100,99980,100,100014,100,99978,200,100031,100,99968,100,100038,100,99966,100,100050,100,99954,100,100057,100,99949,100,100078,100,99943,100,100082,100,99925,100,100090,100,99913,100
2019-06-28 09:30:00.000000069,99998,100,99997,200,100006,100,99980,100,100014,100,99978,200,100031,100,99968,100,100038,100,99966,100,100050,100,99954,100,100057,100,99949,100,100078,100,99943,100,100082,100,99925,100,100090,100,99913,100
2019-06-28 09:30:00.000000070,100006,100,99997,200,100014,100,99980,100,100031,100,99978,200,100038,100,99968,100,100050,100,99966,100,100055,100,99954,100,100057,100,99949,100,100078,100,99943,100,100082,100,99925,100,100090,100,99913,100
2019-06-28 09:30:00.000000072,99998,100,99997,200,100006,100,99980,100,100014,100,99978,200,100031,100,99968,100,100038,100,99966,100,100050,100,99954,100,100055,100,99949,100,100057,100,99943,100,100078,100,99925,100,100082,100,99913,100
2019-06-28 09:30:00.000000075,99998,100,99997,200,100006,100,99980,100,100014,100,99978,200,100031,100,99968,100,100038,100,99966,100,100050,100,99954,100,100055,100,99949,100,100057,100,99943,100,100078,100,99925,100,100082,100,99917,100
2019-06-28 09:30:00.000000077,99998,100,99997,200,100006,100,99980,100,100014,100,99978,200,100031,100,99968,100,100038,100,99966,100,100050,100,99961,100,100055,100,99954,100,100057,100,99949,100,100078,100,99943,100,100082,100,99925,100
2019-06-28 09:30:00.000000078,99998,100,99997,200,100006,100,99980,100,100014,100,99978,200,100031,100,99968,100,100038,100,99966,100,100050,100,99961,100,100055,100,99954,100,100057,100,99949,100,100078,100,99943,100,100082,100,99925,100
2019-06-28 09:30:00.000000079,99998,100,99997,100,100006,100,99980,100,100014,100,99978,200,100031,100,99968,100,100038,100,99966,100,100050,100,99961,100,100055,100,99954,100,100057,100,99949,100,100078,100,99943,100,100082,100,99925,100
2019-06-28 09:30:00.000000080,100006,100,99997,100,100014,100,99980,100,100031,100,99978,200,100038,100,99968,100,100050,100,99966,100,100055,100,99961,100,100057,100,99954,100,100078,100,99949,100,100082,100,99943,100,100090,100,99925,100
2019-06-28 09:30:00.000000082,100006,100,99997,100,100014,100,99980,100,100031,100,99978,200,100038,100,99968,100,100050,100,99966,100,100055,100,99961,100,100057,100,99954,100,100078,100,99949,100,100082,100,99943,100,100090,100,99925,100
2019-06-28 09:30:00.000000084,100006,100,99997,100,100013,100,99980,100,100014,100,99978,200,100031,100,99968,100,100038,100,99966,100,100050,100,99961,100,100055,100,99954,100,100057,100,99949,100,100078,100,99943,100,100082,100,99925,100
2019-06-28 09:30:00.000000085,100006,100,99997,100,100013,100,99980,100,100014,100,99978,200,100031,100,99968,100,100038,100,99966,100,100050,100,99961,100,100055,100,99954,100,100057,100,99949,100,100078,100,99943,100,100082,100,99925,100
2019-06-28 09:30:00.000000087,100006,200,99997,100,100013,100,99980,100,100014,100,99978,200,100031,100,99968,100,100038,100,99966,100,100050,100,99961,100,100055,100,99954,100,100057,100,99949,100,100078,100,99943,100,100082,100,99925,100
2019-06-28 09:30:00.000000088,100006,200,99997,100,100008,100,99980,100,100013,100,99978,200,100014,100,99968,100,100031,100,99966,100,100038,100,99961,100,100050,100,99954,100,100055,100,99949,100,100057,100,99943,100,100078,100,99925,100
2019-06-28 09:30:00.000000090,100006,200,99997,100,100008,100,99980,100,100013,100,99978,200,100014,100,99968,100,100031,100,99966,100,100038,100,99962,100,100050,100,99961,100,100055,100,99954,100,100057,100,99949,100,100078,100,99943,100
2019-06-28 09:30:00.000000093,100006,300,99997,100,100008,100,99980,100,100013,100,99978,200,100014,100,99968,100,100031,100,99966,100,100038,100,99962,100,100050,100,99961,100,100055,100,99954,100,100057,100,99949,100,100078,100,99943,100
2019-06-28 09:30:00.000000097,100006,300,99997,100,100008,100,99980,100,100013,100,99978,200,100014,100,99968,100,100031,100,99966,100,100038,100,99962,100,100050,100,99961,100,100055,100,99954,100,100057,100,99949,100,100078,100,99943,100
2019-06-28 09:30:00.000000098,100006,300,99997,100,100008,100,99980,100,100013,100,99978,200,100014,100,99968,100,100031,100,99966,100,100038,100,99962,100,100050,100,99961,100,100055,100,99954,100,100057,100,99949,100,100078,100,99943,100
2019-06-28 09:30:03.281950174,100006,300,99997,100,100008,100,99980,100,100013,100,99978,200,100014,100,99968,100,100031,100,99966,100,100038,100,99962,100,100050,100,99961,100,100055,100,99954,100,100057,100,99949,100,100078,100,99943,100
2019-06-28 09:30:10.000000000,100006,455,99997,255,100008,250,99980,250,100013,250,99978,350,100014,100,99968,100,100031,100,99966,100,100038,100,99962,100,100050,100,99961,100,100055,100,99954,100,100057,100,99949,100,100078,100,99943,100
2019-06-28 09:30:20.000000000,100006,414,99997,214,100008,214,99980,214,100013,214,99978,314,100014,214,99968,214,100031,100,99966,100,100038,100,99962,100,100050,100,99961,100,100055,100,99954,100,100057,100,99949,100,100078,100,99943,100
2019-06-28 09:30:24.436159283,100004,100,99997,214,100006,414,99980,214,100008,214,99978,314,100013,214,99968,214,100014,214,99966,100,100031,100,99962,100,100038,100,99961,100,100050,100,99954,100,100055,100,99949,100,100057,100,99943,100
2019-06-28 09:30:30.000000000,100004,556,99997,556,100006,300,99980,100,100008,100,99978,200,100013,100,99968,100,100014,100,99966,100,100031,100,99962,100,100038,100,99961,100,100050,100,99954,100,100055,100,99949,100,100057,100,99943,100
2019-06-28 09:30:34.562946922,100004,556,99997,556,100006,300,99980,100,100008,100,99978,100,100013,100,99968,100,100014,100,99966,100,100031,100,99962,100,100038,100,99961,100,100050,100,99954,100,100055,100,99949,100,100057,100,99943,100
2019-06-28 09:30:39.610965898,100004,556,99997,556,100006,300,99980,100,100008,100,99978,100,100013,100,99968,100,100014,100,99966,100,100031,100,99962,100,100038,100,99961,100,100050,100,99954,100,100055,100,99949,100,100057,100,99943,100
2019-06-28 09:30:40.000000000,100004,255,99997,255,100006,450,99980,250,100008,250,99978,250,100013,100,99968,100,100014,100,99966,100,100031,100,99962,100,100038,100,99961,100,100050,100,99954,100,100055,100,99949,100,100057,100,99943,100
2019-06-28 09:30:50.000000000,100004,214,99997,214,100006,414,99980,214,100008,214,99978,214,100013,214,99968,214,100014,100,99966,100,100031,100,99962,100,100038,100,99961,100,100050,100,99954,100,100055,100,99949,100,100057,100,99943,100
2019-06-28 09:31:00.000000000,100004,255,99997,255,100006,450,99980,250,100008,250,99978,250,100013,100,99968,100,100014,100,99966,100,100031,100,99962,100,100038,100,99961,100,100050,100,99954,100,100055,100,99949,100,100057,100,99943,100
2019-06-28 09:31:08.921619292,100004,155,99997,255,100006,450,99980,250,100008,250,99978,250,100013,100,99968,100,100014,100,99966,100,100031,100,99962,100,100038,100,99961,100,100050,100,99954,100,100055,100,99949,100,100057,100,99943,100
2019-06-28 09:31:10.000000000,100006,455,99997,255,100008,250,99980,250,100013,250,99978,250,100014,100,99968,100,100031,100,99966,100,100038,100,99962,100,100050,100,99961,100,100055,100,99954,100,100057,100,99949,100,100078,100,99943,100
2019-06-28 09:31:20.000000000,100006,455,99997,255,100008,250,99980,250,100013,250,99978,250,100014,100,99968,100,100031,100,99966,100,100038,100,99962,100,100050,100,99961,100,100055,100,99954,100,100057,100,99949,100,100078,100,99943,100
2019-06-28 09:31:30.000000000,100006,414,99997,214,100008,214,99980,214,100013,214,99978,214,100014,214,99968,214,100031,100,99966,100,100038,100,99962,100,100050,100,99961,100,100055,100,99954,100,100057,100,99949,100,100078,100,99943,100
2019-06-28 09:31:30.870262770,100006,414,99997,114,100008,214,99980,214,100013,214,99978,214,100014,214,99968,214,100031,100,99966,100,100038,100,99962,100,100050,100,99961,100,100055,100,99954,100,100057,100,99949,100,100078,100,99943,100
2019-06-28 09:31:40.000000000,100006,414,99980,214,100008,214,99978,214,100013,214,99968,214,100014,214,99966,214,100031,100,99962,100,100038,100,99961,100,100050,100,99954,100,100055,100,99949,100,100057,100,99943,100,100078,100,99925,100
2019-06-28 09:31:42.905838183,100006,414,99980,214,100008,214,99978,214,100013,214,99968,214,100014,214,99966,214,100031,100,99962,100,100038,100,99961,100,100050,100,99954,100,100055,100,99949,100,100057,100,99943,100,100078,100,99925,100
2019-06-28 09:31:48.112983951,100006,414,99980,214,100008,214,99978,214,100013,214,99968,214,100014,214,99966,214,100031,100,99962,100,100038,100,99954,100,100050,100,99949,100,100055,100,99943,100,100057,100,99925,100,100078,100,99924,100
2019-06-28 09:31:49.045450812,100006,414,99980,214,100008,214,99978,214,100013,214,99968,214,100014,214,99966,214,100031,100,99962,100,100038,100,99954,100,100050,100,99949,100,100055,100,99943,100,100078,100,99925,100,100082,100,99924,100
2019-06-28 09:31:50.000000000,100006,528,99980,328,100008,328,99978,328,100013,100,99968,100,100014,100,99966,100,100031,100,99962,100,100038,100,99954,100,100050,100,99949,100,100055,100,99943,100,100078,100,99925,100,100082,100,99924,100
2019-06-28 09:31:55.135151830,100006,528,99980,228,100008,328,99978,328,100013,100,99968,100,100014,100,99966,100,100031,100,99962,100,100038,100,99954,100,100050,100,99949,100,100055,100,99943,100,100078,100,99925,100,100082,100,99924,100
2019-06-28 09:31:56.817159117,100006,528,99980,128,100008,328,99978,328,100013,100,99968,100,100014,100,99966,100,100031,100,99962,100,100038,100,99954,100,100050,100,99949,100,100055,100,99943,100,100078,100,99925,100,100082,100,99924,100
2019-06-28 09:32:00.000000000,100006,455,99978,255,100008,250,99968,250,100013,250,99966,250,100014,100,99962,100,100031,100,99954,100,100038,100,99949,100,100050,100,99943,100,100055,100,99925,100,100078,100,99924,100,100082,100,99909,100
2019-06-28 09:32:05.622622275,100006,455,99978,255,100008,250,99968,250,100013,250,99966,250,100014,100,99962,100,100031,100,99954,100,100038,100,99949,100,100050,100,99943,100,100055,100,99925,100,100078,100,99924,100,100082,100,99909,100
2019-06-28 09:32:10.000000000,100006,414,99978,214,100008,214,99968,214,100013,214,99966,214,100014,214,99962,214,100031,100,99954,100,100038,100,99949,100,100050,100,99943,100,100055,100,99925,100,100078,100,99924,100,100082,100,99909,100
2019-06-28 09:32:18.460866822,99980,100,99978,214,100006,314,99968,214,100008,214,99966,214,100013,214,99962,214,100014,214,99954,100,100031,100,99949,100,100038,100,99943,100,100050,100,99925,100,100055,100,99924,100,100078,100,99909,100
2019-06-28 09:32:20.000000000,99980,255,99978,255,100006,350,99968,250,100008,250,99966,250,100013,100,99962,100,100014,100,99954,100,100031,100,99949,100,100038,100,99943,100,100050,100,99925,100,100055,100,99924,100,100078,100,99909,100
2019-06-28 09:32:30.000000000,99980,328,99978,328,100006,428,99968,328,100008,100,99966,100,100013,100,99962,100,100014,100,99954,100,100031,100,99949,100,100038,100,99943,100,100050,100,99925,100,100055,100,99924,100,100078,100,99909,100
2019-06-28 09:32:39.477550961,99980,328,99978,328,100006,428,99968,328,100008,100,99966,100,100013,100,99962,100,100014,100,99954,100,100031,100,99949,100,100038,100,99943,100,100050,100,99925,100,100055,100,99924,100,100078,100,99909,100
2019-06-28 09:32:40.000000000,99980,255,99978,255,100006,350,99968,250,100008,250,99966,250,100013,100,99962,100,100014,100,99954,100,100031,100,99949,100,100038,100,99943,100,100050,100,99925,100,100055,100,99924,100,100078,100,99909,100
2019-06-28 09:32:50.000000000,99980,556,99978,556,100006,200,99968,100,100008,100,99966,100,100013,100,99962,100,100014,100,99954,100,100031,100,99949,100,100038,100,99943,100,100050,100,99925,100,100055,100,99924,100,100078,100,99909,100
2019-06-28 09:32:53.306380587,99980,556,99978,556,100006,200,99968,100,100008,100,99966,100,100013,100,99962,100,100014,100,99954,100,100031,100,99949,100,100038,100,99943,100,100050,100,99925,100,100055,100,99924,100,100078,100,99909,100
2019-06-28 09:33:00.000000000,99980,556,99978,556,100006,200,99968,100,100008,100,99966,100,100013,100,99962,100,100014,100,99954,100,100031,100,99949,100,100038,100,99943,100,100050,100,99925,100,100055,100,99924,100,100078,100,99909,100
2019-06-28 09:33:02.531292133,99980,556,99978,556,100006,200,99968,100,100013,100,99966,100,100014,100,99962,100,100031,100,99954,100,100038,100,99949,100,100050,100,99943,100,100055,100,99925,100,100078,100,99924,100,100090,100,99909,100
2019-06-28 09:33:10.000000000,99980,255,99978,255,100006,350,99968,250,100013,250,99966,250,100014,100,99962,100,100031,100,99954,100,100038,100,99949,100,100050,100,99943,100,100055,100,99925,100,100078,100,99924,100,100090,100,99909,100
2019-06-28 09:33:20.000000000,99980,556,99978,556,100006,200,99968,100,100013,100,99966,100,100014,100,99962,100,100031,100,99954,100,100038,100,99949,100,100050,100,99943,100,100055,100,99925,100,100078,100,99924,100,100090,100,99909,100
2019-06-28 09:33:30.000000000,99980,328,99978,328,100006,428,99968,328,100013,100,99966,100,100014,100,99962,100,100031,100,99954,100,100038,100,99949,100,100050,100,99943,100,100055,100,99925,100,100078,100,99924,100,100090,100,99909,100
2019-06-28 09:33:40.000000000,99980,255,99978,255,100006,350,99968,250,100013,250,99966,250,100014,100,99962,100,100031,100,99954,100,100038,100,99949,100,100050,100,99943,100,100055,100,99925,100,100078,100,99924,100,100090,100,99909,100
2019-06-28 09:33:49.973878471,99980,355,99978,255,100006,350,99968,250,100013,250,99966,250,100014,100,99962,100,100031,100,99954,100,100038,100,99949,100,100050,100,99943,100,100055,100,99925,100,100078,100,99924,100,100090,100,99909,100
2019-06-28 09:33:50.000000000,99980,314,99978,214,100006,314,99968,214,100013,214,99966,214,100014,214,99962,214,100031,100,99954,100,100038,100,99949,100,100050,100,99943,100,100055,100,99925,100,100078,100,99924,100,100090,100,99909,100
2019-06-28 09:34:00.000000000,99980,291,99978,191,100006,291,99968,191,100013,191,99966,191,100014,191,99962,191,100031,191,99954,191,100038,100,99949,100,100050,100,99943,100,100055,100,99925,100,100078,100,99924,100,100090,100,99909,100
2019-06-28 09:34:04.348011664,99980,291,99978,91,100006,291,99968,191,100013,191,99966,191,100014,191,99962,191,100031,191,99954,191,100038,100,99949,100,100050,100,99943,100,100055,100,99925,100,100078,100,99924,100,100090,100,99909,100
2019-06-28 09:34:10.000000000,99980,355,99968,255,100006,350,99966,250,100013,250,99962,250,100014,100,99954,100,100031,100,99949,100,100038,100,99943,100,100050,100,99925,100,100055,100,99924,100,100078,100,99909,100,100090,100,99902,100
2019-06-28 09:34:15.213549015,99980,355,99968,155,100006,350,99966,250,100013,250,99962,250,100014,100,99954,100,100031,100,99949,100,100038,100,99943,100,100050,100,99925,100,100055,100,99924,100,100078,100,99909,100,100090,100,99902,100
2019-06-28 09:34:20.000000000,99980,291,99966,191,100006,291,99962,191,100013,191,99954,191,100014,191,99949,191,100031,191,99943,191,100038,100,99925,100,100050,100,99924,100,100055,100,99909,100,100078,100,99902,100,100090,100,99895,100
2019-06-28 09:34:30.000000000,99980,428,99966,328,100006,428,99962,328,100013,100,99954,100,100014,100,99949,100,100031,100,99943,100,100038,100,99925,100,100050,100,99924,100,100055,100,99909,100,100078,100,99902,100,100090,100,99895,100
2019-06-28 09:34:33.701711492,99980,428,99966,328,100006,328,99962,328,100013,100,99954,100,100014,100,99949,100,100031,100,99943,100,100038,100,99925,100,100050,100,99924,100,100055,100,99909,100,100078,100,99902,100,100090,100,99895,100
2019-06-28 09:34:40.000000000,99980,291,99966,191,100006,191,99962,191,100013,191,99954,191,100014,191,99949,191,100031,191,99943,191,100038,100,99925,100,100050,100,99924,100,100055,100,99909,100,100078,100,99902,100,100090,100,99895,100
2019-06-28 09:34:49.000321740,99980,291,99966,191,100006,191,99962,191,100013,191,99954,191,100014,191,99949,191,100031,191,99943,191,100038,100,99925,100,100050,100,99924,100,100055,100,99909,100,100078,100,99902,100,100090,100,99895,100
2019-06-28 09:34:50.000000000,99980,355,99966,255,100006,250,99962,250,100013,250,99954,250,100014,100,99949,100,100031,100,99943,100,100038,100,99925,100,100050,100,99924,100,100055,100,99909,100,100078,100,99902,100,100090,100,99895,100
2019-06-28 09:34:50.295342529,99980,355,99966,155,100006,250,99962,250,100013,250,99954,250,100014,100,99949,100,100031,100,99943,100,100038,100,99925,100,100050,100,99924,100,100055,100,99909,100,100078,100,99902,100,100090,100,99895,100
2019-06-28 09:35:00.000000000,99980,428,99962,328,100006,328,99954,328,100013,100,99949,100,100014,100,99943,100,100031,100,99925,100,100038,100,99924,100,100050,100,99909,100,100055,100,99902,100,100078,100,99895,100,100090,100,99858,100
2019-06-28 09:35:10.000000000,99980,291,99962,191,100006,191,99954,191,100013,191,99949,191,100014,191,99943,191,100031,191,99925,191,100038,100,99924,100,100050,100,99909,100,100055,100,99902,100,100078,100,99895,100,100090,100,99858,100
2019-06-28 09:35:11.850570529,99980,291,99962,191,100006,191,99954,191,100013,191,99949,191,100014,191,99943,191,100031,191,99925,191,100038,100,99924,100,100050,100,99909,100,100055,100,99902,100,100078,100,99895,100,100090,100,99858,100
2019-06-28 09:35:20.000000000,99980,314,99962,214,100006,214,99954,214,100013,214,99949,214,100014,214,99943,214,100031,100,99925,100,100038,100,99924,100,100050,100,99909,100,100055,100,99902,100,100078,100,99895,100,100090,100,99858,100
2019-06-28 09:35:30.000000000,99980,314,99962,214,100006,214,99954,214,100013,214,99949,214,100014,214,99943,214,100031,100,99925,100,100038,100,99924,100,100050,100,99909,100,100055,100,99902,100,100078,100,99895,100,100090,100,99858,100
2019-06-28 09:35:32.651924252,99980,314,99962,114,100006,214,99954,214,100013,214,99949,214,100014,214,99943,214,100031,100,99925,100,100038,100,99924,100,100050,100,99909,100,100055,100,99902,100,100078,100,99895,100,100090,100,99858,100
2019-06-28 09:35:40.000000000,99980,656,99954,556,100006,100,99949,100,100013,100,99943,100,100014,100,99925,100,100031,100,99924,100,100038,100,99909,100,100050,100,99902,100,100055,100,99895,100,100078,100,99858,100,100090,100,99828,100
2019-06-28 09:35:40.417931911,99980,656,99954,556,100006,100,99949,100,100013,100,99943,100,100014,100,99925,100,100031,100,99924,100,100038,100,99909,100,100050,100,99902,100,100055,100,99895,100,100078,100,99858,100,100090,100,99828,100
2019-06-28 09:35:46.810158580,99980,656,99954,556,100006,100,99949,100,100013,100,99943,100,100014,100,99925,100,100031,100,99924,100,100038,100,99909,100,100050,100,99902,100,100055,100,99895,100,100078,100,99858,100,100090,100,99828,100
2019-06-28 09:35:50.000000000,99980,314,99954,214,100006,214,99949,214,100013,214,99943,214,100014,214,99925,214,100031,100,99924,100,100038,100,99909,100,100050,100,99902,100,100055,100,99895,100,100078,100,99858,100,100090,100,99828,100
2019-06-28 09:36:00.000000000,99980,314,99954,214,100006,214,99949,214,100013,214,99943,214,100014,214,99925,214,100031,100,99924,100,100038,100,99909,100,100050,100,99902,100,100055,100,99895,100,100078,100,99858,100,100090,100,99828,100
2019-06-28 09:36:02.014200213,99980,314,99954,114,100006,214,99949,214,100013,214,99943,214,100014,214,99925,214,100031,100,99924,100,100038,100,99909,100,100050,100,99902,100,100055,100,99895,100,100078,100,99858,100,100090,100,99828,100
2019-06-28 09:36:09.515989919,99980,314,99954,14,100006,214,99949,214,100013,214,99943,214,100014,214,99925,214,100031,100,99924,100,100038,100,99909,100,100050,100,99902,100,100055,100,99895,100,100078,100,99858,100,100090,100,99828,100
2019-06-28 09:36:10.000000000,99980,428,99949,328,100006,328,99943,328,100013,100,99925,100,100014,100,99924,100,100031,100,99909,100,100038,100,99902,100,100050,100,99895,100,100055,100,99858,100,100078,100,99828,100,100090,100,99821,100
2019-06-28 09:36:18.023573752,99980,428,99949,328,100006,328,99943,328,100013,100,99925,100,100014,100,99924,100,100031,100,99909,100,100038,100,99902,100,100050,100,99895,100,100055,100,99858,100,100078,100,99828,100,100090,100,99821,100
2019-06-28 09:36:18.370558080,99980,428,99949,228,100006,328,99943,328,100013,100,99925,100,100014,100,99924,100,100031,100,99909,100,100038,100,99902,100,100050,100,99895,100,100055,100,99858,100,100078,100,99828,100,100090,100,99821,100
2019-06-28 09:36:20.000000000,99980,355,99943,255,100006,250,99925,250,100013,250,99924,250,100014,100,99909,100,100031,100,99902,100,100038,100,99895,100,100050,100,99858,100,100055,100,99828,100,100078,100,99821,100,100090,100,99813,100
2019-06-28 09:36:30.000000000,99980,656,99943,556,100006,100,99925,100,100013,100,99924,100,100014,100,99909,100,100031,100,99902,100,100038,100,99895,100,100050,100,99858,100,100055,100,99828,100,100078,100,99821,100,100090,100,99813,100
2019-06-28 09:36:39.085925424,99980,656,99943,556,100006,100,99924,100,100013,100,99909,100,100014,100,99902,100,100031,100,99895,100,100038,100,99858,100,100050,100,99828,100,100055,100,99821,100,100078,100,99813,100,100090,100,99654,100
2019-06-28 09:36:40.000000000,99980,428,99943,328,100006,328,99924,328,100013,100,99909,100,100014,100,99902,100,100031,100,99895,100,100038,100,99858,100,100050,100,99828,100,100055,100,99821,100,100078,100,99813,100,100090,100,99654,100
2019-06-28 09:36:50.000000000,99980,291,99943,191,100006,191,99924,191,100013,191,99909,191,100014,191,99902,191,100031,191,99895,191,100038,100,99858,100,100050,100,99828,100,100055,100,99821,100,100078,100,99813,100,100090,100,99654,100
2019-06-28 09:36:54.301870137,99980,291,99943,191,100006,191,99924,191,100013,191,99909,191,100014,191,99902,191,100031,191,99895,191,100038,100,99858,100,100050,100,99828,100,100055,100,99821,100,100078,100,99813,100,100090,100,99688,100
2019-06-28 09:37:00.000000000,99980,656,99943,556,100006,100,99924,100,100013,100,99909,100,100014,100,99902,100,100031,100,99895,100,100038,100,99858,100,100050,100,99828,100,100055,100,99821,100,100078,100,99813,100,100090,100,99688,100
2019-06-28 09:37:00.618911008,99954,100,99943,556,99980,656,99924,100,100006,100,99909,100,100013,100,99902,100,100014,100,99895,100,100031,100,99858,100,100038,100,99828,100,100050,100,99821,100,100055,100,99813,100,100078,100,99688,100
2019-06-28 09:37:05.578486026,99954,100,99943,556,99980,656,99924,100,100006,100,99909,100,100013,100,99902,100,100014,100,99895,100,100031,100,99858,100,100038,100,99828,100,100050,100,99821,100,100055,100,99813,100,100078,100,99688,100
2019-06-28 09:37:10.000000000,99954,255,99943,255,99980,350,99924,250,100006,250,99909,250,100013,100,99902,100,100014,100,99895,100,100031,100,99858,100,100038,100,99828,100,100050,100,99821,100,100055,100,99813,100,100078,100,99688,100
2019-06-28 09:37:19.170257850,99954,255,99943,155,99980,350,99924,250,100006,250,99909,250,100013,100,99902,100,100014,100,99895,100,100031,100,99858,100,100038,100,99828,100,100050,100,99821,100,100055,100,99813,100,100078,100,99688,100
2019-06-28 09:37:20.000000000,99954,214,99924,214,99980,314,99909,214,100006,214,99902,214,100013,214,99895,214,100014,100,99858,100,100031,100,99828,100,100038,100,99821,100,100050,100,99813,100,100055,100,99688,100,100078,100,99654,100
2019-06-28 09:37:30.000000000,99954,214,99924,214,99980,314,99909,214,100006,214,99902,214,100013,214,99895,214,100014,100,99858,100,100031,100,99828,100,100038,100,99821,100,100050,100,99813,100,100055,100,99688,100,100078,100,99654,100
2019-06-28 09:37:40.000000000,99954,255,99924,255,99980,350,99909,250,100006,250,99902,250,100013,100,99895,100,100014,100,99858,100,100031,100,99828,100,100038,100,99821,100,100050,100,99813,100,100055,100,99688,100,100078,100,99654,100
2019-06-28 09:37:40.937179331,99954,255,99924,255,99980,350,99909,250,100006,250,99902,250,100013,100,99895,100,100014,100,99858,100,100031,100,99828,100,100038,100,99821,100,100050,100,99813,100,100055,100,99688,100,100078,100,99674,100
2019-06-28 09:37:50.000000000,99954,191,99924,191,99980,291,99909,191,100006,191,99902,191,100013,191,99895,191,100014,191,99858,191,100031,100,99828,100,100038,100,99821,100,100050,100,99813,100,100055,100,99688,100,100078,100,99674,100
2019-06-28 09:37:55.739024904,99949,100,99924,191,99954,191,99909,191,99980,291,99902,191,100006,191,99895,191,100013,191,99858,191,100014,191,99828,100,100038,100,99821,100,100050,100,99813,100,100055,100,99688,100,100078,100,99674,100
2019-06-28 09:38:00.000000000,99949,328,99924,328,99954,328,99909,328,99980,200,99902,100,100006,100,99895,100,100013,100,99858,100,100014,100,99828,100,100038,100,99821,100,100050,100,99813,100,100055,100,99688,100,100078,100,99674,100
2019-06-28 09:38:00.764466586,99949,428,99924,328,99954,328,99909,328,99980,200,99902,100,100006,100,99895,100,100013,100,99858,100,100014,100,99828,100,100038,100,99821,100,100050,100,99813,100,100055,100,99688,100,100078,100,99674,100
2019-06-28 09:38:10.000000000,99949,428,99924,328,99954,328,99909,328,99980,200,99902,100,100006,100,99895,100,100013,100,99858,100,100014,100,99828,100,100038,100,99821,100,100050,100,99813,100,100055,100,99688,100,100078,100,99674,100
2019-06-28 09:38:20.000000000,99949,291,99924,191,99954,191,99909,191,99980,291,99902,191,100006,191,99895,191,100013,191,99858,191,100014,100,99828,100,100038,100,99821,100,100050,100,99813,100,100055,100,99688,100,100078,100,99674,100
2019-06-28 09:38:20.549498994,99949,191,99924,191,99954,191,99909,191,99980,191,99902,191,100006,191,99895,191,100013,191,99858,191,100014,100,99828,100,100038,100,99821,100,100050,100,99813,100,100055,100,99688,100,100078,100,99674,100
2019-06-28 09:38:29.680830446,99949,191,99924,191,99954,191,99909,191,99980,191,99902,191,100006,191,99895,91,100013,191,99890,100,100014,100,99858,191,100038,100,99828,100,100050,100,99821,100,100055,100,99813,100,100078,100,99688,100
2019-06-28 09:38:30.000000000,99949,328,99924,328,99954,328,99909,328,99980,100,99902,100,100006,100,99890,100,100013,100,99858,100,100014,100,99828,100,100038,100,99821,100,100050,100,99813,100,100055,100,99688,100,100078,100,99674,100
2019-06-28 09:38:40.000000000,99949,255,99924,255,99954,250,99909,250,99980,250,99902,250,100006,100,99890,100,100013,100,99858,100,100014,100,99828,100,100038,100,99821,100,100050,100,99813,100,100055,100,99688,100,100078,100,99674,100
2019-06-28 09:38:50.000000000,99949,191,99924,191,99954,191,99909,191,99980,191,99902,191,100006,191,99890,191,100013,191,99858,191,100014,100,99828,100,100038,100,99821,100,100050,100,99813,100,100055,100,99688,100,100078,100,99674,100
2019-06-28 09:39:00.000000000,99949,214,99924,214,99954,214,99909,214,99980,214,99902,214,100006,214,99890,214,100013,100,99858,100,100014,100,99828,100,100038,100,99821,100,100050,100,99813,100,100055,100,99688,100,100078,100,99674,100
2019-06-28 09:39:01.115014832,99949,214,99924,114,99954,214,99909,214,99980,214,99902,214,100006,214,99890,214,100013,100,99858,100,100014,100,99828,100,100038,100,99821,100,100050,100,99813,100,100055,100,99688,100,100078,100,99674,100
2019-06-28 09:39:08.073552232,99946,100,99924,114,99949,214,99909,214,99954,214,99902,214,99980,214,99890,214,100006,214,99858,100,100013,100,99828,100,100014,100,99821,100,100038,100,99813,100,100050,100,99688,100,100055,100,99674,100
2019-06-28 09:39:10.000000000,99946,328,99909,328,99949,328,99902,328,99954,100,99890,100,99980,100,99858,100,100006,100,99828,100,100013,100,99821,100,100014,100,99813,100,100038,100,99688,100,100050,100,99674,100,100055,100,99654,100
2019-06-28 09:39:11.284574984,99946,328,99909,328,99949,328,99902,328,99954,100,99890,100,99980,100,99858,100,100006,100,99828,100,100013,100,99821,100,100014,100,99813,100,100038,100,99688,100,100050,100,99674,100,100055,100,99654,100
2019-06-28 09:39:20.000000000,99946,556,99909,556,99949,100,99902,100,99954,100,99890,100,99980,100,99858,100,100006,100,99828,100,100013,100,99821,100,100014,100,99813,100,100038,100,99688,100,100050,100,99674,100,100055,100,99654,100
2019-06-28 09:39:30.000000000,99946,255,99909,255,99949,250,99902,250,99954,250,99890,250,99980,100,99858,100,100006,100,99828,100,100013,100,99821,100,100014,100,99813,100,100038,100,99688,100,100050,100,99674,100,100055,100,99654,100
2019-06-28 09:39:40.000000000,99946,328,99909,328,99949,328,99902,328,99954,100,99890,100,99980,100,99858,100,100006,100,99828,100,100013,100,99821,100,100014,100,99813,100,100038,100,99688,100,100050,100,99674,100,100055,100,99654,100
2019-06-28 09:39:44.490471666,99946,328,99909,328,99949,328,99902,328,99954,100,99890,100,99980,100,99858,100,100006,100,99828,100,100013,100,99821,100,100014,100,99813,100,100038,100,99688,100,100050,100,99674,100,100055,100,99654,100
2019-06-28 09:39:50.000000000,99946,191,99909,191,99949,191,99902,191,99954,191,99890,191,99980,191,99858,191,100006,191,99828,191,100013,100,99821,100,100014,100,99813,100,100038,100,99688,100,100050,100,99674,100,100055,100,99654,100
2019-06-28 09:40:00.000000000,99946,214,99909,214,99949,214,99902,214,99954,214,99890,214,99980,214,99858,214,100006,100,99828,100,100013,100,99821,100,100014,100,99813,100,100038,100,99688,100,100050,100,99674,100,100055,100,99654,100
2019-06-28 09:40:07.537277556,99946,214,99909,114,99949,214,99902,214,99954,214,99890,214,99980,214,99858,214,100006,100,99828,100,100013,100,99821,100,100014,100,99813,100,100038,100,99688,100,100050,100,99674,100,100055,100,99654,100
2019-06-28 09:40:08.744758096,99946,214,99909,114,99949,214,99902,214,99954,214,99890,214,99980,214,99858,214,100006,100,99828,100,100013,100,99821,100,100014,100,99813,100,100038,100,99694,100,100050,100,99688,100,100055,100,99674,100
2019-06-28 09:40:09.065776173,99946,214,99909,14,99949,214,99902,114,99954,214,99890,214,99980,214,99858,214,100006,100,99828,100,100013,100,99821,100,100014,100,99813,100,100038,100,99694,100,100050,100,99688,100,100055,100,99674,100
2019-06-28 09:40:10.000000000,99946,255,99890,255,99949,250,99858,250,99954,250,99828,250,99980,100,99821,100,100006,100,99813,100,100013,100,99694,100,100014,100,99688,100,100038,100,99674,100,100050,100,99654,100,100055,100,99645,100
2019-06-28 09:40:11.841873975,99946,255,99890,255,99949,250,99858,250,99954,250,99828,250,99980,100,99821,100,100006,100,99813,100,100013,100,99694,100,100014,100,99688,100,100016,100,99674,100,100038,100,99654,100,100050,100,99645,100
2019-06-28 09:40:20.000000000,99946,214,99890,214,99949,214,99858,214,99954,214,99828,214,99980,214,99821,214,100006,100,99813,100,100013,100,99694,100,100014,100,99688,100,100016,100,99674,100,100038,100,99654,100,100050,100,99645,100
2019-06-28 09:40:30.000000000,99946,255,99890,255,99949,250,99858,250,99954,250,99828,250,99980,100,99821,100,100006,100,99813,100,100013,100,99694,100,100014,100,99688,100,100016,100,99674,100,100038,100,99654,100,100050,100,99645,100
2019-06-28 09:40:34.957093001,99946,155,99890,255,99949,250,99858,250,99954,250,99828,250,99980,100,99821,100,100006,100,99813,100,100013,100,99694,100,100014,100,99688,100,100016,100,99674,100,100038,100,99654,100,100050,100,99645,100
2019-06-28 09:40:37.922801369,99946,155,99890,255,99949,250,99858,250,99954,250,99828,250,99980,100,99821,100,100000,100,99813,100,100006,100,99694,100,100013,100,99688,100,100016,100,99674,100,100038,100,99654,100,100050,100,99645,100
2019-06-28 09:40:40.000000000,99949,191,99890,191,99954,191,99858,191,99980,191,99828,191,100000,191,99821,191,100006,191,99813,191,100013,100,99694,100,100016,100,99688,100,100038,100,99674,100,100050,100,99654,100,100055,100,99645,100
2019-06-28 09:40:42.010391495,99949,191,99890,191,99954,191,99858,191,99980,191,99828,191,100000,191,99821,191,100006,191,99813,191,100013,100,99688,100,100016,100,99674,100,100038,100,99654,100,100050,100,99645,100,100055,100,99548,100
2019-06-28 09:40:50.000000000,99949,214,99890,214,99954,214,99858,214,99980,214,99828,214,100000,214,99821,214,100006,100,99813,100,100013,100,99688,100,100016,100,99674,100,100038,100,99654,100,100050,100,99645,100,100055,100,99548,100
2019-06-28 09:41:00.000000000,99949,214,99890,214,99954,214,99858,214,99980,214,99828,214,100000,214,99821,214,100006,100,99813,100,100013,100,99688,100,100016,100,99674,100,100038,100,99654,100,100050,100,99645,100,100055,100,99548,100
2019-06-28 09:41:10.000000000,99949,556,99890,556,99954,100,99858,100,99980,100,99828,100,100000,100,99821,100,100006,100,99813,100,100013,100,99688,100,100016,100,99674,100,100038,100,99654,100,100050,100,99645,100,100055,100,99548,100
2019-06-28 09:41:20.000000000,99949,255,99890,255,99954,250,99858,250,99980,250,99828,250,100000,100,99821,100,100006,100,99813,100,100013,100,99688,100,100016,100,99674,100,100038,100,99654,100,100050,100,99645,100,100055,100,99548,100
2019-06-28 09:41:30.000000000,99949,214,99890,214,99954,214,99858,214,99980,214,99828,214,100000,214,99821,214,100006,100,99813,100,100013,100,99688,100,100016,100,99674,100,100038,100,99654,100,100050,100,99645,100,100055,100,99548,100
2019-06-28 09:41:35.259819884,99949,214,99890,214,99954,214,99858,214,99980,214,99828,214,100000,214,99821,214,100006,100,99688,100,100013,100,99674,100,100016,100,99654,100,100038,100,99645,100,100050,100,99548,100,100055,100,99434,100
2019-06-28 09:41:40.000000000,99949,255,99890,255,99954,250,99858,250,99980,250,99828,250,100000,100,99821,100,100006,100,99688,100,100013,100,99674,100,100016,100,99654,100,100038,100,99645,100,100050,100,99548,100,100055,100,99434,100
2019-06-28 09:41:45.971533023,99949,155,99890,255,99954,250,99858,250,99980,250,99828,250,100000,100,99821,100,100006,100,99688,100,100013,100,99674,100,100016,100,99654,100,100038,100,99645,100,100050,100,99548,100,100055,100,99434,100
2019-06-28 09:41:50.000000000,99954,191,99890,191,99980,191,99858,191,100000,191,99828,191,100006,191,99821,191,100013,191,99688,191,100016,100,99674,100,100038,100,99654,100,100050,100,99645,100,100055,100,99548,100,100078,100,99434,100
2019-06-28 09:41:54.610964320,99954,91,99890,191,99980,191,99858,191,100000,191,99828,191,100006,191,99821,191,100013,191,99688,191,100016,100,99674,100,100050,100,99654,100,100055,100,99645,100,100078,100,99548,100,100090,100,99434,100
2019-06-28 09:42:00.000000000,99980,214,99890,214,100000,214,99858,214,100006,214,99828,214,100013,214,99821,214,100016,100,99688,100,100050,100,99674,100,100055,100,99654,100,100078,100,99645,100,100090,100,99548,100,100104,100,99434,100
2019-06-28 09:42:10.000000000,99980,255,99890,255,100000,250,99858,250,100006,250,99828,250,100013,100,99821,100,100016,100,99688,100,100050,100,99674,100,100055,100,99654,100,100078,100,99645,100,100090,100,99548,100,100104,100,99434,100
2019-06-28 09:42:20.000000000,99980,255,99890,255,100000,250,99858,250,100006,250,99828,250,100013,100,99821,100,100016,100,99688,100,100050,100,99674,100,100055,100,99654,100,100078,100,99645,100,100090,100,99548,100,100104,100,99434,100
2019-06-28 09:42:30.000000000,99980,214,99890,214,100000,214,99858,214,100006,214,99828,214,100013,214,99821,214,100016,100,99688,100,100050,100,99674,100,100055,100,99654,100,100078,100,99645,100,100090,100,99548,100,100104,100,99434,100
2019-06-28 09:42:40.000000000,99980,328,99890,328,100000,328,99858,328,100006,100,99828,100,100013,100,99821,100,100016,100,99688,100,100050,100,99674,100,100055,100,99654,100,100078,100,99645,100,100090,100,99548,100,100104,100,99434,100
2019-06-28 09:42:50.000000000,99980,214,99890,214,100000,214,99858,214,100006,214,99828,214,100013,214,99821,214,100016,100,99688,100,100050,100,99674,100,100055,100,99654,100,100078,100,99645,100,100090,100,99548,100,100104,100,99434,100
2019-06-28 09:43:00.000000000,99980,328,99890,328,100000,328,99858,328,100006,100,99828,100,100013,100,99821,100,100016,100,99688,100,100050,100,99674,100,100055,100,99654,100,100078,100,99645,100,100090,100,99548,100,100104,100,99434,100
2019-06-28 09:43:10.000000000,99980,214,99890,214,100000,214,99858,214,100006,214,99828,214,100013,214,99821,214,100016,100,99688,100,100050,100,99674,100,100055,100,99654,100,100078,100,99645,100,100090,100,99548,100,100104,100,99434,100
2019-06-28 09:43:20.000000000,99980,214,99890,214,100000,214,99858,214,100006,214,99828,214,100013,214,99821,214,100016,100,99688,100,100050,100,99674,100,100055,100,99654,100,100078,100,99645,100,100090,100,99548,100,100104,100,99434,100
2019-06-28 09:43:30.000000000,99980,255,99890,255,100000,250,99858,250,100006,250,99828,250,100013,100,99821,100,100016,100,99688,100,100050,100,99674,100,100055,100,99654,100,100078,100,99645,100,100090,100,99548,100,100104,100,99434,100
2019-06-28 09:43:40.000000000,99980,191,99890,191,100000,191,99858,191,100006,191,99828,191,100013,191,99821,191,100016,191,99688,191,100050,100,99674,100,100055,100,99654,100,100078,100,99645,100,100090,100,99548,100,100104,100,99434,100
2019-06-28 09:43:50.000000000,99980,255,99890,255,100000,250,99858,250,100006,250,99828,250,100013,100,99821,100,100016,100,99688,100,100050,100,99674,100,100055,100,99654,100,100078,100,99645,100,100090,100,99548,100,100104,100,99434,100
2019-06-28 09:44:00.000000000,99980,214,99890,214,100000,214,99858,214,100006,214,99828,214,100013,214,99821,214,100016,100,99688,100,100050,100,99674,100,100055,100,99654,100,100078,100,99645,100,100090,100,99548,100,100104,100,99434,100
2019-06-28 09:44:10.000000000,99980,556,99890,556,100000,100,99858,100,100006,100,99828,100,100013,100,99821,100,100016,100,99688,100,100050,100,99674,100,100055,100,99654,100,100078,100,99645,100,100090,100,99548,100,100104,100,99434,100
2019-06-28 09:44:12.396669694,99976,100,99890,556,99980,556,99858,100,100000,100,99828,100,100006,100,99821,100,100013,100,99688,100,100016,100,99674,100,100050,100,99654,100,100055,100,99548,100,100078,100,99434,100,100090,100,99277,100
2019-06-28 09:44:20.000000000,99976,214,99890,214,99980,214,99858,214,100000,214,99828,214,100006,214,99821,214,100013,100,99688,100,100016,100,99674,100,100050,100,99654,100,100055,100,99548,100,100078,100,99434,100,100090,100,99277,100
2019-06-28 09:44:21.975563409,99976,214,99890,214,99980,214,99858,214,100000,214,99828,214,100006,214,99821,214,100013,100,99674,100,100016,100,99654,100,100050,100,99548,100,100055,100,99434,100,100078,100,99277,100,100090,100,99271,100
2019-06-28 09:44:30.000000000,99976,255,99890,255,99980,250,99858,250,100000,250,99828,250,100006,100,99821,100,100013,100,99674,100,100016,100,99654,100,100050,100,99548,100,100055,100,99434,100,100078,100,99277,100,100090,100,99271,100
2019-06-28 09:44:40.000000000,99976,255,99890,255,99980,250,99858,250,100000,250,99828,250,100006,100,99821,100,100013,100,99674,100,100016,100,99654,100,100050,100,99548,100,100055,100,99434,100,100078,100,99277,100,100090,100,99271,100
2019-06-28 09:44:47.682835136,99976,155,99890,255,99980,250,99858,250,100000,250,99828,250,100006,100,99821,100,100013,100,99674,100,100050,100,99654,100,100055,100,99548,100,100078,100,99434,100,100090,100,99277,100,100104,100,99271,100
2019-06-28 09:44:50.000000000,99980,214,99890,214,100000,214,99858,214,100006,214,99828,214,100013,214,99821,214,100050,100,99674,100,100055,100,99654,100,100078,100,99548,100,100090,100,99434,100,100104,100,99277,100,100107,100,99271,100
2019-06-28 09:44:54.345786829,99980,214,99890,214,100000,214,99858,214,100006,214,99828,214,100013,214,99821,214,100050,100,99674,100,100055,100,99654,100,100078,100,99548,100,100104,100,99434,100,100107,100,99277,100,100123,100,99271,100
2019-06-28 09:44:57.301388631,99980,214,99954,100,100000,214,99890,214,100006,214,99858,214,100013,214,99828,214,100050,100,99821,214,100055,100,99674,100,100078,100,99654,100,100104,100,99548,100,100107,100,99434,100,100123,100,99277,100
2019-06-28 09:45:00.000000000,99980,191,99954,191,100000,191,99890,191,100006,191,99858,191,100013,191,99828,191,100050,191,99821,191,100055,100,99674,100,100078,100,99654,100,100104,100,99548,100,100107,100,99434,100,100123,100,99277,100
2019-06-28 09:45:10.000000000,99980,214,99954,214,100000,214,99890,214,100006,214,99858,214,100013,214,99828,214,100050,100,99821,100,100055,100,99674,100,100078,100,99654,100,100104,100,99548,100,100107,100,99434,100,100123,100,99277,100
2019-06-28 09:45:13.635863259,99980,114,99954,314,100000,214,99890,214,100006,214,99858,214,100013,214,99828,214,100050,100,99821,100,100055,100,99674,100,100078,100,99654,100,100104,100,99548,100,100107,100,99434,100,100123,100,99277,100
2019-06-28 09:45:20.000000000,100000,255,99954,355,100006,250,99890,250,100013,250,99858,250,100050,100,99828,100,100055,100,99821,100,100078,100,99674,100,100104,100,99654,100,100107,100,99548,100,100123,100,99434,100,100148,100,99277,100
2019-06-28 09:45:24.897254553,100000,255,99954,355,100006,250,99890,250,100013,250,99858,250,100050,100,99828,100,100055,100,99821,100,100078,100,99674,100,100104,100,99654,100,100107,100,99548,100,100123,100,99434,100,100148,100,99277,100
2019-06-28 09:45:25.661361396,100000,155,99954,355,100006,250,99890,250,100013,250,99858,250,100055,100,99828,100,100078,100,99821,100,100104,100,99674,100,100107,100,99654,100,100123,100,99548,100,100148,100,99434,100,100192,100,99277,100
2019-06-28 09:45:28.483408840,100000,155,99954,355,100006,250,99890,250,100013,250,99858,250,100055,100,99828,100,100078,100,99821,100,100104,100,99674,100,100107,100,99654,100,100123,100,99548,100,100148,100,99434,100,100180,100,99277,100
2019-06-28 09:45:30.000000000,100006,328,99954,428,100013,328,99890,328,100055,100,99858,100,100078,100,99828,100,100104,100,99821,100,100107,100,99674,100,100123,100,99654,100,100148,100,99548,100,100180,100,99434,100,100192,100,99277,100
2019-06-28 09:45:33.668518867,100006,328,99954,428,100013,328,99890,328,100055,100,99858,100,100078,100,99828,100,100104,100,99821,100,100107,100,99674,100,100123,100,99654,100,100148,100,99548,100,100180,100,99434,100,100192,100,99277,100
2019-06-28 09:45:40.000000000,100006,328,99954,428,100013,328,99890,328,100055,100,99858,100,100078,100,99828,100,100104,100,99821,100,100107,100,99674,100,100123,100,99654,100,100148,100,99548,100,100180,100,99434,100,100192,100,99277,100
2019-06-28 09:45:47.249269503,100006,228,99954,428,100013,328,99890,328,100055,100,99858,100,100078,100,99828,100,100107,100,99821,100,100123,100,99674,100,100148,100,99654,100,100180,100,99548,100,100192,100,99434,100,100216,100,99277,100
2019-06-28 09:45:50.000000000,100013,328,99954,428,100055,328,99890,328,100078,100,99858,100,100107,100,99828,100,100123,100,99821,100,100148,100,99674,100,100180,100,99654,100,100192,100,99548,100,100216,100,99434,100,100237,100,99277,100
2019-06-28 09:46:00.000000000,100013,255,99954,355,100055,250,99890,250,100078,250,99858,250,100107,100,99828,100,100123,100,99821,100,100148,100,99674,100,100180,100,99654,100,100192,100,99548,100,100216,100,99434,100,100237,100,99277,100
2019-06-28 09:46:09.522865910,100013,255,99954,355,100055,250,99890,250,100078,250,99858,250,100107,100,99828,100,100123,100,99821,100,100148,100,99674,100,100180,100,99654,100,100192,100,99548,100,100216,100,99434,100,100237,100,99277,100
2019-06-28 09:46:10.000000000,100013,556,99954,656,100055,100,99890,100,100078,100,99858,100,100107,100,99828,100,100123,100,99821,100,100148,100,99674,100,100180,100,99654,100,100192,100,99548,100,100216,100,99434,100,100237,100,99277,100
2019-06-28 09:46:20.000000000,100013,556,99954,656,100055,100,99890,100,100078,100,99858,100,100107,100,99828,100,100123,100,99821,100,100148,100,99674,100,100180,100,99654,100,100192,100,99548,100,100216,100,99434,100,100237,100,99277,100
2019-06-28 09:46:30.000000000,100013,255,99954,355,100055,250,99890,250,100078,250,99858,250,100107,100,99828,100,100123,100,99821,100,100148,100,99674,100,100180,100,99654,100,100192,100,99548,100,100216,100,99434,100,100237,100,99277,100
2019-06-28 09:46:40.000000000,100013,556,99954,656,100055,100,99890,100,100078,100,99858,100,100107,100,99828,100,100123,100,99821,100,100148,100,99674,100,100180,100,99654,100,100192,100,99548,100,100216,100,99434,100,100237,100,99277,100
2019-06-28 09:46:43.411138340,100013,556,99954,656,100055,100,99890,100,100078,100,99858,100,100107,100,99828,100,100123,100,99821,100,100148,100,99674,100,100180,100,99654,100,100192,200,99548,100,100216,100,99434,100,100237,100,99277,100
2019-06-28 09:46:50.000000000,100013,328,99954,428,100055,328,99890,328,100078,100,99858,100,100107,100,99828,100,100123,100,99821,100,100148,100,99674,100,100180,100,99654,100,100192,200,99548,100,100216,100,99434,100,100237,100,99277,100
2019-06-28 09:46:57.497325830,100013,328,99954,428,100055,328,99890,328,100078,100,99858,100,100107,100,99828,100,100123,100,99821,100,100148,100,99674,100,100180,100,99654,100,100192,200,99548,100,100216,100,99434,100,100237,100,99277,100
2019-06-28 09:47:00.000000000,100013,214,99954,314,100055,214,99890,214,100078,214,99858,214,100107,214,99828,214,100123,100,99821,100,100148,100,99674,100,100180,100,99654,100,100192,200,99548,100,100216,100,99434,100,100237,100,99277,100
2019-06-28 09:47:10.000000000,100013,214,99954,314,100055,214,99890,214,100078,214,99858,214,100107,214,99828,214,100123,100,99821,100,100148,100,99674,100,100180,100,99654,100,100192,200,99548,100,100216,100,99434,100,100237,100,99277,100
2019-06-28 09:47:13.296481942,100013,214,99954,214,100055,214,99890,214,100078,214,99858,214,100107,214,99828,214,100123,100,99821,100,100148,100,99674,100,100180,100,99654,100,100192,200,99548,100,100216,100,99434,100,100237,100,99277,100
2019-06-28 09:47:19.550531805,100013,214,99954,114,100055,214,99890,214,100078,214,99858,214,100107,214,99828,214,100123,100,99821,100,100148,100,99674,100,100180,100,99654,100,100192,200,99548,100,100216,100,99434,100,100237,100,99277,100
2019-06-28 09:47:20.000000000,100013,214,99890,214,100055,214,99858,214,100078,214,99828,214,100107,214,99821,214,100123,100,99674,100,100148,100,99654,100,100180,100,99548,100,100192,200,99434,100,100216,100,99277,100,100237,100,99271,100
2019-06-28 09:47:30.000000000,100013,556,99890,556,100055,100,99858,100,100078,100,99828,100,100107,100,99821,100,100123,100,99674,100,100148,100,99654,100,100180,100,99548,100,100192,200,99434,100,100216,100,99277,100,100237,100,99271,100
2019-06-28 09:47:40.000000000,100013,191,99890,191,100055,191,99858,191,100078,191,99828,191,100107,191,99821,191,100123,191,99674,191,100148,100,99654,100,100180,100,99548,100,100192,200,99434,100,100216,100,99277,100,100237,100,99271,100
2019-06-28 09:47:40.048609230,100013,191,99890,191,100055,191,99858,191,100078,191,99828,191,100107,191,99821,191,100123,191,99674,191,100148,100,99654,100,100180,100,99558,100,100192,200,99548,100,100216,100,99434,100,100237,100,99277,100
2019-06-28 09:47:50.000000000,100013,214,99890,214,100055,214,99858,214,100078,214,99828,214,100107,214,99821,214,100123,100,99674,100,100148,100,99654,100,100180,100,99558,100,100192,200,99548,100,100216,100,99434,100,100237,100,99277,100
2019-06-28 09:48:00.000000000,100013,214,99890,214,100055,214,99858,214,100078,214,99828,214,100107,214,99821,214,100123,100,99674,100,100148,100,99654,100,100180,100,99558,100,100192,200,99548,100,100216,100,99434,100,100237,100,99277,100
2019-06-28 09:48:10.000000000,100013,556,99890,556,100055,100,99858,100,100078,100,99828,100,100107,100,99821,100,100123,100,99674,100,100148,100,99654,100,100180,100,99558,100,100192,200,99548,100,100216,100,99434,100,100237,100,99277,100
2019-06-28 09:48:14.103482802,100013,556,99890,556,100042,100,99858,100,100055,100,99828,100,100078,100,99821,100,100107,100,99674,100,100123,100,99654,100,100148,100,99558,100,100180,100,99548,100,100192,200,99434,100,100216,100,99277,100
2019-06-28 09:48:15.361084815,100013,556,99890,556,100042,100,99858,100,100055,100,99828,100,100078,100,99821,100,100107,100,99674,100,100123,100,99654,100,100148,100,99558,100,100180,100,99548,100,100192,200,99467,100,100216,100,99434,100
2019-06-28 09:48:20.000000000,100013,214,99890,214,100042,214,99858,214,100055,214,99828,214,100078,214,99821,214,100107,100,99674,100,100123,100,99654,100,100148,100,99558,100,100180,100,99548,100,100192,200,99467,100,100216,100,99434,100
2019-06-28 09:48:30.000000000,100013,191,99890,191,100042,191,99858,191,100055,191,99828,191,100078,191,99821,191,100107,191,99674,191,100123,100,99654,100,100148,100,99558,100,100180,100,99548,100,100192,200,99467,100,100216,100,99434,100
2019-06-28 09:48:40.000000000,100013,556,99890,556,100042,100,99858,100,100055,100,99828,100,100078,100,99821,100,100107,100,99674,100,100123,100,99654,100,100148,100,99558,100,100180,100,99548,100,100192,200,99467,100,100216,100,99434,100
2019-06-28 09:48:50.000000000,100013,214,99890,214,100042,214,99858,214,100055,214,99828,214,100078,214,99821,214,100107,100,99674,100,100123,100,99654,100,100148,100,99558,100,100180,100,99548,100,100192,200,99467,100,100216,100,99434,100
2019-06-28 09:48:56.879268131,99965,100,99890,214,100013,214,99858,214,100042,214,99828,214,100055,214,99821,214,100078,214,99674,100,100107,100,99654,100,100123,100,99558,100,100148,100,99548,100,100180,100,99467,100,100192,100,99434,100
2019-06-28 09:49:00.000000000,99965,214,99890,214,100013,214,99858,214,100042,214,99828,214,100055,214,99821,214,100078,100,99674,100,100107,100,99654,100,100123,100,99558,100,100148,100,99548,100,100180,100,99467,100,100192,100,99434,100
2019-06-28 09:49:02.116967763,99965,214,99890,114,100013,214,99858,214,100042,214,99828,214,100055,214,99821,214,100078,100,99674,100,100107,100,99654,100,100123,100,99558,100,100148,100,99548,100,100180,100,99467,100,100192,100,99434,100
2019-06-28 09:49:10.000000000,99965,214,99858,214,100013,214,99828,214,100042,214,99821,214,100055,214,99674,214,100078,100,99654,100,100107,100,99558,100,100123,100,99548,100,100148,100,99467,100,100180,100,99434,100,100192,100,99277,100
2019-06-28 09:49:20.000000000,99965,556,99858,556,100013,100,99828,100,100042,100,99821,100,100055,100,99674,100,100078,100,99654,100,100107,100,99558,100,100123,100,99548,100,100148,100,99467,100,100180,100,99434,100,100192,100,99277,100
2019-06-28 09:49:25.167251677,99939,100,99858,556,99965,556,99828,100,100013,100,99821,100,100042,100,99674,100,100055,100,99654,100,100078,100,99558,100,100107,100,99548,100,100123,100,99467,100,100148,100,99434,100,100180,100,99277,100
2019-06-28 09:49:30.000000000,99939,255,99858,255,99965,250,99828,250,100013,250,99821,250,100042,100,99674,100,100055,100,99654,100,100078,100,99558,100,100107,100,99548,100,100123,100,99467,100,100148,100,99434,100,100180,100,99277,100
2019-06-28 09:49:33.920110449,99939,255,99858,255,99954,100,99828,250,99965,250,99821,250,100013,250,99674,100,100042,100,99654,100,100055,100,99558,100,100078,100,99548,100,100107,100,99467,100,100123,100,99434,100,100148,100,99277,100
2019-06-28 09:49:36.324264061,99939,255,99922,100,99954,100,99858,255,99965,250,99828,250,100013,150,99821,250,100042,100,99674,100,100055,100,99654,100,100078,100,99558,100,100107,100,99548,100,100123,100,99467,100,100148,100,99434,100
2019-06-28 09:49:40.000000000,99939,328,99922,328,99954,328,99858,328,99965,100,99828,100,100042,100,99821,100,100055,100,99674,100,100078,100,99654,100,100107,100,99558,100,100123,100,99548,100,100148,100,99467,100,100180,100,99434,100
2019-06-28 09:49:44.698168506,99939,328,99922,328,99954,328,99858,328,99965,100,99828,100,100042,100,99821,100,100055,100,99674,100,100078,100,99654,100,100107,100,99558,100,100123,100,99548,100,100144,100,99467,100,100148,100,99434,100
2019-06-28 09:49:50.000000000,99939,191,99922,191,99954,191,99858,191,99965,191,99828,191,100042,191,99821,191,100055,191,99674,191,100078,100,99654,100,100107,100,99558,100,100123,100,99548,100,100144,100,99467,100,100148,100,99434,100
2019-06-28 09:49:57.543245116,99939,91,99922,191,99954,191,99858,191,99965,191,99828,191,100042,91,99821,191,100055,191,99674,191,100078,100,99654,100,100107,100,99558,100,100123,100,99548,100,100144,100,99467,100,100148,100,99434,100
2019-06-28 09:49:57.671548108,99939,91,99923,100,99954,191,99922,191,99965,191,99858,191,100042,91,99828,191,100055,191,99821,191,100078,100,99674,191,100107,100,99654,100,100123,100,99558,100,100144,100,99548,100,100148,100,99467,100
2019-06-28 09:50:00.000000000,99954,255,99923,255,99965,250,99922,250,100055,250,99858,250,100078,100,99828,100,100107,100,99821,100,100123,100,99674,100,100144,100,99654,100,100148,100,99558,100,100180,100,99548,100,100192,100,99467,100
2019-06-28 09:50:10.000000000,99954,255,99923,255,99965,250,99922,250,100055,250,99858,250,100078,100,99828,100,100107,100,99821,100,100123,100,99674,100,100144,100,99654,100,100148,100,99558,100,100180,100,99548,100,100192,100,99467,100
2019-06-28 09:50:19.464999710,99954,255,99923,355,99965,250,99922,250,100055,250,99858,250,100078,100,99828,100,100107,100,99821,100,100123,100,99674,100,100144,100,99654,100,100148,100,99558,100,100180,100,99548,100,100192,100,99467,100
2019-06-28 09:50:20.000000000,99954,191,99923,291,99965,191,99922,191,100055,191,99858,191,100078,191,99828,191,100107,191,99821,191,100123,100,99674,100,100144,100,99654,100,100148,100,99558,100,100180,100,99548,100,100192,100,99467,100
2019-06-28 09:50:23.300576997,99954,191,99923,291,99965,191,99922,191,100003,100,99858,191,100055,191,99828,191,100078,191,99821,191,100107,191,99674,100,100144,100,99654,100,100148,100,99558,100,100180,100,99548,100,100192,100,99467,100
2019-06-28 09:50:30.000000000,99954,556,99923,656,99965,100,99922,100,100003,100,99858,100,100055,100,99828,100,100078,100,99821,100,100107,100,99674,100,100144,100,99654,100,100148,100,99558,100,100180,100,99548,100,100192,100,99467,100
2019-06-28 09:50:38.551399132,99954,556,99923,756,99965,100,99922,100,100003,100,99858,100,100055,100,99828,100,100078,100,99821,100,100107,100,99674,100,100144,100,99654,100,100148,100,99558,100,100180,100,99548,100,100192,100,99467,100
2019-06-28 09:50:40.000000000,99954,255,99923,455,99965,250,99922,250,100003,250,99858,250,100055,100,99828,100,100078,100,99821,100,100107,100,99674,100,100144,100,99654,100,100148,100,99558,100,100180,100,99548,100,100192,100,99467,100
2019-06-28 09:50:50.000000000,99954,328,99923,528,99965,328,99922,328,100003,100,99858,100,100055,100,99828,100,100078,100,99821,100,100107,100,99674,100,100144,100,99654,100,100148,100,99558,100,100180,100,99548,100,100192,100,99467,100
2019-06-28 09:50:55.908659911,99954,328,99923,528,99965,328,99922,328,100055,100,99858,100,100078,100,99828,100,100107,100,99821,100,100121,100,99674,100,100144,100,99654,100,100148,100,99558,100,100180,100,99548,100,100192,100,99467,100
2019-06-28 09:51:00.000000000,99954,191,99923,391,99965,191,99922,191,100055,191,99858,191,100078,191,99828,191,100107,191,99821,191,100121,100,99674,100,100144,100,99654,100,100148,100,99558,100,100180,100,99548,100,100192,100,99467,100
2019-06-28 09:51:10.000000000,99954,556,99923,756,99965,100,99922,100,100055,100,99858,100,100078,100,99828,100,100107,100,99821,100,100121,100,99674,100,100144,100,99654,100,100148,100,99558,100,100180,100,99548,100,100192,100,99467,100
2019-06-28 09:51:20.000000000,99954,191,99923,391,99965,191,99922,191,100055,191,99858,191,100078,191,99828,191,100107,191,99821,191,100121,100,99674,100,100144,100,99654,100,100148,100,99558,100,100180,100,99548,100,100192,100,99467,100
2019-06-28 09:51:30.000000000,99954,214,99923,414,99965,214,99922,214,100055,214,99858,214,100078,214,99828,214,100107,100,99821,100,100121,100,99674,100,100144,100,99654,100,100148,100,99558,100,100180,100,99548,100,100192,100,99467,100
2019-06-28 09:51:30.564210168,99954,214,99923,414,99965,214,99922,214,100055,214,99858,214,100078,214,99828,214,100107,100,99821,100,100121,100,99674,100,100144,100,99654,100,100148,100,99558,100,100180,100,99548,100,100192,100,99467,100
2019-06-28 09:51:31.800542901,99954,214,99923,414,99965,214,99922,214,100055,214,99858,214,100078,214,99828,214,100107,100,99821,100,100121,100,99674,100,100144,100,99654,100,100148,100,99558,100,100180,100,99548,100,100192,100,99467,100
2019-06-28 09:51:40.000000000,99954,191,99923,391,99965,191,99922,191,100055,191,99858,191,100078,191,99828,191,100107,191,99821,191,100121,100,99674,100,100144,100,99654,100,100148,100,99558,100,100180,100,99548,100,100192,100,99467,100
2019-06-28 09:51:50.000000000,99954,556,99923,756,99965,100,99922,100,100055,100,99858,100,100078,100,99828,100,100107,100,99821,100,100121,100,99674,100,100144,100,99654,100,100148,100,99558,100,100180,100,99548,100,100192,100,99467,100
2019-06-28 09:52:00.000000000,99954,328,99923,528,99965,328,99922,328,100055,100,99858,100,100078,100,99828,100,100107,100,99821,100,100121,100,99674,100,100144,100,99654,100,100148,100,99558,100,100180,100,99548,100,100192,100,99467,100
2019-06-28 09:52:10.000000000,99954,328,99923,528,99965,328,99922,328,100055,100,99858,100,100078,100,99828,100,100107,100,99821,100,100121,100,99674,100,100144,100,99654,100,100148,100,99558,100,100180,100,99548,100,100192,100,99467,100
2019-06-28 09:52:13.764735424,99954,328,99923,528,99965,328,99922,328,100055,100,99858,100,100078,100,99828,100,100107,100,99821,100,100121,100,99710,100,100144,100,99674,100,100148,100,99654,100,100180,100,99558,100,100192,100,99548,100
2019-06-28 09:52:18.404359422,99954,328,99923,528,99965,328,99922,328,100055,100,99858,100,100078,100,99852,100,100107,100,99828,100,100121,100,99821,100,100144,100,99710,100,100148,100,99674,100,100180,100,99654,100,100192,100,99558,100
2019-06-28 09:52:20.000000000,99954,214,99923,414,99965,214,99922,214,100055,214,99858,214,100078,214,99852,214,100107,100,99828,100,100121,100,99821,100,100144,100,99710,100,100148,100,99674,100,100180,100,99654,100,100192,100,99558,100
2019-06-28 09:52:22.276731140,99954,214,99923,314,99965,214,99922,214,100055,214,99858,214,100078,214,99852,214,100107,100,99828,100,100121,100,99821,100,100144,100,99710,100,100148,100,99674,100,100180,100,99654,100,100192,100,99558,100
2019-06-28 09:52:24.923750471,99954,214,99923,314,99965,214,99922,214,99974,100,99858,214,100055,214,99852,114,100078,214,99828,100,100107,100,99821,100,100121,100,99710,100,100144,100,99674,100,100148,100,99654,100,100180,100,99558,100
2019-06-28 09:52:30.000000000,99954,556,99923,656,99965,100,99922,100,99974,100,99858,100,100055,100,99828,100,100078,100,99821,100,100107,100,99710,100,100121,100,99674,100,100144,100,99654,100,100148,100,99558,100,100180,100,99548,100
2019-06-28 09:52:40.000000000,99954,556,99923,656,99965,100,99922,100,99974,100,99858,100,100055,100,99828,100,100078,100,99821,100,100107,100,99710,100,100121,100,99674,100,100144,100,99654,100,100148,100,99558,100,100180,100,99548,100
2019-06-28 09:52:50.000000000,99954,255,99923,355,99965,250,99922,250,99974,250,99858,250,100055,100,99828,100,100078,100,99821,100,100107,100,99710,100,100121,100,99674,100,100144,100,99654,100,100148,100,99558,100,100180,100,99548,100
2019-06-28 09:53:00.000000000,99954,328,99923,428,99965,328,99922,328,99974,100,99858,100,100055,100,99828,100,100078,100,99821,100,100107,100,99710,100,100121,100,99674,100,100144,100,99654,100,100148,100,99558,100,100180,100,99548,100
2019-06-28 09:53:10.000000000,99954,191,99923,291,99965,191,99922,191,99974,191,99858,191,100055,191,99828,191,100078,191,99821,191,100107,100,99710,100,100121,100,99674,100,100144,100,99654,100,100148,100,99558,100,100180,100,99548,100
2019-06-28 09:53:13.455713099,99954,191,99923,291,99965,191,99922,191,99974,191,99858,191,100055,191,99828,191,100078,191,99821,191,100107,100,99710,100,100121,100,99674,100,100144,100,99654,100,100148,100,99548,100,100180,100,99467,100
2019-06-28 09:53:20.000000000,99954,214,99923,314,99965,214,99922,214,99974,214,99858,214,100055,214,99828,214,100078,100,99821,100,100107,100,99710,100,100121,100,99674,100,100144,100,99654,100,100148,100,99548,100,100180,100,99467,100
2019-06-28 09:53:24.749037821,99954,214,99924,100,99965,214,99923,314,99974,214,99922,214,100055,214,99858,214,100078,100,99828,214,100107,100,99821,100,100121,100,99710,100,100144,100,99674,100,100148,100,99654,100,100180,100,99548,100
2019-06-28 09:53:30.000000000,99954,191,99924,191,99965,191,99923,291,99974,191,99922,191,100055,191,99858,191,100078,191,99828,191,100107,100,99821,100,100121,100,99710,100,100144,100,99674,100,100148,100,99654,100,100180,100,99548,100
2019-06-28 09:53:40.000000000,99954,328,99924,328,99965,328,99923,428,99974,100,99922,100,100055,100,99858,100,100078,100,99828,100,100107,100,99821,100,100121,100,99710,100,100144,100,99674,100,100148,100,99654,100,100180,100,99548,100
2019-06-28 09:53:50.000000000,99954,191,99924,191,99965,191,99923,291,99974,191,99922,191,100055,191,99858,191,100078,191,99828,191,100107,100,99821,100,100121,100,99710,100,100144,100,99674,100,100148,100,99654,100,100180,100,99548,100
2019-06-28 09:53:51.965797746,99954,191,99924,191,99965,191,99923,291,99974,191,99922,191,100055,191,99858,191,100078,191,99828,191,100107,100,99821,100,100121,100,99710,100,100144,100,99674,100,100148,100,99654,100,100180,100,99548,100
2019-06-28 09:54:00.000000000,99954,255,99924,255,99965,250,99923,350,99974,250,99922,250,100055,100,99858,100,100078,100,99828,100,100107,100,99821,100,100121,100,99710,100,100144,100,99674,100,100148,100,99654,100,100180,100,99548,100
2019-06-28 09:54:10.000000000,99954,556,99924,556,99965,100,99923,200,99974,100,99922,100,100055,100,99858,100,100078,100,99828,100,100107,100,99821,100,100121,100,99710,100,100144,100,99674,100,100148,100,99654,100,100180,100,99548,100
2019-06-28 09:54:17.758774022,99954,456,99924,556,99965,100,99923,200,99974,100,99858,100,100055,100,99828,100,100078,100,99821,100,100107,100,99710,100,100121,100,99674,100,100144,100,99654,100,100148,100,99548,100,100180,100,99467,100
2019-06-28 09:54:18.095016356,99954,456,99924,556,99965,100,99923,200,99974,100,99858,100,100078,100,99828,100,100107,100,99821,100,100121,100,99710,100,100144,100,99674,100,100148,100,99654,100,100180,100,99548,100,100192,100,99467,100
2019-06-28 09:54:20.000000000,99965,191,99924,191,99974,191,99923,291,100078,191,99858,191,100107,191,99828,191,100121,191,99821,191,100144,100,99710,100,100148,100,99674,100,100180,100,99654,100,100192,100,99548,100,100216,100,99467,100
2019-06-28 09:54:30.000000000,99965,191,99924,191,99974,191,99923,291,100078,191,99858,191,100107,191,99828,191,100121,191,99821,191,100144,100,99710,100,100148,100,99674,100,100180,100,99654,100,100192,100,99548,100,100216,100,99467,100
2019-06-28 09:54:40.000000000,99965,328,99924,328,99974,328,99923,428,100078,100,99858,100,100107,100,99828,100,100121,100,99821,100,100144,100,99710,100,100148,100,99674,100,100180,100,99654,100,100192,100,99548,100,100216,100,99467,100
2019-06-28 09:54:50.000000000,99965,255,99924,255,99974,250,99923,350,100078,250,99858,250,100107,100,99828,100,100121,100,99821,100,100144,100,99710,100,100148,100,99674,100,100180,100,99654,100,100192,100,99548,100,100216,100,99467,100
2019-06-28 09:55:00.000000000,99965,328,99924,328,99974,328,99923,428,100078,100,99858,100,100107,100,99828,100,100121,100,99821,100,100144,100,99710,100,100148,100,99674,100,100180,100,99654,100,100192,100,99548,100,100216,100,99467,100
2019-06-28 09:55:02.395358344,99965,228,99924,328,99974,328,99923,428,100078,100,99858,100,100107,100,99828,100,100121,100,99821,100,100144,100,99710,100,100148,100,99674,100,100180,100,99654,100,100192,100,99548,100,100216,100,99467,100
2019-06-28 09:55:08.601355743,99965,228,99924,328,99974,328,99923,428,100078,100,99858,100,100107,100,99828,100,100121,100,99821,100,100144,100,99710,100,100148,100,99674,100,100180,100,99654,100,100192,100,99548,100,100216,100,99467,100
2019-06-28 09:55:10.000000000,99974,214,99924,214,100078,214,99923,314,100107,214,99858,214,100121,214,99828,214,100144,100,99821,100,100148,100,99710,100,100180,100,99674,100,100192,100,99654,100,100216,100,99548,100,100237,100,99467,100
2019-06-28 09:55:20.000000000,99974,191,99924,191,100078,191,99923,291,100107,191,99858,191,100121,191,99828,191,100144,191,99821,191,100148,100,99710,100,100180,100,99674,100,100192,100,99654,100,100216,100,99548,100,100237,100,99467,100
2019-06-28 09:55:23.732851878,99974,191,99924,191,100078,191,99923,291,100107,191,99858,191,100121,191,99828,191,100144,191,99821,191,100148,100,99710,100,100192,100,99674,100,100216,100,99654,100,100237,100,99548,100,100243,100,99467,100
2019-06-28 09:55:24.050294817,99974,191,99954,100,100078,191,99924,191,100107,191,99923,191,100121,191,99858,191,100144,191,99828,191,100148,100,99821,191,100192,100,99710,100,100216,100,99674,100,100237,100,99654,100,100243,100,99548,100
2019-06-28 09:55:30.000000000,99974,191,99954,191,100078,191,99924,191,100107,191,99923,191,100121,191,99858,191,100144,191,99828,191,100148,100,99821,100,100192,100,99710,100,100216,100,99674,100,100237,100,99654,100,100243,100,99548,100
2019-06-28 09:55:32.115391487,99974,191,99954,191,100078,191,99924,191,100107,191,99923,191,100121,191,99858,191,100144,191,99828,191,100148,100,99821,100,100192,100,99710,100,100216,100,99674,100,100237,100,99654,100,100243,100,99548,100
2019-06-28 09:55:40.000000000,99974,328,99954,328,100078,328,99924,328,100107,100,99923,100,100121,100,99858,100,100144,100,99828,100,100148,100,99821,100,100192,100,99710,100,100216,100,99674,100,100237,100,99654,100,100243,100,99548,100
2019-06-28 09:55:50.000000000,99974,214,99954,214,100078,214,99924,214,100107,214,99923,214,100121,214,99858,214,100144,100,99828,100,100148,100,99821,100,100192,100,99710,100,100216,100,99674,100,100237,100,99654,100,100243,100,99548,100
2019-06-28 09:56:00.000000000,99974,556,99954,556,100078,100,99924,100,100107,100,99923,100,100121,100,99858,100,100144,100,99828,100,100148,100,99821,100,100192,100,99710,100,100216,100,99674,100,100237,100,99654,100,100243,100,99548,100
2019-06-28 09:56:10.000000000,99974,255,99954,255,100078,250,99924,250,100107,250,99923,250,100121,100,99858,100,100144,100,99828,100,100148,100,99821,100,100192,100,99710,100,100216,100,99674,100,100237,100,99654,100,100243,100,99548,100
2019-06-28 09:56:12.412979403,99974,255,99954,255,100078,250,99924,250,100107,250,99923,250,100121,100,99858,100,100144,100,99828,100,100148,100,99821,100,100192,100,99710,100,100216,100,99674,100,100243,100,99654,100,100244,100,99548,100
2019-06-28 09:56:15.309394302,99974,155,99954,255,100078,250,99924,250,100107,250,99923,250,100121,100,99858,100,100144,100,99828,100,100148,100,99821,100,100192,100,99710,100,100216,100,99674,100,100243,100,99654,100,100244,100,99548,100
2019-06-28 09:56:20.000000000,100078,255,99954,255,100107,250,99924,250,100121,250,99923,250,100144,100,99858,100,100148,100,99828,100,100192,100,99821,100,100216,100,99710,100,100243,100,99674,100,100244,100,99654,100,100294,100,99548,100
2019-06-28 09:56:20.288708777,100078,255,99965,100,100107,250,99954,255,100121,250,99924,150,100144,100,99923,250,100148,100,99858,100,100192,100,99828,100,100216,100,99821,100,100243,100,99710,100,100244,100,99674,100,100294,100,99654,100
2019-06-28 09:56:29.461548054,100078,255,99965,100,100107,250,99954,255,100121,250,99924,150,100144,100,99923,250,100148,100,99858,100,100192,100,99828,100,100216,100,99821,100,100243,100,99710,100,100244,100,99674,100,100294,100,99654,100
2019-06-28 09:56:30.000000000,100078,191,99965,191,100107,191,99954,191,100121,191,99923,191,100144,191,99858,191,100148,191,99828,191,100192,100,99821,100,100216,100,99710,100,100243,100,99674,100,100244,100,99654,100,100294,100,99548,100
2019-06-28 09:56:40.000000000,100078,556,99965,556,100107,100,99954,100,100121,100,99923,100,100144,100,99858,100,100148,100,99828,100,100192,100,99821,100,100216,100,99710,100,100243,100,99674,100,100244,100,99654,100,100294,100,99548,100
2019-06-28 09:56:50.000000000,100078,214,99965,214,100107,214,99954,214,100121,214,99923,214,100144,214,99858,214,100148,100,99828,100,100192,100,99821,100,100216,100,99710,100,100243,100,99674,100,100244,100,99654,100,100294,100,99548,100
2019-06-28 09:56:57.295659045,100078,214,99965,214,100107,214,99954,214,100121,214,99923,214,100144,214,99858,214,100148,100,99828,100,100192,100,99821,100,100216,100,99710,100,100243,100,99674,100,100244,100,99654,100,100294,100,99548,100
2019-06-28 09:57:00.000000000,100078,556,99965,556,100107,100,99954,100,100121,100,99923,100,100144,100,99858,100,100148,100,99828,100,100192,100,99821,100,100216,100,99710,100,100243,100,99674,100,100244,100,99654,100,100294,100,99548,100
2019-06-28 09:57:10.000000000,100078,556,99965,556,100107,100,99954,100,100121,100,99923,100,100144,100,99858,100,100148,100,99828,100,100192,100,99821,100,100216,100,99710,100,100243,100,99674,100,100244,100,99654,100,100294,100,99548,100
2019-06-28 09:57:13.768374601,100078,456,99965,556,100107,100,99954,100,100121,100,99923,100,100144,100,99858,100,100148,100,99828,100,100192,100,99821,100,100216,100,99710,100,100243,100,99674,100,100244,100,99654,100,100294,100,99548,100
2019-06-28 09:57:20.000000000,100107,556,99965,556,100121,100,99954,100,100144,100,99923,100,100148,100,99858,100,100192,100,99828,100,100216,100,99821,100,100243,100,99710,100,100244,100,99674,100,100294,100,99654,100,100311,100,99548,100
2019-06-28 09:57:30.000000000,100107,328,99965,328,100121,328,99954,328,100144,100,99923,100,100148,100,99858,100,100192,100,99828,100,100216,100,99821,100,100243,100,99710,100,100244,100,99674,100,100294,100,99654,100,100311,100,99548,100
2019-06-28 09:57:38.404816958,100107,228,99965,328,100121,328,99954,328,100144,100,99923,100,100148,100,99858,100,100192,100,99828,100,100216,100,99821,100,100243,100,99710,100,100244,100,99674,100,100294,100,99654,100,100311,100,99548,100
2019-06-28 09:57:40.000000000,100121,191,99965,191,100144,191,99954,191,100148,191,99923,191,100192,191,99858,191,100216,191,99828,191,100243,100,99821,100,100244,100,99710,100,100294,100,99674,100,100311,100,99654,100,100319,100,99548,100
2019-06-28 09:57:45.515475096,100121,191,99965,191,100144,191,99954,191,100148,191,99923,191,100192,191,99858,191,100216,191,99828,191,100243,100,99821,100,100244,100,99710,100,100294,100,99674,100,100311,100,99654,100,100319,100,99548,100
2019-06-28 09:57:50.000000000,100121,191,99965,191,100144,191,99954,191,100148,191,99923,191,100192,191,99858,191,100216,191,99828,191,100243,100,99821,100,100244,100,99710,100,100294,100,99674,100,100311,100,99654,100,100319,100,99548,100
2019-06-28 09:57:50.396370313,100121,191,99965,191,100144,191,99954,191,100148,191,99923,191,100192,191,99858,191,100216,191,99828,191,100243,100,99821,100,100244,100,99710,100,100280,100,99674,100,100294,100,99654,100,100311,100,99548,100
2019-06-28 09:58:00.000000000,100121,255,99965,255,100144,250,99954,250,100148,250,99923,250,100192,100,99858,100,100216,100,99828,100,100243,100,99821,100,100244,100,99710,100,100280,100,99674,100,100294,100,99654,100,100311,100,99548,100
2019-06-28 09:58:01.040958058,100121,255,99965,255,100144,250,99954,250,100148,250,99923,250,100192,100,99858,100,100216,100,99828,100,100243,100,99821,100,100244,100,99710,100,100280,100,99674,100,100294,100,99654,100,100311,100,99548,100
2019-06-28 09:58:04.346328720,100121,255,100078,100,100144,250,99965,255,100148,250,99954,250,100192,100,99923,250,100216,100,99858,100,100243,100,99828,100,100244,100,99821,100,100280,100,99710,100,100294,100,99674,100,100311,100,99654,100
2019-06-28 09:58:10.000000000,100121,214,100078,214,100144,214,99965,214,100148,214,99954,214,100192,214,99923,214,100216,100,99858,100,100243,100,99828,100,100244,100,99821,100,100280,100,99710,100,100294,100,99674,100,100311,100,99654,100
2019-06-28 09:58:20.000000000,100121,255,100078,255,100144,250,99965,250,100148,250,99954,250,100192,100,99923,100,100216,100,99858,100,100243,100,99828,100,100244,100,99821,100,100280,100,99710,100,100294,100,99674,100,100311,100,99654,100
2019-06-28 09:58:21.838211308,100121,255,100078,255,100144,250,99965,250,100148,250,99954,250,100192,100,99923,100,100216,100,99858,100,100243,100,99828,100,100244,100,99821,100,100280,100,99710,100,100294,100,99674,100,100311,100,99654,100
2019-06-28 09:58:30.000000000,100121,328,100078,328,100144,328,99965,328,100148,100,99954,100,100192,100,99923,100,100216,100,99858,100,100243,100,99828,100,100244,100,99821,100,100280,100,99710,100,100294,100,99674,100,100311,100,99654,100
2019-06-28 09:58:40.000000000,100121,191,100078,191,100144,191,99965,191,100148,191,99954,191,100192,191,99923,191,100216,191,99858,191,100243,100,99828,100,100244,100,99821,100,100280,100,99710,100,100294,100,99674,100,100311,100,99654,100
2019-06-28 09:58:50.000000000,100121,556,100078,556,100144,100,99965,100,100148,100,99954,100,100192,100,99923,100,100216,100,99858,100,100243,100,99828,100,100244,100,99821,100,100280,100,99710,100,100294,100,99674,100,100311,100,99654,100
2019-06-28 09:59:00.000000000,100121,191,100078,191,100144,191,99965,191,100148,191,99954,191,100192,191,99923,191,100216,191,99858,191,100243,100,99828,100,100244,100,99821,100,100280,100,99710,100,100294,100,99674,100,100311,100,99654,100
2019-06-28 09:59:07.970664407,100121,191,100078,191,100144,191,99965,191,100148,191,99954,191,100192,191,99923,191,100216,191,99858,191,100243,100,99828,100,100244,100,99821,100,100280,100,99710,100,100294,100,99674,100,100311,100,99654,100
2019-06-28 09:59:10.000000000,100121,328,100078,328,100144,328,99965,328,100148,100,99954,100,100192,100,99923,100,100216,100,99858,100,100243,100,99828,100,100244,100,99821,100,100280,100,99710,100,100294,100,99674,100,100311,100,99654,100
2019-06-28 09:59:16.910245041,100121,328,100078,328,100144,328,99965,328,100148,100,99954,100,100192,100,99923,100,100243,100,99858,100,100244,100,99828,100,100280,100,99821,100,100294,100,99710,100,100311,100,99674,100,100319,100,99654,100
2019-06-28 09:59:20.000000000,100121,328,100078,328,100144,328,99965,328,100148,100,99954,100,100192,100,99923,100,100243,100,99858,100,100244,100,99828,100,100280,100,99821,100,100294,100,99710,100,100311,100,99674,100,100319,100,99654,100
2019-06-28 09:59:30.000000000,100121,255,100078,255,100144,250,99965,250,100148,250,99954,250,100192,100,99923,100,100243,100,99858,100,100244,100,99828,100,100280,100,99821,100,100294,100,99710,100,100311,100,99674,100,100319,100,99654,100
2019-06-28 09:59:37.419035124,100121,255,100078,355,100144,250,99965,250,100148,250,99954,250,100192,100,99923,100,100243,100,99858,100,100244,100,99828,100,100280,100,99821,100,100294,100,99710,100,100311,100,99674,100,100319,100,99654,100
2019-06-28 09:59:40.000000000,100121,214,100078,314,100144,214,99965,214,100148,214,99954,214,100192,214,99923,214,100243,100,99858,100,100244,100,99828,100,100280,100,99821,100,100294,100,99710,100,100311,100,99674,100,100319,100,99654,100
2019-06-28 09:59:48.177983656,100121,214,100078,214,100144,214,99965,114,100148,214,99954,214,100192,214,99923,214,100243,100,99858,100,100244,100,99828,100,100280,100,99821,100,100294,100,99710,100,100311,100,99674,100,100319,100,99654,100
2019-06-28 09:59:50.000000000,100121,556,100078,556,100144,100,99954,100,100148,100,99923,100,100192,100,99858,100,100243,100,99828,100,100244,100,99821,100,100280,100,99710,100,100294,100,99674,100,100311,100,99654,100,100319,100,99548,100
2019-06-28 09:59:55.751850790,100121,556,100078,556,100144,100,99954,100,100148,100,99923,100,100192,100,99858,100,100243,100,99828,100,100244,100,99821,100,100280,100,99710,100,100294,100,99674,100,100296,100,99654,100,100311,100,99548,100
2019-06-28 10:00:00.000000000,100121,255,100078,255,100144,250,99954,250,100148,250,99923,250,100192,100,99858,100,100243,100,99828,100,100244,100,99821,100,100280,100,99710,100,100294,100,99674,100,100296,100,99654,100,100311,100,99548,100
2019-06-28 10:00:07.575498410,100121,255,100078,255,100144,250,99954,250,100148,250,99923,250,100192,100,99858,100,100210,100,99828,100,100243,100,99821,100,100244,100,99710,100,100280,100,99674,100,100294,100,99654,100,100296,100,99548,100
2019-06-28 10:00:08.053931709,100106,100,100078,255,100121,255,99954,150,100144,250,99923,250,100148,250,99858,100,100192,100,99828,100,100210,100,99821,100,100243,100,99710,100,100244,100,99674,100,100280,100,99654,100,100294,100,99548,100
2019-06-28 10:00:09.089742089,100106,100,100078,255,100121,255,99976,100,100144,250,99954,150,100148,250,99923,250,100192,100,99858,100,100210,100,99828,100,100243,100,99821,100,100244,100,99710,100,100280,100,99674,100,100294,100,99654,100
2019-06-28 10:00:10.000000000,100106,214,100078,214,100121,214,99976,214,100144,214,99923,214,100148,214,99858,214,100192,100,99828,100,100210,100,99821,100,100243,100,99710,100,100244,100,99674,100,100280,100,99654,100,100294,100,99548,100
2019-06-28 10:00:20.000000000,100106,214,100078,214,100121,214,99976,214,100144,214,99923,214,100148,214,99858,214,100192,100,99828,100,100210,100,99821,100,100243,100,99710,100,100244,100,99674,100,100280,100,99654,100,100294,100,99548,100
2019-06-28 10:00:30.000000000,100106,255,100078,255,100121,250,99976,250,100144,250,99923,250,100148,100,99858,100,100192,100,99828,100,100210,100,99821,100,100243,100,99710,100,100244,100,99674,100,100280,100,99654,100,100294,100,99548,100
2019-06-28 10:00:40.000000000,100106,328,100078,328,100121,328,99976,328,100144,100,99923,100,100148,100,99858,100,100192,100,99828,100,100210,100,99821,100,100243,100,99710,100,100244,100,99674,100,100280,100,99654,100,100294,100,99548,100
2019-06-28 10:00:50.000000000,100106,191,100078,191,100121,191,99976,191,100144,191,99923,191,100148,191,99858,191,100192,191,99828,191,100210,100,99821,100,100243,100,99710,100,100244,100,99674,100,100280,100,99654,100,100294,100,99548,100
2019-06-28 10:01:00.000000000,100106,191,100078,191,100121,191,99976,191,100144,191,99923,191,100148,191,99858,191,100192,191,99828,191,100210,100,99821,100,100243,100,99710,100,100244,100,99674,100,100280,100,99654,100,100294,100,99548,100
2019-06-28 10:01:10.000000000,100106,191,100078,191,100121,191,99976,191,100144,191,99923,191,100148,191,99858,191,100192,191,99828,191,100210,100,99821,100,100243,100,99710,100,100244,100,99674,100,100280,100,99654,100,100294,100,99548,100
2019-06-28 10:01:20.000000000,100106,191,100078,191,100121,191,99976,191,100144,191,99923,191,100148,191,99858,191,100192,191,99828,191,100210,100,99821,100,100243,100,99710,100,100244,100,99674,100,100280,100,99654,100,100294,100,99548,100
2019-06-28 10:01:28.433729637,100106,191,100078,191,100121,191,99976,191,100144,191,99923,191,100146,100,99858,191,100148,191,99828,191,100192,191,99821,100,100210,100,99710,100,100243,100,99674,100,100244,100,99654,100,100280,100,99548,100
2019-06-28 10:01:30.000000000,100106,191,100078,191,100121,191,99976,191,100144,191,99923,191,100146,191,99858,191,100148,191,99828,191,100192,100,99821,100,100210,100,99710,100,100243,100,99674,100,100244,100,99654,100,100280,100,99548,100
2019-06-28 10:01:36.366026464,100106,191,100078,191,100121,191,99976,191,100144,191,99923,191,100146,191,99858,191,100148,191,99828,191,100192,100,99821,100,100210,100,99710,100,100243,100,99674,100,100244,100,99654,100,100280,100,99548,100
2019-06-28 10:01:40.000000000,100106,255,100078,255,100121,250,99976,250,100144,250,99923,250,100146,100,99858,100,100148,100,99828,100,100192,100,99821,100,100210,100,99710,100,100243,100,99674,100,100244,100,99654,100,100280,100,99548,100
2019-06-28 10:01:40.532662516,100106,355,100078,255,100121,250,99976,250,100144,250,99923,250,100146,100,99858,100,100192,100,99828,100,100210,100,99821,100,100243,100,99710,100,100244,100,99674,100,100280,100,99654,100,100294,100,99548,100
2019-06-28 10:01:50.000000000,100106,656,100078,556,100121,100,99976,100,100144,100,99923,100,100146,100,99858,100,100192,100,99828,100,100210,100,99821,100,100243,100,99710,100,100244,100,99674,100,100280,100,99654,100,100294,100,99548,100
2019-06-28 10:02:00.000000000,100106,428,100078,328,100121,328,99976,328,100144,100,99923,100,100146,100,99858,100,100192,100,99828,100,100210,100,99821,100,100243,100,99710,100,100244,100,99674,100,100280,100,99654,100,100294,100,99548,100
2019-06-28 10:02:05.397836264,100106,428,100079,100,100121,328,100078,328,100144,100,99976,328,100146,100,99923,100,100192,100,99858,100,100210,100,99828,100,100243,100,99821,100,100244,100,99710,100,100280,100,99674,100,100294,100,99654,100
2019-06-28 10:02:08.601623307,100106,428,100079,100,100121,328,100078,328,100144,100,99976,328,100146,100,99950,100,100192,100,99923,100,100210,100,99858,100,100243,100,99828,100,100244,100,99821,100,100280,100,99710,100,100294,100,99674,100
2019-06-28 10:02:10.000000000,100106,428,100079,328,100121,328,100078,328,100144,100,99976,100,100146,100,99950,100,100192,100,99923,100,100210,100,99858,100,100243,100,99828,100,100244,100,99821,100,100280,100,99710,100,100294,100,99674,100
2019-06-28 10:02:20.000000000,100106,291,100079,191,100121,191,100078,191,100144,191,99976,191,100146,191,99950,191,100192,191,99923,191,100210,100,99858,100,100243,100,99828,100,100244,100,99821,100,100280,100,99710,100,100294,100,99674,100
2019-06-28 10:02:30.000000000,100106,291,100079,191,100121,191,100078,191,100144,191,99976,191,100146,191,99950,191,100192,191,99923,191,100210,100,99858,100,100243,100,99828,100,100244,100,99821,100,100280,100,99710,100,100294,100,99674,100
2019-06-28 10:02:30.307179324,100106,291,100079,191,100121,191,100078,191,100144,191,100066,100,100146,191,99976,191,100192,191,99950,191,100210,100,99923,191,100243,100,99858,100,100244,100,99828,100,100280,100,99821,100,100294,100,99710,100
2019-06-28 10:02:30.460053178,100106,291,100079,191,100121,191,100078,191,100144,191,100066,100,100146,191,99976,191,100192,191,99950,191,100210,100,99923,191,100243,200,99858,100,100244,100,99828,100,100280,100,99821,100,100294,100,99710,100
2019-06-28 10:02:40.000000000,100106,291,100079,191,100121,191,100078,191,100144,191,100066,191,100146,191,99976,191,100192,191,99950,191,100210,100,99923,100,100243,200,99858,100,100244,100,99828,100,100280,100,99821,100,100294,100,99710,100
2019-06-28 10:02:50.000000000,100106,291,100079,191,100121,191,100078,191,100144,191,100066,191,100146,191,99976,191,100192,191,99950,191,100210,100,99923,100,100243,200,99858,100,100244,100,99828,100,100280,100,99821,100,100294,100,99710,100
2019-06-28 10:03:00.000000000,100106,656,100079,556,100121,100,100078,100,100144,100,100066,100,100146,100,99976,100,100192,100,99950,100,100210,100,99923,100,100243,200,99858,100,100244,100,99828,100,100280,100,99821,100,100294,100,99710,100
2019-06-28 10:03:10.000000000,100106,291,100079,191,100121,191,100078,191,100144,191,100066,191,100146,191,99976,191,100192,191,99950,191,100210,100,99923,100,100243,200,99858,100,100244,100,99828,100,100280,100,99821,100,100294,100,99710,100
2019-06-28 10:03:10.599948945,100106,291,100079,91,100121,191,100078,191,100144,191,100066,191,100146,191,99976,191,100192,191,99950,191,100210,100,99923,100,100243,200,99858,100,100244,100,99828,100,100280,100,99821,100,100294,100,99710,100
2019-06-28 10:03:20.000000000,100106,428,100078,328,100121,328,100066,328,100144,100,99976,100,100146,100,99950,100,100192,100,99923,100,100210,100,99858,100,100243,200,99828,100,100244,100,99821,100,100280,100,99710,100,100294,100,99674,100
2019-06-28 10:03:23.459195686,100106,428,100078,228,100121,328,100066,328,100144,100,99976,100,100146,100,99950,100,100192,100,99923,100,100210,100,99858,100,100243,100,99828,100,100244,100,99821,100,100280,100,99710,100,100294,100,99674,100
2019-06-28 10:03:23.976675792,100106,428,100078,128,100121,328,100066,328,100144,100,99976,100,100146,100,99950,100,100192,100,99923,100,100210,100,99858,100,100243,100,99828,100,100244,100,99821,100,100280,100,99710,100,100294,100,99674,100
2019-06-28 10:03:30.000000000,100106,291,100066,191,100121,191,99976,191,100144,191,99950,191,100146,191,99923,191,100192,191,99858,191,100210,100,99828,100,100243,100,99821,100,100244,100,99710,100,100280,100,99674,100,100294,100,99654,100
2019-06-28 10:03:33.228771682,100106,291,100066,91,100121,191,99976,191,100144,191,99950,191,100146,191,99923,191,100192,191,99858,191,100210,100,99828,100,100243,100,99821,100,100244,100,99710,100,100280,100,99674,100,100294,100,99654,100
2019-06-28 10:03:40.000000000,100106,656,99976,556,100121,100,99950,100,100144,100,99923,100,100146,100,99858,100,100192,100,99828,100,100210,100,99821,100,100243,100,99710,100,100244,100,99674,100,100280,100,99654,100,100294,100,99434,100
2019-06-28 10:03:50.000000000,100106,314,99976,214,100121,214,99950,214,100144,214,99923,214,100146,214,99858,214,100192,100,99828,100,100210,100,99821,100,100243,100,99710,100,100244,100,99674,100,100280,100,99654,100,100294,100,99434,100
2019-06-28 10:03:54.519340323,100106,314,99976,214,100121,214,99950,214,100144,214,99923,214,100146,214,99858,214,100192,100,99828,100,100210,100,99710,100,100243,100,99674,100,100244,100,99654,100,100280,100,99434,100,100294,100,99277,100
2019-06-28 10:04:00.000000000,100106,656,99976,556,100121,100,99950,100,100144,100,99923,100,100146,100,99858,100,100192,100,99828,100,100210,100,99710,100,100243,100,99674,100,100244,100,99654,100,100280,100,99434,100,100294,100,99277,100
2019-06-28 10:04:07.785851752,100078,100,99976,556,100106,656,99950,100,100121,100,99923,100,100144,100,99858,100,100146,100,99828,100,100192,100,99710,100,100210,100,99674,100,100243,100,99654,100,100244,100,99434,100,100280,100,99277,100
2019-06-28 10:04:10.000000000,100078,556,99976,556,100106,200,99950,100,100121,100,99923,100,100144,100,99858,100,100146,100,99828,100,100192,100,99710,100,100210,100,99674,100,100243,100,99654,100,100244,100,99434,100,100280,100,99277,100
2019-06-28 10:04:20.000000000,100078,214,99976,214,100106,314,99950,214,100121,214,99923,214,100144,214,99858,214,100146,100,99828,100,100192,100,99710,100,100210,100,99674,100,100243,100,99654,100,100244,100,99434,100,100280,100,99277,100
2019-06-28 10:04:30.000000000,100078,255,99976,255,100106,350,99950,250,100121,250,99923,250,100144,100,99858,100,100146,100,99828,100,100192,100,99710,100,100210,100,99674,100,100243,100,99654,100,100244,100,99434,100,100280,100,99277,100
2019-06-28 10:04:40.000000000,100078,556,99976,556,100106,200,99950,100,100121,100,99923,100,100144,100,99858,100,100146,100,99828,100,100192,100,99710,100,100210,100,99674,100,100243,100,99654,100,100244,100,99434,100,100280,100,99277,100
2019-06-28 10:04:42.146082096,100078,556,99976,556,100106,200,99950,100,100121,100,99923,100,100144,100,99858,100,100146,100,99828,100,100192,100,99710,100,100210,100,99674,100,100243,100,99654,100,100244,100,99434,100,100280,100,99277,100
2019-06-28 10:04:50.000000000,100078,255,99976,255,100106,350,99950,250,100121,250,99923,250,100144,100,99858,100,100146,100,99828,100,100192,100,99710,100,100210,100,99674,100,100243,100,99654,100,100244,100,99434,100,100280,100,99277,100
2019-06-28 10:05:00.000000000,100078,214,99976,214,100106,314,99950,214,100121,214,99923,214,100144,214,99858,214,100146,100,99828,100,100192,100,99710,100,100210,100,99674,100,100243,100,99654,100,100244,100,99434,100,100280,100,99277,100
2019-06-28 10:05:10.000000000,100078,328,99976,328,100106,428,99950,328,100121,100,99923,100,100144,100,99858,100,100146,100,99828,100,100192,100,99710,100,100210,100,99674,100,100243,100,99654,100,100244,100,99434,100,100280,100,99277,100
2019-06-28 10:05:10.120893910,100078,328,99976,328,100106,428,99950,328,100121,100,99923,100,100144,100,99858,100,100146,100,99828,100,100210,100,99720,100,100243,100,99710,100,100244,100,99674,100,100280,100,99654,100,100294,100,99434,100
2019-06-28 10:05:10.672152703,100078,328,99976,228,100106,428,99950,328,100121,100,99923,100,100144,100,99858,100,100146,100,99828,100,100210,100,99720,100,100243,100,99710,100,100244,100,99674,100,100280,100,99654,100,100294,100,99434,100
2019-06-28 10:05:20.000000000,100078,191,99950,191,100106,291,99923,191,100121,191,99858,191,100144,191,99828,191,100146,191,99720,191,100210,100,99710,100,100243,100,99674,100,100244,100,99654,100,100280,100,99434,100,100294,100,99277,100
2019-06-28 10:05:22.222037607,100078,191,99950,91,100106,291,99923,191,100121,191,99858,191,100144,91,99828,191,100146,191,99720,191,100210,100,99710,100,100243,100,99674,100,100244,100,99654,100,100280,100,99434,100,100294,100,99277,100
2019-06-28 10:05:26.055730550,100078,191,99950,91,100106,291,99923,191,100121,191,99858,191,100144,91,99828,191,100146,191,99720,191,100210,100,99710,100,100243,100,99674,100,100244,100,99654,100,100280,100,99566,100,100294,100,99434,100
2019-06-28 10:05:30.000000000,100078,328,99923,328,100106,428,99858,328,100121,100,99828,100,100146,100,99720,100,100210,100,99710,100,100243,100,99674,100,100244,100,99654,100,100280,100,99566,100,100294,100,99434,100,100327,100,99277,100
2019-06-28 10:05:38.615658894,100078,328,99923,228,100106,428,99858,328,100121,100,99828,100,100146,100,99720,100,100210,100,99710,100,100243,100,99674,100,100244,100,99654,100,100294,100,99566,100,100327,100,99434,100,100361,100,99277,100
2019-06-28 10:05:40.000000000,100078,328,99858,328,100106,428,99828,328,100121,100,99720,100,100146,100,99710,100,100210,100,99674,100,100243,100,99654,100,100244,100,99566,100,100294,100,99434,100,100327,100,99277,100,100361,100,99271,100
2019-06-28 10:05:50.000000000,100078,191,99858,191,100106,291,99828,191,100121,191,99720,191,100146,191,99710,191,100210,191,99674,191,100243,100,99654,100,100244,100,99566,100,100294,100,99434,100,100327,100,99277,100,100361,100,99271,100
2019-06-28 10:05:56.120628132,100078,191,99858,191,100106,291,99828,91,100121,191,99720,191,100146,191,99710,191,100210,191,99674,191,100243,100,99654,100,100244,100,99566,100,100294,100,99530,100,100327,100,99434,100,100361,100,99277,100
2019-06-28 10:06:00.000000000,100078,328,99858,328,100106,428,99720,328,100121,100,99710,100,100146,100,99674,100,100210,100,99654,100,100243,100,99566,100,100244,100,99530,100,100294,100,99434,100,100327,100,99277,100,100361,100,99271,100
2019-06-28 10:06:04.701543426,100078,328,99858,228,100106,428,99720,328,100121,100,99710,100,100146,100,99674,100,100210,100,99654,100,100243,100,99566,100,100244,100,99530,100,100294,100,99434,100,100327,100,99277,100,100361,100,99271,100
2019-06-28 10:06:10.000000000,100078,328,99720,328,100106,428,99710,328,100121,100,99674,100,100146,100,99654,100,100210,100,99566,100,100243,100,99530,100,100244,100,99434,100,100294,100,99277,100,100327,100,99271,100,100361,100,99252,100
2019-06-28 10:06:20.000000000,100078,556,99720,556,100106,200,99710,100,100121,100,99674,100,100146,100,99654,100,100210,100,99566,100,100243,100,99530,100,100244,100,99434,100,100294,100,99277,100,100327,100,99271,100,100361,100,99252,100
2019-06-28 10:06:22.063907607,100078,556,99720,456,100106,200,99710,100,100121,100,99674,100,100146,100,99654,100,100210,100,99566,100,100243,100,99530,100,100244,100,99434,100,100294,100,99277,100,100327,100,99271,100,100361,100,99252,100
2019-06-28 10:06:22.426235726,100078,556,99720,356,100106,200,99710,100,100121,100,99674,100,100146,100,99654,100,100210,100,99566,100,100243,100,99530,100,100244,100,99434,100,100327,100,99277,100,100361,100,99271,100,100382,100,99252,100
2019-06-28 10:06:30.000000000,100078,556,99710,556,100106,200,99674,100,100121,100,99654,100,100146,100,99566,100,100210,100,99530,100,100243,100,99434,100,100244,100,99277,100,100327,100,99271,100,100361,100,99252,100,100382,100,99106,100
2019-06-28 10:06:40.000000000,100078,191,99710,191,100106,291,99674,191,100121,191,99654,191,100146,191,99566,191,100210,191,99530,191,100243,100,99434,100,100244,100,99277,100,100327,100,99271,100,100361,100,99252,100,100382,100,99106,100
2019-06-28 10:06:50.000000000,100078,255,99710,255,100106,350,99674,250,100121,250,99654,250,100146,100,99566,100,100210,100,99530,100,100243,100,99434,100,100244,100,99277,100,100327,100,99271,100,100361,100,99252,100,100382,100,99106,100
2019-06-28 10:06:54.082801921,100078,255,99710,155,100106,350,99674,250,100121,250,99654,250,100146,100,99566,100,100210,100,99530,100,100243,100,99434,100,100244,100,99277,100,100327,100,99271,100,100361,100,99252,100,100382,100,99106,100
2019-06-28 10:07:00.000000000,100078,255,99674,255,100106,350,99654,250,100121,250,99566,250,100146,100,99530,100,100210,100,99434,100,100243,100,99277,100,100244,100,99271,100,100327,100,99252,100,100361,100,99106,100,100382,100,98950,100
2019-06-28 10:07:09.093255545,100078,255,99674,155,100106,350,99654,250,100121,250,99566,250,100146,100,99530,100,100210,100,99434,100,100243,100,99277,100,100244,100,99271,100,100327,100,99252,100,100361,100,99106,100,100382,100,98950,100
2019-06-28 10:07:10.000000000,100078,328,99654,328,100106,428,99566,328,100121,100,99530,100,100146,100,99434,100,100210,100,99277,100,100243,100,99271,100,100244,100,99252,100,100327,100,99106,100,100361,100,98950,100,100382,100,,
2019-06-28 10:07:20.000000000,100078,214,99654,214,100106,314,99566,214,100121,214,99530,214,100146,214,99434,214,100210,100,99277,100,100243,100,99271,100,100244,100,99252,100,100327,100,99106,100,100361,100,98950,100,100382,100,,
2019-06-28 10:07:30.000000000,100078,191,99654,191,100106,291,99566,191,100121,191,99530,191,100146,191,99434,191,100210,191,99277,191,100243,100,99271,100,100244,100,99252,100,100327,100,99106,100,100361,100,98950,100,100382,100,,
2019-06-28 10:07:40.000000000,100078,191,99654,191,100106,291,99566,191,100121,191,99530,191,100146,191,99434,191,100210,191,99277,191,100243,100,99271,100,100244,100,99252,100,100327,100,99106,100,100361,100,98950,100,100382,100,,
