,ask_price_1,ask_size_1,bid_price_1,bid_size_1,ask_price_2,ask_size_2,bid_price_2,bid_size_2,ask_price_3,ask_size_3,bid_price_3,bid_size_3,ask_price_4,ask_size_4,bid_price_4,bid_size_4,ask_price_5,ask_size_5,bid_price_5,bid_size_5,ask_price_6,ask_size_6,bid_price_6,bid_size_6,ask_price_7,ask_size_7,bid_price_7,bid_size_7,ask_price_8,ask_size_8,bid_price_8,bid_size_8,ask_price_9,ask_size_9,bid_price_9,bid_size_9,ask_price_10,ask_size_10,bid_price_10,bid_size_10
2019-06-28 09:30:00.000000000,,,,,,,,,,,,,,,,,,,,,,,,,,,,,,,,,,,,,,,,
2019-06-28 09:30:00.000000001,100117,100,99949,100,,,,,,,,,,,,,,,,,,,,,,,,,,,,,,,,,,,,
2019-06-28 09:30:00.000000004,100117,100,99949,100,100131,100,,,,,,,,,,,,,,,,,,,,,,,,,,,,,,,,,,
2019-06-28 09:30:00.000000006,100117,100,99949,100,100131,100,,,,,,,,,,,,,,,,,,,,,,,,,,,,,,,,,,
2019-06-28 09:30:00.000000007,100117,100,100042,100,100131,100,99949,100,,,99910,100,,,,,,,,,,,,,,,,,,,,,,,,,,,,
2019-06-28 09:30:00.000000008,100117,100,100042,100,100131,100,99949,100,,,99910,100,,,99888,100,,,,,,,,,,,,,,,,,,,,,,,,
2019-06-28 09:30:00.000000010,100117,100,99910,100,100131,100,99888,100,,,,,,,,,,,,,,,,,,,,,,,,,,,,,,,,
2019-06-28 09:30:00.000000012,100117,100,100013,100,100131,100,99910,100,,,99888,100,,,,,,,,,,,,,,,,,,,,,,,,,,,,
2019-06-28 09:30:00.000000014,100117,100,100013,100,100131,100,99916,100,,,99910,100,,,99888,100,,,,,,,,,,,,,,,,,,,,,,,,
2019-06-28 09:30:00.000000016,100117,100,100013,100,100131,100,99916,100,,,99910,100,,,99888,100,,,99883,100,,,,,,,,,,,,,,,,,,,,
2019-06-28 09:30:00.000000017,100117,100,100013,100,100131,100,99949,100,,,99916,100,,,99910,100,,,99888,100,,,99883,100,,,,,,,,,,,,,,,,
2019-06-28 09:30:00.000000018,100117,100,100013,100,100131,100,99949,200,,,99916,100,,,99910,100,,,99888,100,,,99883,100,,,,,,,,,,,,,,,,
2019-06-28 09:30:00.000000019,100117,100,100013,100,100131,100,99949,200,,,99934,100,,,99916,100,,,99910,100,,,99888,100,,,99883,100,,,,,,,,,,,,
2019-06-28 09:30:00.000000021,100117,100,99950,100,100131,100,99949,200,,,99934,100,,,99916,100,,,99910,100,,,99888,100,,,99883,100,,,,,,,,,,,,
2019-06-28 09:30:00.000000022,100031,100,100009,100,100088,100,99950,100,100117,100,99949,200,100131,100,99934,100,,,99916,100,,,99910,100,,,99888,100,,,99883,100,,,,,,,,
2019-06-28 09:30:00.000000023,100013,100,100009,100,100031,100,99950,200,100088,100,99949,200,100117,100,99934,100,100131,100,99916,100,,,99910,100,,,99888,100,,,99883,100,,,,,,,,
2019-06-28 09:30:00.000000024,100013,100,99950,200,100031,100,99949,200,100088,100,99934,100,100117,100,99916,100,100131,100,99910,100,,,99888,100,,,99883,100,,,,,,,,,,,,
2019-06-28 09:30:00.000000026,100013,100,99950,200,100031,100,99949,200,100088,100,99934,100,100117,100,99916,100,100131,100,99910,100,100183,100,99902,100,,,99888,100,,,99883,100,,,,,,,,
2019-06-28 09:30:00.000000028,100013,100,99950,200,100031,100,99949,200,100088,100,99944,100,100117,100,99934,100,100131,100,99916,100,100183,100,99910,100,,,99902,100,,,99888,100,,,99883,100,,,,
2019-06-28 09:30:00.000000029,100013,100,99950,200,100031,100,99949,200,100088,100,99944,100,100117,100,99934,100,100131,100,99916,100,100183,100,99910,100,,,99902,100,,,99895,100,,,99888,100,,,99883,100
2019-06-28 09:30:00.000000030,100012,100,99950,200,100013,100,99949,200,100031,100,99944,100,100088,100,99934,100,100117,100,99916,100,100131,100,99910,100,100183,100,99902,200,,,99895,100,,,99888,100,,,99883,100
2019-06-28 09:30:00.000000032,100012,100,99950,200,100013,100,99949,200,100031,100,99944,100,100088,100,99934,100,100117,100,99916,100,100131,100,99910,100,100183,100,99905,100,,,99902,200,,,99895,100,,,99888,100
2019-06-28 09:30:00.000000036,100012,100,99950,200,100013,100,99949,200,100031,100,99944,100,100088,100,99934,100,100117,100,99916,100,100131,100,99910,100,100183,100,99905,100,,,99902,200,,,99895,100,,,99888,100
2019-06-28 09:30:00.000000037,99974,100,99950,200,100012,100,99949,200,100013,100,99944,100,100031,100,99934,100,100088,100,99916,200,100117,100,99910,100,100131,100,99905,100,100183,100,99902,200,,,99895,100,,,99888,100
2019-06-28 09:30:00.000000039,99974,100,99950,200,100012,200,99949,200,100013,100,99944,100,100031,100,99934,100,100088,100,99916,200,100117,100,99910,100,100131,100,99905,100,100183,100,99902,200,,,99895,100,,,99888,100
2019-06-28 09:30:00.000000040,99974,100,99950,200,100012,200,99949,200,100013,100,99944,100,100031,100,99934,100,100088,100,99916,200,100117,100,99910,100,100131,100,99905,100,100183,100,99902,200,,,99895,200,,,99888,100
2019-06-28 09:30:00.000000041,99974,100,99950,200,100012,200,99949,200,100013,100,99946,100,100031,100,99944,100,100088,100,99934,100,100117,100,99916,200,100131,100,99910,100,100183,100,99905,100,,,99902,200,,,99895,200
2019-06-28 09:30:00.000000042,99974,100,99950,200,100012,200,99949,200,100013,100,99946,100,100031,100,99944,100,100039,100,99934,100,100088,100,99916,200,100117,100,99910,100,100131,100,99905,100,100183,100,99902,200,,,99895,200
2019-06-28 09:30:00.000000047,99974,100,99950,200,100012,300,99949,200,100013,100,99946,100,100031,100,99944,100,100039,100,99934,100,100088,100,99916,200,100117,100,99910,100,100131,100,99905,100,100183,100,99902,200,,,99895,200
2019-06-28 09:30:00.000000050,99974,100,99950,200,100012,300,99949,200,100013,100,99946,100,100031,100,99944,100,100039,100,99938,100,100088,100,99934,100,100117,100,99916,200,100131,100,99910,100,100183,100,99905,100,,,99902,200
2019-06-28 09:30:00.000000053,99974,100,99950,200,100007,100,99949,200,100012,300,99946,100,100013,100,99944,100,100031,100,99938,100,100039,100,99934,100,100088,100,99916,200,100117,100,99910,100,100131,100,99905,100,100183,100,99902,200
2019-06-28 09:30:00.000000054,99974,100,99950,200,100007,100,99949,200,100012,300,99946,100,100013,100,99944,100,100031,100,99938,100,100039,100,99934,100,100053,100,99916,200,100088,100,99910,100,100117,100,99905,100,100131,100,99902,200
2019-06-28 09:30:00.000000057,100006,100,99950,200,100007,100,99949,200,100011,100,99946,100,100012,300,99944,100,100013,100,99938,100,100031,100,99934,100,100039,100,99916,200,100053,100,99910,100,100088,100,99905,100,100117,100,99902,200
2019-06-28 09:30:00.000000060,100006,100,99950,200,100007,100,99949,200,100011,100,99946,100,100012,300,99944,100,100013,100,99938,100,100031,100,99934,100,100039,100,99933,100,100053,100,99916,200,100088,100,99910,100,100117,100,99905,100
2019-06-28 09:30:00.000000061,100006,100,99950,200,100007,100,99949,200,100011,100,99946,100,100012,300,99944,100,100013,100,99938,100,100031,100,99934,100,100039,100,99933,100,100053,100,99916,200,100088,100,99910,100,100092,100,99905,100
2019-06-28 09:30:00.000000062,100006,100,99950,200,100007,100,99949,200,100011,100,99946,100,100012,300,99944,100,100013,100,99938,100,100031,100,99934,100,100039,100,99933,100,100053,100,99916,200,100088,100,99910,100,100092,100,99905,100
2019-06-28 09:30:00.000000067,100006,100,99950,200,100007,100,99949,200,100011,100,99946,100,100012,300,99944,100,100013,100,99938,100,100031,100,99934,100,100039,100,99933,100,100042,100,99916,200,100053,100,99913,100,100088,100,99910,100
2019-06-28 09:30:00.000000077,100001,100,99950,200,100006,100,99949,200,100007,100,99946,100,100011,100,99944,100,100012,300,99938,100,100013,100,99934,100,100031,100,99933,100,100039,100,99916,200,100042,100,99913,100,100053,100,99910,100
2019-06-28 09:30:00.000000078,100001,100,99950,200,100006,100,99949,200,100007,100,99946,100,100011,100,99944,100,100012,300,99938,100,100013,100,99934,100,100031,100,99933,100,100039,100,99916,200,100042,100,99913,100,100053,100,99910,100
2019-06-28 09:30:00.000000079,100001,100,99950,200,100006,100,99949,200,100007,100,99946,100,100011,100,99944,100,100012,300,99938,100,100013,100,99935,100,100031,100,99934,100,100039,100,99933,100,100042,100,99916,200,100053,100,99913,100
2019-06-28 09:30:00.000000080,100001,100,99974,100,100006,100,99950,200,100007,100,99949,200,100011,100,99946,100,100012,300,99944,100,100013,100,99938,100,100031,100,99935,100,100039,100,99934,100,100042,100,99933,100,100053,100,99916,200
2019-06-28 09:30:00.000000083,100001,100,99974,100,100006,100,99950,200,100007,100,99949,200,100009,100,99946,100,100011,100,99944,100,100012,300,99938,100,100013,100,99935,100,100031,100,99934,100,100039,100,99933,100,100042,100,99916,200
2019-06-28 09:30:00.000000087,100001,100,99974,100,100006,100,99950,200,100007,100,99949,200,100009,100,99946,100,100011,100,99944,100,100012,300,99938,100,100013,100,99935,100,100031,100,99934,100,100039,100,99933,100,100042,100,99916,200
2019-06-28 09:30:00.000000088,100001,100,99974,100,100006,100,99950,200,100007,100,99949,200,100009,100,99946,100,100011,100,99944,100,100012,300,99938,100,100013,100,99935,100,100031,100,99934,100,100039,100,99933,100,100042,100,99916,200
2019-06-28 09:30:00.000000090,100001,100,99974,100,100006,100,99950,200,100007,100,99949,200,100009,100,99946,100,100011,100,99944,100,100012,300,99938,100,100013,100,99935,100,100031,100,99934,100,100039,100,99933,100,100042,100,99916,200
2019-06-28 09:30:00.000000091,100006,100,99974,100,100007,100,99950,200,100009,100,99949,200,100011,100,99946,100,100012,300,99944,100,100013,100,99938,100,100031,100,99935,100,100039,100,99934,100,100042,100,99933,100,100053,100,99916,200
2019-06-28 09:30:00.000000093,100006,100,99975,100,100007,100,99974,100,100009,100,99950,200,100011,100,99949,200,100012,300,99946,100,100013,100,99944,100,100031,100,99938,100,100039,100,99935,100,100042,100,99934,100,100053,100,99933,100
2019-06-28 09:30:00.000000097,100006,100,99975,200,100007,100,99974,100,100009,100,99950,200,100011,100,99949,200,100012,300,99946,100,100013,100,99944,100,100031,100,99938,100,100039,100,99935,100,100042,100,99934,100,100053,100,99933,100
2019-06-28 09:30:00.000000099,100006,100,99976,100,100007,100,99975,100,100009,100,99974,100,100011,100,99950,200,100012,300,99949,200,100013,100,99946,100,100031,100,99944,100,100039,100,99938,100,100042,100,99935,100,100053,100,99934,100
2019-06-28 09:30:10.000000000,100006,247,99976,247,100007,243,99975,243,100009,243,99974,243,100011,100,99950,200,100012,300,99949,200,100013,100,99946,100,100031,100,99944,100,100039,100,99938,100,100042,100,99935,100,100053,100,99934,100
2019-06-28 09:30:20.000000000,100006,247,99976,247,100007,243,99975,243,100009,243,99974,243,100011,100,99950,200,100012,300,99949,200,100013,100,99946,100,100031,100,99944,100,100039,100,99938,100,100042,100,99935,100,100053,100,99934,100
2019-06-28 09:30:30.000000000,100006,186,99976,186,100007,186,99975,186,100009,186,99974,186,100011,186,99950,286,100012,386,99949,286,100013,100,99946,100,100031,100,99944,100,100039,100,99938,100,100042,100,99935,100,100053,100,99934,100
2019-06-28 09:30:30.428260866,100006,186,99976,186,100007,186,99975,186,100009,186,99974,186,100011,186,99950,286,100012,386,99949,286,100013,100,99946,100,100031,100,99944,100,100039,100,99938,100,100042,100,99935,100,100053,100,99934,100
2019-06-28 09:30:36.278328420,100006,186,99976,86,100007,186,99975,186,100009,186,99974,186,100011,186,99950,286,100012,386,99949,286,100013,100,99946,100,100031,100,99944,100,100039,100,99938,100,100042,100,99935,100,100053,100,99934,100
2019-06-28 09:30:40.000000000,100006,186,99975,186,100007,186,99974,186,100009,186,99950,286,100011,186,99949,286,100012,386,99946,186,100013,100,99944,100,100031,100,99938,100,100039,100,99935,100,100042,100,99934,100,100053,100,99933,100
2019-06-28 09:30:50.000000000,100006,208,99975,208,100007,208,99974,208,100009,208,99950,308,100011,208,99949,308,100012,300,99946,100,100013,100,99944,100,100031,100,99938,100,100039,100,99935,100,100042,100,99934,100,100053,100,99933,100
2019-06-28 09:30:50.504953585,100006,208,99975,108,100007,208,99974,208,100009,208,99950,308,100011,208,99949,308,100012,300,99946,100,100013,100,99944,100,100031,100,99935,100,100039,100,99934,100,100042,100,99933,100,100053,100,99916,200
2019-06-28 09:31:00.000000000,100006,247,99974,247,100007,243,99950,343,100009,243,99949,343,100011,100,99946,100,100012,300,99944,100,100013,100,99935,100,100031,100,99934,100,100039,100,99933,100,100042,100,99916,200,100053,100,99913,100
2019-06-28 09:31:10.000000000,100006,247,99974,247,100007,243,99950,343,100009,243,99949,343,100011,100,99946,100,100012,300,99944,100,100013,100,99935,100,100031,100,99934,100,100039,100,99933,100,100042,100,99916,200,100053,100,99913,100
2019-06-28 09:31:12.715948842,100006,247,99974,147,100007,243,99950,343,100009,243,99949,343,100011,100,99946,100,100012,300,99944,100,100013,100,99935,100,100031,100,99934,100,100039,100,99933,100,100042,100,99916,200,100053,100,99913,100
2019-06-28 09:31:20.000000000,100006,186,99950,286,100007,186,99949,286,100009,186,99946,186,100011,186,99944,186,100012,386,99935,186,100013,100,99934,100,100031,100,99933,100,100039,100,99916,200,100042,100,99913,100,100053,100,99910,100
2019-06-28 09:31:28.322674070,99975,100,99950,286,100006,186,99949,286,100007,186,99946,186,100009,186,99944,186,100011,186,99935,186,100012,386,99934,100,100013,100,99933,100,100031,100,99916,200,100039,100,99913,100,100042,100,99910,100
2019-06-28 09:31:30.000000000,99975,247,99950,347,100006,243,99949,343,100007,243,99946,243,100009,100,99944,100,100011,100,99935,100,100012,300,99934,100,100013,100,99933,100,100031,100,99916,200,100039,100,99913,100,100042,100,99910,100
2019-06-28 09:31:40.000000000,99975,532,99950,632,100006,100,99949,200,100007,100,99946,100,100009,100,99944,100,100011,100,99935,100,100012,300,99934,100,100013,100,99933,100,100031,100,99916,200,100039,100,99913,100,100042,100,99910,100
2019-06-28 09:31:47.702350336,99975,532,99950,532,100006,100,99949,200,100007,100,99946,100,100009,100,99944,100,100011,100,99935,100,100012,300,99934,100,100013,100,99933,100,100031,100,99916,200,100039,100,99913,100,100042,100,99910,100
2019-06-28 09:31:50.000000000,99975,247,99950,247,100006,243,99949,343,100007,243,99946,243,100009,100,99944,100,100011,100,99935,100,100012,300,99934,100,100013,100,99933,100,100031,100,99916,200,100039,100,99913,100,100042,100,99910,100
2019-06-28 09:31:52.258297498,99975,247,99950,147,100006,243,99949,343,100007,243,99946,243,100009,100,99944,100,100011,100,99935,100,100012,300,99934,100,100013,100,99933,100,100031,100,99916,200,100039,100,99913,100,100042,100,99910,100
2019-06-28 09:32:00.000000000,99975,316,99949,416,100006,316,99946,316,100007,100,99944,100,100009,100,99935,100,100011,100,99934,100,100012,300,99933,100,100013,100,99916,200,100031,100,99913,100,100039,100,99910,100,100042,100,99902,100
2019-06-28 09:32:10.000000000,99975,186,99949,286,100006,186,99946,186,100007,186,99944,186,100009,186,99935,186,100011,186,99934,186,100012,300,99933,100,100013,100,99916,200,100031,100,99913,100,100039,100,99910,100,100042,100,99902,100
2019-06-28 09:32:20.000000000,99975,186,99949,286,100006,186,99946,186,100007,186,99944,186,100009,186,99935,186,100011,186,99934,186,100012,300,99933,100,100013,100,99916,200,100031,100,99913,100,100039,100,99910,100,100042,100,99902,100
2019-06-28 09:32:30.000000000,99975,247,99949,347,100006,243,99946,243,100007,243,99944,243,100009,100,99935,100,100011,100,99934,100,100012,300,99933,100,100013,100,99916,200,100031,100,99913,100,100039,100,99910,100,100042,100,99902,100
2019-06-28 09:32:33.747298244,99975,247,99949,247,100006,243,99946,243,100007,243,99944,243,100009,100,99935,100,100011,100,99934,100,100012,300,99933,100,100013,100,99916,200,100031,100,99913,100,100039,100,99910,100,100042,100,99902,100
2019-06-28 09:32:40.000000000,99975,247,99949,247,100006,243,99946,243,100007,243,99944,243,100009,100,99935,100,100011,100,99934,100,100012,300,99933,100,100013,100,99916,200,100031,100,99913,100,100039,100,99910,100,100042,100,99902,100
2019-06-28 09:32:48.646326880,99975,147,99949,247,100006,243,99946,243,100007,243,99944,243,100009,100,99935,100,100011,100,99934,100,100012,300,99933,100,100013,100,99916,200,100031,100,99913,100,100039,100,99910,100,100042,100,99902,100
2019-06-28 09:32:50.000000000,100006,316,99949,316,100007,316,99946,316,100009,100,99944,100,100011,100,99935,100,100012,300,99934,100,100013,100,99933,100,100031,100,99916,200,100039,100,99913,100,100042,100,99910,100,100053,100,99902,100
2019-06-28 09:32:51.491318620,100006,316,99949,316,100007,316,99946,316,100009,100,99944,100,100011,100,99935,100,100012,300,99934,100,100013,100,99916,200,100031,100,99913,100,100039,100,99910,100,100042,100,99902,100,100053,100,99895,300
2019-06-28 09:32:57.098679875,100006,216,99949,316,100007,316,99946,316,100009,100,99944,100,100011,100,99935,100,100012,300,99934,100,100013,100,99916,200,100031,100,99913,100,100039,100,99910,100,100042,100,99902,100,100053,100,99895,300
2019-06-28 09:33:00.000000000,100007,316,99949,316,100009,316,99946,316,100011,100,99944,100,100012,300,99935,100,100013,100,99934,100,100031,100,99916,200,100039,100,99913,100,100042,100,99910,100,100053,100,99902,100,100088,100,99895,300
2019-06-28 09:33:10.000000000,100007,316,99949,316,100009,316,99946,316,100011,100,99944,100,100012,300,99935,100,100013,100,99934,100,100031,100,99916,200,100039,100,99913,100,100042,100,99910,100,100053,100,99902,100,100088,100,99895,300
2019-06-28 09:33:13.005409130,100007,316,99949,316,100009,316,99946,316,100011,100,99944,100,100012,300,99935,100,100013,100,99934,100,100031,100,99916,200,100039,100,99913,100,100042,100,99910,100,100053,100,99902,100,100088,100,99895,300
2019-06-28 09:33:20.000000000,100007,532,99949,532,100009,100,99946,100,100011,100,99944,100,100012,300,99935,100,100013,100,99934,100,100031,100,99916,200,100039,100,99913,100,100042,100,99910,100,100053,100,99902,100,100088,100,99895,300
2019-06-28 09:33:29.133794227,100007,532,99949,532,100011,100,99946,100,100012,300,99944,100,100013,100,99935,100,100031,100,99934,100,100039,100,99916,200,100042,100,99913,100,100053,100,99910,100,100088,100,99902,100,100092,100,99895,300
2019-06-28 09:33:30.000000000,100007,208,99949,208,100011,208,99946,208,100012,408,99944,208,100013,208,99935,208,100031,100,99934,100,100039,100,99916,200,100042,100,99913,100,100053,100,99910,100,100088,100,99902,100,100092,100,99895,300
2019-06-28 09:33:40.000000000,100007,316,99949,316,100011,316,99946,316,100012,300,99944,100,100013,100,99935,100,100031,100,99934,100,100039,100,99916,200,100042,100,99913,100,100053,100,99910,100,100088,100,99902,100,100092,100,99895,300
2019-06-28 09:33:41.876614679,100007,216,99949,316,100011,316,99946,316,100012,300,99944,100,100013,100,99935,100,100031,100,99934,100,100039,100,99916,200,100042,100,99913,100,100053,100,99910,100,100088,100,99902,100,100092,100,99895,300
2019-06-28 09:33:50.000000000,100011,316,99949,316,100012,516,99946,316,100013,100,99944,100,100031,100,99935,100,100039,100,99934,100,100042,100,99916,200,100053,100,99913,100,100088,100,99910,100,100092,100,99902,100,100101,100,99895,300
2019-06-28 09:33:54.056622423,100011,316,100006,100,100012,516,99949,316,100013,100,99946,316,100031,100,99944,100,100039,100,99935,100,100042,100,99934,100,100053,100,99916,200,100088,100,99913,100,100092,100,99910,100,100101,100,99902,100
2019-06-28 09:34:00.000000000,100011,532,100006,532,100012,300,99949,100,100013,100,99946,100,100031,100,99944,100,100039,100,99935,100,100042,100,99934,100,100053,100,99916,200,100088,100,99913,100,100092,100,99910,100,100101,100,99902,100
2019-06-28 09:34:10.000000000,100011,208,100006,208,100012,408,99949,208,100013,208,99946,208,100031,208,99944,208,100039,100,99935,100,100042,100,99934,100,100053,100,99916,200,100088,100,99913,100,100092,100,99910,100,100101,100,99902,100
2019-06-28 09:34:20.000000000,100011,186,100006,186,100012,386,99949,186,100013,186,99946,186,100031,186,99944,186,100039,186,99935,186,100042,100,99934,100,100053,100,99916,200,100088,100,99913,100,100092,100,99910,100,100101,100,99902,100
2019-06-28 09:34:23.955244879,100011,86,100006,186,100012,386,99949,186,100013,186,99946,186,100031,186,99944,186,100039,186,99935,186,100042,100,99934,100,100053,100,99916,100,100088,100,99913,100,100092,100,99910,100,100101,100,99902,100
2019-06-28 09:34:24.857138773,100012,386,100011,14,100013,186,100006,186,100031,186,99949,186,100039,186,99946,186,100042,100,99944,186,100053,100,99935,186,100088,100,99934,100,100092,100,99916,100,100101,100,99910,100,100117,100,99902,100
2019-06-28 09:34:30.000000000,100012,732,100011,446,100013,100,100006,100,100031,100,99949,100,100039,100,99946,100,100042,100,99944,100,100053,100,99935,100,100088,100,99934,100,100092,100,99916,100,100101,100,99910,100,100117,100,99902,100
2019-06-28 09:34:40.000000000,100012,408,100011,122,100013,208,100006,208,100031,208,99949,208,100039,208,99946,208,100042,100,99944,100,100053,100,99935,100,100088,100,99934,100,100092,100,99916,100,100101,100,99910,100,100117,100,99902,100
2019-06-28 09:34:44.381495211,100012,308,100011,122,100013,208,100006,208,100031,208,99949,208,100039,208,99946,208,100042,100,99944,100,100053,100,99935,100,100088,100,99934,100,100092,100,99916,100,100101,100,99910,100,100117,100,99902,100
2019-06-28 09:34:50.000000000,100012,308,100011,122,100013,208,100006,208,100031,208,99949,208,100039,208,99946,208,100042,100,99944,100,100053,100,99935,100,100088,100,99934,100,100092,100,99916,100,100101,100,99910,100,100117,100,99902,100
2019-06-28 09:34:57.656728636,100012,208,100011,122,100013,208,100006,208,100031,208,99949,208,100039,208,99946,208,100042,100,99944,100,100053,100,99935,100,100088,100,99934,100,100092,100,99916,100,100101,100,99910,100,100117,100,99902,100
2019-06-28 09:35:00.000000000,100012,532,100011,446,100013,100,100006,100,100031,100,99949,100,100039,100,99946,100,100042,100,99944,100,100053,100,99935,100,100088,100,99934,100,100092,100,99916,100,100101,100,99910,100,100117,100,99902,100
2019-06-28 09:35:10.000000000,100012,186,100011,100,100013,186,100006,186,100031,186,99949,186,100039,186,99946,186,100042,186,99944,186,100053,100,99935,100,100088,100,99934,100,100092,100,99916,100,100101,100,99910,100,100117,100,99902,100
2019-06-28 09:35:20.000000000,100012,186,100011,100,100013,186,100006,186,100031,186,99949,186,100039,186,99946,186,100042,186,99944,186,100053,100,99935,100,100088,100,99934,100,100092,100,99916,100,100101,100,99910,100,100117,100,99902,100
2019-06-28 09:35:30.000000000,100012,186,100011,100,100013,186,100006,186,100031,186,99949,186,100039,186,99946,186,100042,186,99944,186,100053,100,99935,100,100088,100,99934,100,100092,100,99916,100,100101,100,99910,100,100117,100,99902,100
2019-06-28 09:35:40.000000000,100012,186,100011,100,100013,186,100006,186,100031,186,99949,186,100039,186,99946,186,100042,186,99944,186,100053,100,99935,100,100088,100,99934,100,100092,100,99916,100,100101,100,99910,100,100117,100,99902,100
2019-06-28 09:35:50.000000000,100012,247,100011,161,100013,243,100006,243,100031,243,99949,243,100039,100,99946,100,100042,100,99944,100,100053,100,99935,100,100088,100,99934,100,100092,100,99916,100,100101,100,99910,100,100117,100,99902,100
2019-06-28 09:36:00.000000000,100012,532,100011,446,100013,100,100006,100,100031,100,99949,100,100039,100,99946,100,100042,100,99944,100,100053,100,99935,100,100088,100,99934,100,100092,100,99916,100,100101,100,99910,100,100117,100,99902,100
2019-06-28 09:36:10.000000000,100012,532,100011,446,100013,100,100006,100,100031,100,99949,100,100039,100,99946,100,100042,100,99944,100,100053,100,99935,100,100088,100,99934,100,100092,100,99916,100,100101,100,99910,100,100117,100,99902,100
2019-06-28 09:36:20.000000000,100012,316,100011,230,100013,316,100006,316,100031,100,99949,100,100039,100,99946,100,100042,100,99944,100,100053,100,99935,100,100088,100,99934,100,100092,100,99916,100,100101,100,99910,100,100117,100,99902,100
2019-06-28 09:36:30.000000000,100012,208,100011,122,100013,208,100006,208,100031,208,99949,208,100039,208,99946,208,100042,100,99944,100,100053,100,99935,100,100088,100,99934,100,100092,100,99916,100,100101,100,99910,100,100117,100,99902,100
2019-06-28 09:36:39.706327244,100012,208,100011,122,100013,208,100006,208,100031,208,99949,208,100039,208,99946,208,100042,100,99944,100,100053,100,99935,100,100088,100,99934,100,100092,100,99916,100,100101,100,99910,100,100117,100,99902,100
2019-06-28 09:36:40.000000000,100012,208,100011,122,100013,208,100006,208,100031,208,99949,208,100039,208,99946,208,100042,100,99944,100,100053,100,99935,100,100088,100,99934,100,100092,100,99916,100,100101,100,99910,100,100117,100,99902,100
2019-06-28 09:36:50.000000000,100012,247,100011,161,100013,243,100006,243,100031,243,99949,243,100039,100,99946,100,100042,100,99944,100,100053,100,99935,100,100088,100,99934,100,100092,100,99916,100,100101,100,99910,100,100117,100,99902,100
2019-06-28 09:36:56.606056547,100012,247,100011,161,100013,243,100006,243,100031,243,99949,243,100039,100,99946,100,100042,100,99944,100,100053,100,99935,100,100088,100,99934,100,100092,100,99916,100,100101,100,99910,100,100117,100,99902,100
2019-06-28 09:36:57.807940970,100012,147,100011,161,100013,243,100006,243,100031,243,99949,243,100039,100,99946,100,100042,100,99944,100,100053,100,99935,100,100088,100,99934,100,100092,100,99916,100,100101,100,99910,100,100117,100,99902,100
2019-06-28 09:37:00.000000000,100013,316,100011,230,100031,316,100006,316,100039,100,99949,100,100042,100,99946,100,100053,100,99944,100,100088,100,99935,100,100092,100,99934,100,100101,100,99916,100,100117,100,99910,100,100120,100,99902,100
2019-06-28 09:37:10.000000000,100013,208,100011,122,100031,208,100006,208,100039,208,99949,208,100042,208,99946,208,100053,100,99944,100,100088,100,99935,100,100092,100,99934,100,100101,100,99916,100,100117,100,99910,100,100120,100,99902,100
2019-06-28 09:37:10.919632833,100013,208,100011,122,100031,208,100006,208,100039,208,99949,208,100042,208,99946,208,100053,100,99944,100,100088,100,99935,100,100092,100,99934,100,100101,100,99916,100,100117,100,99910,100,100120,100,99902,100
2019-06-28 09:37:20.000000000,100013,247,100011,161,100031,243,100006,243,100039,243,99949,243,100042,100,99946,100,100053,100,99944,100,100088,100,99935,100,100092,100,99934,100,100101,100,99916,100,100117,100,99910,100,100120,100,99902,100
2019-06-28 09:37:30.000000000,100013,186,100011,100,100031,186,100006,186,100039,186,99949,186,100042,186,99946,186,100053,186,99944,186,100088,100,99935,100,100092,100,99934,100,100101,100,99916,100,100117,100,99910,100,100120,100,99902,100
2019-06-28 09:37:36.544459640,100013,86,100011,100,100031,186,100006,186,100039,186,99949,186,100042,186,99946,186,100053,186,99944,186,100088,100,99935,100,100092,100,99934,100,100101,100,99916,100,100117,100,99910,100,100120,100,99902,100
2019-06-28 09:37:40.000000000,100031,186,100011,100,100039,186,100006,186,100042,186,99949,186,100053,186,99946,186,100088,186,99944,186,100092,100,99935,100,100101,100,99934,100,100117,100,99916,100,100120,100,99910,100,100131,100,99902,100
2019-06-28 09:37:50.000000000,100031,316,100011,230,100039,316,100006,316,100042,100,99949,100,100053,100,99946,100,100088,100,99944,100,100092,100,99935,100,100101,100,99934,100,100117,100,99916,100,100120,100,99910,100,100131,100,99902,100
2019-06-28 09:37:57.110173136,100031,316,100011,230,100039,316,100006,316,100042,100,99949,100,100053,100,99946,100,100088,100,99944,100,100092,100,99935,100,100101,100,99934,100,100117,100,99916,100,100120,100,99910,100,100131,100,99902,100
2019-06-28 09:37:57.923144091,100031,316,100011,230,100039,316,100006,316,100042,100,99949,100,100053,100,99946,100,100088,100,99944,100,100092,100,99935,100,100101,100,99934,100,100117,100,99916,100,100120,100,99910,100,100131,100,99902,100
2019-06-28 09:37:58.912302439,100031,216,100011,230,100039,316,100006,316,100042,100,99949,100,100053,100,99946,100,100088,100,99944,100,100092,100,99935,100,100101,100,99916,100,100117,100,99910,100,100120,100,99902,100,100131,100,99895,200
2019-06-28 09:38:00.000000000,100039,316,100011,230,100042,316,100006,316,100053,100,99949,100,100088,100,99946,100,100092,100,99944,100,100101,100,99935,100,100117,100,99916,100,100120,100,99910,100,100131,100,99902,100,100158,100,99895,200
2019-06-28 09:38:04.399910676,100039,216,100011,230,100042,316,100006,316,100053,100,99949,100,100088,100,99946,100,100092,100,99944,100,100101,100,99935,100,100117,100,99916,100,100120,100,99910,100,100131,100,99902,100,100158,100,99895,200
2019-06-28 09:38:10.000000000,100042,186,100011,100,100053,186,100006,186,100088,186,99949,186,100092,186,99946,186,100101,186,99944,186,100117,100,99935,100,100120,100,99916,100,100131,100,99910,100,100158,100,99902,100,100163,100,99895,200
2019-06-28 09:38:20.000000000,100042,208,100011,122,100053,208,100006,208,100088,208,99949,208,100092,208,99946,208,100101,100,99944,100,100117,100,99935,100,100120,100,99916,100,100131,100,99910,100,100158,100,99902,100,100163,100,99895,200
2019-06-28 09:38:30.000000000,100042,247,100011,161,100053,243,100006,243,100088,243,99949,243,100092,100,99946,100,100101,100,99944,100,100117,100,99935,100,100120,100,99916,100,100131,100,99910,100,100158,100,99902,100,100163,100,99895,200
2019-06-28 09:38:40.000000000,100042,532,100011,446,100053,100,100006,100,100088,100,99949,100,100092,100,99946,100,100101,100,99944,100,100117,100,99935,100,100120,100,99916,100,100131,100,99910,100,100158,100,99902,100,100163,100,99895,200
2019-06-28 09:38:48.445876552,100042,532,100011,446,100053,100,100006,100,100088,100,99949,100,100101,100,99946,100,100117,100,99944,100,100120,100,99935,100,100131,100,99916,100,100158,100,99910,100,100163,100,99902,100,100185,100,99895,200
2019-06-28 09:38:50.000000000,100042,208,100011,122,100053,208,100006,208,100088,208,99949,208,100101,208,99946,208,100117,100,99944,100,100120,100,99935,100,100131,100,99916,100,100158,100,99910,100,100163,100,99902,100,100185,100,99895,200
2019-06-28 09:39:00.000000000,100042,208,100011,122,100053,208,100006,208,100088,208,99949,208,100101,208,99946,208,100117,100,99944,100,100120,100,99935,100,100131,100,99916,100,100158,100,99910,100,100163,100,99902,100,100185,100,99895,200
2019-06-28 09:39:05.252802998,100042,208,100011,122,100053,208,100006,208,100088,208,99949,208,100101,208,99946,208,100117,100,99944,100,100120,100,99935,100,100131,100,99916,100,100158,100,99910,100,100163,100,99902,100,100185,100,99895,200
2019-06-28 09:39:10.000000000,100042,316,100011,230,100053,316,100006,316,100088,100,99949,100,100101,100,99946,100,100117,100,99944,100,100120,100,99935,100,100131,100,99916,100,100158,100,99910,100,100163,100,99902,100,100185,100,99895,200
2019-06-28 09:39:19.243244003,100042,316,100011,230,100053,316,100006,316,100088,100,99975,100,100101,100,99949,100,100117,100,99946,100,100120,100,99944,100,100131,100,99935,100,100158,100,99916,100,100163,100,99910,100,100185,100,99902,100
2019-06-28 09:39:20.000000000,100042,532,100011,446,100053,100,100006,100,100088,100,99975,100,100101,100,99949,100,100117,100,99946,100,100120,100,99944,100,100131,100,99935,100,100158,100,99916,100,100163,100,99910,100,100185,100,99902,100
2019-06-28 09:39:26.146038000,100042,532,100011,346,100053,100,100006,100,100088,100,99975,100,100101,100,99949,100,100117,100,99946,100,100120,100,99944,100,100131,100,99935,100,100158,100,99916,100,100163,100,99910,100,100185,100,99902,100
2019-06-28 09:39:30.000000000,100042,316,100006,316,100053,316,99975,316,100088,100,99949,100,100101,100,99946,100,100117,100,99944,100,100120,100,99935,100,100131,100,99916,100,100158,100,99910,100,100163,100,99902,100,100185,100,99895,200
2019-06-28 09:39:40.000000000,100042,186,100006,186,100053,186,99975,186,100088,186,99949,186,100101,186,99946,186,100117,186,99944,186,100120,100,99935,100,100131,100,99916,100,100158,100,99910,100,100163,100,99902,100,100185,100,99895,200
2019-06-28 09:39:45.864343197,100042,186,100006,186,100053,186,99975,186,100088,186,99949,186,100101,186,99946,186,100117,186,99944,186,100120,100,99935,100,100131,100,99916,100,100158,100,99910,100,100163,100,99902,100,100185,100,99895,200
2019-06-28 09:39:50.000000000,100042,316,100006,316,100053,316,99975,316,100088,100,99949,100,100101,100,99946,100,100117,100,99944,100,100120,100,99935,100,100131,100,99916,100,100158,100,99910,100,100163,100,99902,100,100185,100,99895,200
2019-06-28 09:39:57.601128885,100042,316,100012,100,100053,316,100006,316,100088,100,99975,316,100101,100,99949,100,100117,100,99946,100,100120,100,99944,100,100131,100,99935,100,100158,100,99916,100,100163,100,99910,100,100185,100,99902,100
2019-06-28 09:40:00.000000000,100042,208,100012,208,100053,208,100006,208,100088,208,99975,208,100101,208,99949,208,100117,100,99946,100,100120,100,99944,100,100131,100,99935,100,100158,100,99916,100,100163,100,99910,100,100185,100,99902,100
2019-06-28 09:40:10.000000000,100042,532,100012,532,100053,100,100006,100,100088,100,99975,100,100101,100,99949,100,100117,100,99946,100,100120,100,99944,100,100131,100,99935,100,100158,100,99916,100,100163,100,99910,100,100185,100,99902,100
2019-06-28 09:40:12.577046436,100042,532,100012,532,100053,100,100006,100,100088,100,99975,100,100101,100,99949,100,100117,100,99946,100,100120,100,99944,100,100131,100,99935,100,100158,100,99916,100,100163,100,99910,100,100185,100,99902,100
2019-06-28 09:40:18.984891420,100042,432,100012,532,100053,100,100006,100,100088,100,99975,100,100101,100,99949,100,100117,100,99946,100,100120,100,99944,100,100131,100,99935,100,100158,100,99916,100,100163,100,99910,100,100185,100,99902,100
2019-06-28 09:40:20.000000000,100053,247,100012,247,100088,243,100006,243,100101,243,99975,243,100117,100,99949,100,100120,100,99946,100,100131,100,99944,100,100158,100,99935,100,100163,100,99916,100,100185,100,99910,100,100326,100,99902,100
2019-06-28 09:40:30.000000000,100053,186,100012,186,100088,186,100006,186,100101,186,99975,186,100117,186,99949,186,100120,186,99946,186,100131,100,99944,100,100158,100,99935,100,100163,100,99916,100,100185,100,99910,100,100326,100,99902,100
2019-06-28 09:40:40.000000000,100053,316,100012,316,100088,316,100006,316,100101,100,99975,100,100117,100,99949,100,100120,100,99946,100,100131,100,99944,100,100158,100,99935,100,100163,100,99916,100,100185,100,99910,100,100326,100,99902,100
2019-06-28 09:40:50.000000000,100053,316,100012,316,100088,316,100006,316,100101,100,99975,100,100117,100,99949,100,100120,100,99946,100,100131,100,99944,100,100158,100,99935,100,100163,100,99916,100,100185,100,99910,100,100326,100,99902,100
2019-06-28 09:41:00.000000000,100053,186,100012,186,100088,186,100006,186,100101,186,99975,186,100117,186,99949,186,100120,186,99946,186,100131,100,99944,100,100158,100,99935,100,100163,100,99916,100,100185,100,99910,100,100326,100,99902,100
2019-06-28 09:41:10.000000000,100053,532,100012,532,100088,100,100006,100,100101,100,99975,100,100117,100,99949,100,100120,100,99946,100,100131,100,99944,100,100158,100,99935,100,100163,100,99916,100,100185,100,99910,100,100326,100,99902,100
2019-06-28 09:41:12.770532393,100053,532,100013,100,100088,100,100012,532,100101,100,100006,100,100117,100,99975,100,100120,100,99949,100,100131,100,99946,100,100158,100,99944,100,100163,100,99935,100,100185,100,99916,100,100326,100,99910,100
2019-06-28 09:41:16.048253910,100053,432,100013,100,100088,100,100012,532,100101,100,100006,100,100117,100,99975,100,100120,100,99949,100,100131,100,99946,100,100158,100,99944,100,100163,100,99935,100,100185,100,99916,100,100326,100,99910,100
2019-06-28 09:41:20.000000000,100088,316,100013,316,100101,316,100012,316,100117,100,100006,100,100120,100,99975,100,100131,100,99949,100,100158,100,99946,100,100163,100,99944,100,100185,100,99935,100,100326,100,99916,100,100344,100,99910,100
2019-06-28 09:41:23.127006968,100088,316,100013,316,100101,316,100012,316,100117,100,100006,100,100131,100,99975,100,100158,100,99949,100,100163,100,99946,100,100185,100,99944,100,100326,100,99935,100,100344,100,99916,100,100407,100,99910,100
2019-06-28 09:41:30.000000000,100088,532,100013,532,100101,100,100012,100,100117,100,100006,100,100131,100,99975,100,100158,100,99949,100,100163,100,99946,100,100185,100,99944,100,100326,100,99935,100,100344,100,99916,100,100407,100,99910,100
2019-06-28 09:41:40.000000000,100088,186,100013,186,100101,186,100012,186,100117,186,100006,186,100131,186,99975,186,100158,186,99949,186,100163,100,99946,100,100185,100,99944,100,100326,100,99935,100,100344,100,99916,100,100407,100,99910,100
2019-06-28 09:41:50.000000000,100088,316,100013,316,100101,316,100012,316,100117,100,100006,100,100131,100,99975,100,100158,100,99949,100,100163,100,99946,100,100185,100,99944,100,100326,100,99935,100,100344,100,99916,100,100407,100,99910,100
2019-06-28 09:41:51.940304754,100080,100,100013,316,100088,316,100012,316,100101,316,100006,100,100117,100,99975,100,100131,100,99949,100,100158,100,99946,100,100163,100,99944,100,100185,100,99935,100,100326,100,99916,100,100344,100,99910,100
2019-06-28 09:42:00.000000000,100080,208,100013,208,100088,208,100012,208,100101,208,100006,208,100117,208,99975,208,100131,100,99949,100,100158,100,99946,100,100163,100,99944,100,100185,100,99935,100,100326,100,99916,100,100344,100,99910,100
2019-06-28 09:42:08.440473700,100080,208,100013,208,100088,208,100012,208,100101,208,100006,208,100117,208,99975,208,100131,100,99949,100,100158,100,99946,100,100163,100,99944,100,100185,100,99935,100,100326,100,99916,100,100344,100,99910,100
2019-06-28 09:42:10.000000000,100080,186,100013,186,100088,186,100012,186,100101,186,100006,186,100117,186,99975,186,100131,186,99949,186,100158,100,99946,100,100163,100,99944,100,100185,100,99935,100,100326,100,99916,100,100344,100,99910,100
2019-06-28 09:42:20.000000000,100080,316,100013,316,100088,316,100012,316,100101,100,100006,100,100117,100,99975,100,100131,100,99949,100,100158,100,99946,100,100163,100,99944,100,100185,100,99935,100,100326,100,99916,100,100344,100,99910,100
2019-06-28 09:42:30.000000000,100080,316,100013,316,100088,316,100012,316,100101,100,100006,100,100117,100,99975,100,100131,100,99949,100,100158,100,99946,100,100163,100,99944,100,100185,100,99935,100,100326,100,99916,100,100344,100,99910,100
2019-06-28 09:42:36.522303709,100080,316,100013,316,100088,316,100012,316,100101,100,100006,100,100117,100,99975,100,100131,100,99949,100,100158,100,99946,100,100163,100,99944,100,100185,100,99935,100,100326,100,99916,100,100344,100,99910,100
2019-06-28 09:42:37.690440405,100080,316,100013,316,100088,316,100012,316,100101,100,100006,100,100117,100,99975,100,100131,100,99949,100,100158,100,99946,100,100163,100,99944,100,100185,100,99935,100,100326,100,99916,100,100344,100,99910,100
2019-06-28 09:42:38.926583162,100041,100,100013,316,100080,316,100012,316,100088,316,100006,100,100101,100,99975,100,100117,100,99949,100,100131,100,99946,100,100158,100,99944,100,100163,100,99935,100,100185,100,99916,100,100326,100,99910,100
2019-06-28 09:42:40.000000000,100041,532,100013,532,100080,100,100012,100,100088,100,100006,100,100101,100,99975,100,100117,100,99949,100,100131,100,99946,100,100158,100,99944,100,100163,100,99935,100,100185,100,99916,100,100326,100,99910,100
2019-06-28 09:42:46.704468600,100041,532,100013,532,100044,100,100012,100,100080,100,100006,100,100088,100,99975,100,100101,100,99949,100,100117,100,99946,100,100131,100,99944,100,100158,100,99935,100,100163,100,99916,100,100185,100,99910,100
2019-06-28 09:42:50.000000000,100041,247,100013,247,100044,243,100012,243,100080,243,100006,243,100088,100,99975,100,100101,100,99949,100,100117,100,99946,100,100131,100,99944,100,100158,100,99935,100,100163,100,99916,100,100185,100,99910,100
2019-06-28 09:43:00.000000000,100041,316,100013,316,100044,316,100012,316,100080,100,100006,100,100088,100,99975,100,100101,100,99949,100,100117,100,99946,100,100131,100,99944,100,100158,100,99935,100,100163,100,99916,100,100185,100,99910,100
2019-06-28 09:43:10.000000000,100041,208,100013,208,100044,208,100012,208,100080,208,100006,208,100088,208,99975,208,100101,100,99949,100,100117,100,99946,100,100131,100,99944,100,100158,100,99935,100,100163,100,99916,100,100185,100,99910,100
2019-06-28 09:43:20.000000000,100041,208,100013,208,100044,208,100012,208,100080,208,100006,208,100088,208,99975,208,100101,100,99949,100,100117,100,99946,100,100131,100,99944,100,100158,100,99935,100,100163,100,99916,100,100185,100,99910,100
2019-06-28 09:43:29.963873706,100041,108,100013,208,100044,208,100012,108,100080,208,100006,208,100088,208,99975,208,100101,100,99949,100,100117,100,99946,100,100131,100,99944,100,100158,100,99935,100,100163,100,99916,100,100185,100,99910,100
2019-06-28 09:43:30.000000000,100044,532,100013,532,100080,100,100006,100,100088,100,99975,100,100101,100,99949,100,100117,100,99946,100,100131,100,99944,100,100158,100,99935,100,100163,100,99916,100,100185,100,99910,100,100326,100,99902,100
2019-06-28 09:43:40.000000000,100044,532,100013,532,100080,100,100006,100,100088,100,99975,100,100101,100,99949,100,100117,100,99946,100,100131,100,99944,100,100158,100,99935,100,100163,100,99916,100,100185,100,99910,100,100326,100,99902,100
2019-06-28 09:43:47.048545785,100044,532,100013,532,100080,100,100006,100,100088,100,99975,100,100101,100,99949,100,100117,100,99946,100,100131,100,99944,100,100158,100,99935,100,100163,100,99916,100,100185,100,99910,100,100326,100,99902,100
2019-06-28 09:43:50.000000000,100044,532,100013,532,100080,100,100006,100,100088,100,99975,100,100101,100,99949,100,100117,100,99946,100,100131,100,99944,100,100158,100,99935,100,100163,100,99916,100,100185,100,99910,100,100326,100,99902,100
2019-06-28 09:44:00.000000000,100044,532,100013,532,100080,100,100006,100,100088,100,99975,100,100101,100,99949,100,100117,100,99946,100,100131,100,99944,100,100158,100,99935,100,100163,100,99916,100,100185,100,99910,100,100326,100,99902,100
2019-06-28 09:44:09.904818566,100044,532,100013,532,100080,100,100006,100,100088,100,99975,100,100101,100,99949,100,100117,100,99946,100,100131,100,99944,100,100158,100,99935,100,100163,100,99916,100,100185,100,99910,100,100326,100,99902,100
2019-06-28 09:44:10.000000000,100044,532,100013,532,100080,100,100006,100,100088,100,99975,100,100101,100,99949,100,100117,100,99946,100,100131,100,99944,100,100158,100,99935,100,100163,100,99916,100,100185,100,99910,100,100326,100,99902,100
2019-06-28 09:44:20.000000000,100044,208,100013,208,100080,208,100006,208,100088,208,99975,208,100101,208,99949,208,100117,100,99946,100,100131,100,99944,100,100158,100,99935,100,100163,100,99916,100,100185,100,99910,100,100326,100,99902,100
2019-06-28 09:44:23.685998385,100044,208,100013,208,100080,208,100006,208,100088,208,99975,208,100101,208,99949,108,100117,100,99946,100,100131,100,99944,100,100158,100,99935,100,100163,100,99916,100,100185,100,99910,100,100326,100,99902,100
2019-06-28 09:44:29.049324604,100044,208,100013,208,100080,208,100006,208,100088,208,99975,208,100101,208,99949,108,100117,100,99946,100,100131,100,99944,100,100158,100,99935,100,100163,100,99916,100,100185,100,99910,100,100326,100,99902,100
2019-06-28 09:44:30.000000000,100044,208,100013,208,100080,208,100006,208,100088,208,99975,208,100101,208,99946,208,100117,100,99944,100,100131,100,99935,100,100158,100,99916,100,100163,100,99910,100,100185,100,99902,100,100326,100,99895,200
2019-06-28 09:44:33.494505890,100044,208,100041,100,100080,208,100013,208,100088,208,100006,208,100101,208,99975,208,100117,100,99946,208,100131,100,99944,100,100158,100,99935,100,100163,100,99916,100,100185,100,99910,100,100326,100,99902,100
2019-06-28 09:44:37.906512600,100044,108,100041,100,100080,208,100013,208,100088,208,100006,208,100101,208,99975,208,100117,100,99946,208,100131,100,99944,100,100158,100,99935,100,100163,100,99916,100,100185,100,99910,100,100326,100,99902,100
2019-06-28 09:44:40.000000000,100080,208,100041,208,100088,208,100013,208,100101,208,100006,208,100117,208,99975,208,100131,100,99946,100,100158,100,99944,100,100163,100,99935,100,100185,100,99916,100,100326,100,99910,100,100344,100,99902,100
2019-06-28 09:44:43.390534997,100080,208,100042,100,100088,208,100041,108,100101,208,100013,208,100117,208,100006,208,100131,100,99975,208,100158,100,99946,100,100163,100,99944,100,100185,100,99935,100,100326,100,99916,100,100344,100,99910,100
2019-06-28 09:44:48.939265953,100080,208,100042,100,100088,208,100041,108,100101,208,100013,208,100117,208,100006,208,100131,100,99975,208,100158,100,99946,100,100163,100,99944,100,100185,100,99935,100,100326,100,99916,100,100344,100,99910,100
2019-06-28 09:44:50.000000000,100080,532,100042,532,100088,100,100013,100,100101,100,100006,100,100117,100,99975,100,100131,100,99946,100,100158,100,99944,100,100163,100,99935,100,100185,100,99916,100,100326,100,99910,100,100344,100,99902,100
2019-06-28 09:45:00.000000000,100080,532,100042,532,100088,100,100013,100,100101,100,100006,100,100117,100,99975,100,100131,100,99946,100,100158,100,99944,100,100163,100,99935,100,100185,100,99916,100,100326,100,99910,100,100344,100,99902,100
2019-06-28 09:45:10.000000000,100080,186,100042,186,100088,186,100013,186,100101,186,100006,186,100117,186,99975,186,100131,186,99946,186,100158,100,99944,100,100163,100,99935,100,100185,100,99916,100,100326,100,99910,100,100344,100,99902,100
2019-06-28 09:45:19.402201644,100080,86,100042,186,100088,186,100013,186,100101,186,100006,186,100117,186,99975,186,100131,186,99946,186,100158,100,99944,100,100163,100,99935,100,100185,100,99916,100,100326,100,99910,100,100344,100,99902,100
2019-06-28 09:45:20.000000000,100088,247,100042,247,100101,243,100013,243,100117,243,100006,243,100131,100,99975,100,100158,100,99946,100,100163,100,99944,100,100185,100,99935,100,100326,100,99916,100,100344,100,99910,100,100496,100,99902,100
2019-06-28 09:45:30.000000000,100088,316,100042,316,100101,316,100013,316,100117,100,100006,100,100131,100,99975,100,100158,100,99946,100,100163,100,99944,100,100185,100,99935,100,100326,100,99916,100,100344,100,99910,100,100496,100,99902,100
2019-06-28 09:45:40.000000000,100088,208,100042,208,100101,208,100013,208,100117,208,100006,208,100131,208,99975,208,100158,100,99946,100,100163,100,99944,100,100185,100,99935,100,100326,100,99916,100,100344,100,99910,100,100496,100,99902,100
2019-06-28 09:45:50.000000000,100088,186,100042,186,100101,186,100013,186,100117,186,100006,186,100131,186,99975,186,100158,186,99946,186,100163,100,99944,100,100185,100,99935,100,100326,100,99916,100,100344,100,99910,100,100496,100,99902,100
2019-06-28 09:45:51.102122301,100088,86,100042,186,100101,186,100013,186,100117,186,100006,186,100131,186,99975,186,100158,186,99946,186,100163,100,99944,100,100185,100,99935,100,100326,100,99916,100,100344,100,99910,100,100496,100,99902,100
2019-06-28 09:46:00.000000000,100101,208,100042,208,100117,208,100013,208,100131,208,100006,208,100158,208,99975,208,100163,100,99946,100,100185,100,99944,100,100326,100,99935,100,100344,100,99916,100,100496,100,99910,100,100500,100,99902,100
2019-06-28 09:46:05.629735615,100101,108,100042,208,100117,208,100013,208,100131,208,100006,208,100158,208,99975,208,100163,100,99946,100,100185,100,99944,100,100326,100,99935,100,100344,100,99916,100,100496,100,99910,100,100500,100,99902,100
2019-06-28 09:46:10.000000000,100117,316,100042,316,100131,316,100013,316,100158,100,100006,100,100163,100,99975,100,100185,100,99946,100,100326,100,99944,100,100344,100,99935,100,100496,100,99916,100,100500,100,99910,100,100568,100,99902,100
2019-06-28 09:46:13.889674056,100117,216,100042,316,100131,316,100013,316,100158,100,100006,100,100163,100,99975,100,100185,100,99946,100,100326,100,99944,100,100344,100,99935,100,100496,100,99916,100,100500,100,99910,100,100568,100,99902,100
2019-06-28 09:46:20.000000000,100131,316,100042,316,100158,316,100013,316,100163,100,100006,100,100185,100,99975,100,100326,100,99946,100,100344,100,99944,100,100496,100,99935,100,100500,100,99916,100,100568,100,99910,100,100685,100,99902,100
2019-06-28 09:46:22.169058286,100131,216,100042,316,100158,316,100013,316,100163,100,100006,100,100185,100,99975,100,100326,100,99946,100,100344,100,99944,100,100496,100,99935,100,100500,100,99916,100,100568,100,99910,100,100685,100,99902,100
2019-06-28 09:46:22.228881664,100131,116,100042,316,100158,316,100013,316,100163,100,100006,100,100185,100,99975,100,100326,100,99946,100,100344,100,99944,100,100496,100,99935,100,100500,100,99916,100,100568,100,99910,100,100685,100,99902,100
2019-06-28 09:46:30.000000000,100158,532,100042,532,100163,100,100013,100,100185,100,100006,100,100326,100,99975,100,100344,100,99946,100,100496,100,99944,100,100500,100,99935,100,100568,100,99916,100,100685,100,99910,100,100755,100,99902,100
2019-06-28 09:46:33.201940618,100158,532,100131,100,100163,100,100042,532,100185,100,100013,100,100326,100,100006,100,100344,100,99975,100,100496,100,99946,100,100500,100,99944,100,100568,100,99935,100,100685,100,99916,100,100755,100,99910,100
2019-06-28 09:46:40.000000000,100158,186,100131,186,100163,186,100042,186,100185,186,100013,186,100326,186,100006,186,100344,186,99975,186,100496,100,99946,100,100500,100,99944,100,100568,100,99935,100,100685,100,99916,100,100755,100,99910,100
2019-06-28 09:46:47.732004450,100158,86,100131,186,100163,186,100042,186,100185,186,100013,186,100326,186,100006,186,100344,86,99975,186,100496,100,99946,100,100500,100,99944,100,100568,100,99935,100,100685,100,99916,100,100755,100,99910,100
2019-06-28 09:46:50.000000000,100163,247,100131,247,100185,243,100042,243,100326,243,100013,243,100496,100,100006,100,100500,100,99975,100,100568,100,99946,100,100685,100,99944,100,100755,100,99935,100,100826,100,99916,100,,,99910,100
2019-06-28 09:46:51.004500249,100163,147,100131,247,100185,243,100042,243,100326,243,100013,243,100496,100,100006,100,100500,100,99975,100,100568,100,99946,100,100685,100,99944,100,100755,100,99935,100,100826,100,99916,100,,,99910,100
2019-06-28 09:47:00.000000000,100185,316,100131,316,100326,316,100042,316,100496,100,100013,100,100500,100,100006,100,100568,100,99975,100,100685,100,99946,100,100755,100,99944,100,100826,100,99935,100,,,99916,100,,,99910,100
2019-06-28 09:47:10.000000000,100185,208,100131,208,100326,208,100042,208,100496,208,100013,208,100500,208,100006,208,100568,100,99975,100,100685,100,99946,100,100755,100,99944,100,100826,100,99935,100,,,99916,100,,,99910,100
2019-06-28 09:47:17.677239414,100185,208,100158,100,100326,208,100131,208,100496,208,100042,108,100500,208,100013,208,100568,100,100006,208,100685,100,99975,100,100755,100,99946,100,100826,100,99944,100,,,99935,100,,,99916,100
2019-06-28 09:47:20.000000000,100185,208,100158,208,100326,208,100131,208,100496,208,100013,208,100500,208,100006,208,100568,100,99975,100,100685,100,99946,100,100755,100,99944,100,100826,100,99935,100,,,99916,100,,,99910,100
2019-06-28 09:47:30.000000000,100185,247,100158,247,100326,243,100131,243,100496,243,100013,243,100500,100,100006,100,100568,100,99975,100,100685,100,99946,100,100755,100,99944,100,100826,100,99935,100,,,99916,100,,,99910,100
2019-06-28 09:47:35.947775187,100185,247,100158,247,100326,243,100131,243,100496,243,100013,243,100500,100,100006,100,100568,100,99975,100,100685,100,99946,100,100755,100,99944,100,100826,100,99935,100,102187,100,99916,100,,,99910,100
2019-06-28 09:47:40.000000000,100185,208,100158,208,100326,208,100131,208,100496,208,100013,208,100500,208,100006,208,100568,100,99975,100,100685,100,99946,100,100755,100,99944,100,100826,100,99935,100,102187,100,99916,100,,,99910,100
2019-06-28 09:47:43.151906108,100185,208,100158,208,100326,208,100131,208,100496,208,100013,208,100500,208,100006,208,100568,100,99975,100,100685,100,99946,100,100755,100,99944,100,100826,100,99935,100,102187,100,99916,100,102277,100,99910,100
2019-06-28 09:47:50.000000000,100185,186,100158,186,100326,186,100131,186,100496,186,100013,186,100500,186,100006,186,100568,186,99975,186,100685,100,99946,100,100755,100,99944,100,100826,100,99935,100,102187,100,99916,100,102277,100,99910,100
2019-06-28 09:48:00.000000000,100185,532,100158,532,100326,100,100131,100,100496,100,100013,100,100500,100,100006,100,100568,100,99975,100,100685,100,99946,100,100755,100,99944,100,100826,100,99935,100,102187,100,99916,100,102277,100,99910,100
2019-06-28 09:48:10.000000000,100185,186,100158,186,100326,186,100131,186,100496,186,100013,186,100500,186,100006,186,100568,186,99975,186,100685,100,99946,100,100755,100,99944,100,100826,100,99935,100,102187,100,99916,100,102277,100,99910,100
2019-06-28 09:48:20.000000000,100185,316,100158,316,100326,316,100131,316,100496,100,100013,100,100500,100,100006,100,100568,100,99975,100,100685,100,99946,100,100755,100,99944,100,100826,100,99935,100,102187,100,99916,100,102277,100,99910,100
2019-06-28 09:48:23.060307583,100185,316,100158,416,100326,316,100131,316,100496,100,100013,100,100500,100,100006,100,100568,100,99975,100,100685,100,99946,100,100755,100,99944,100,100826,100,99935,100,102187,100,99916,100,102277,100,99910,100
2019-06-28 09:48:30.000000000,100185,247,100158,347,100326,243,100131,243,100496,243,100013,243,100500,100,100006,100,100568,100,99975,100,100685,100,99946,100,100755,100,99944,100,100826,100,99935,100,102187,100,99916,100,102277,100,99910,100
2019-06-28 09:48:40.000000000,100185,532,100158,632,100326,100,100131,100,100496,100,100013,100,100500,100,100006,100,100568,100,99975,100,100685,100,99946,100,100755,100,99944,100,100826,100,99935,100,102187,100,99916,100,102277,100,99910,100
2019-06-28 09:48:47.916140696,100185,532,100158,632,100326,100,100131,100,100496,100,100013,100,100500,100,100006,100,100568,100,99975,100,100685,100,99946,100,100755,100,99944,100,100826,100,99935,100,101881,100,99916,100,102187,100,99910,100
2019-06-28 09:48:50.000000000,100185,316,100158,416,100326,316,100131,316,100496,100,100013,100,100500,100,100006,100,100568,100,99975,100,100685,100,99946,100,100755,100,99944,100,100826,100,99935,100,101881,100,99916,100,102187,100,99910,100
2019-06-28 09:49:00.000000000,100185,532,100158,632,100326,100,100131,100,100496,100,100013,100,100500,100,100006,100,100568,100,99975,100,100685,100,99946,100,100755,100,99944,100,100826,100,99935,100,101881,100,99916,100,102187,100,99910,100
2019-06-28 09:49:09.505859072,100185,532,100158,732,100326,100,100131,100,100496,100,100013,100,100500,100,100006,100,100568,100,99975,100,100685,100,99946,100,100755,100,99944,100,100826,100,99935,100,101881,100,99916,100,102187,100,99910,100
2019-06-28 09:49:10.000000000,100185,316,100158,516,100326,316,100131,316,100496,100,100013,100,100500,100,100006,100,100568,100,99975,100,100685,100,99946,100,100755,100,99944,100,100826,100,99935,100,101881,100,99916,100,102187,100,99910,100
2019-06-28 09:49:17.038532339,100185,216,100158,516,100326,316,100131,316,100496,100,100013,100,100500,100,100006,100,100568,100,99975,100,100685,100,99946,100,100755,100,99935,100,100826,100,99916,100,101881,100,99910,100,102187,100,99902,100
2019-06-28 09:49:20.000000000,100326,316,100158,516,100496,316,100131,316,100500,100,100013,100,100568,100,100006,100,100685,100,99975,100,100755,100,99946,100,100826,100,99935,100,101881,100,99916,100,102187,100,99910,100,102277,100,99902,100
2019-06-28 09:49:30.000000000,100326,532,100158,732,100496,100,100131,100,100500,100,100013,100,100568,100,100006,100,100685,100,99975,100,100755,100,99946,100,100826,100,99935,100,101881,100,99916,100,102187,100,99910,100,102277,100,99902,100
2019-06-28 09:49:40.000000000,100326,316,100158,516,100496,316,100131,316,100500,100,100013,100,100568,100,100006,100,100685,100,99975,100,100755,100,99946,100,100826,100,99935,100,101881,100,99916,100,102187,100,99910,100,102277,100,99902,100
2019-06-28 09:49:46.663592592,100326,216,100158,516,100496,316,100131,316,100500,100,100013,100,100568,100,100006,100,100685,100,99975,100,100826,100,99946,100,101881,100,99935,100,102187,100,99916,100,102277,100,99910,100,,,99902,100
2019-06-28 09:49:47.067637470,100326,216,100158,516,100496,316,100131,316,100500,100,100013,100,100568,100,100006,100,100685,100,99975,100,100826,100,99946,100,101365,100,99935,100,101881,100,99916,100,102187,100,99910,100,102277,100,99902,100
2019-06-28 09:49:50.000000000,100496,532,100158,732,100500,100,100131,100,100568,100,100013,100,100685,100,100006,100,100826,100,99975,100,101365,100,99946,100,101881,100,99935,100,102187,100,99916,100,102277,100,99910,100,,,99902,100
2019-06-28 09:50:00.000000000,100496,532,100158,732,100500,100,100131,100,100568,100,100013,100,100685,100,100006,100,100826,100,99975,100,101365,100,99946,100,101881,100,99935,100,102187,100,99916,100,102277,100,99910,100,,,99902,100
2019-06-28 09:50:10.000000000,100496,208,100158,408,100500,208,100131,208,100568,208,100013,208,100685,208,100006,208,100826,100,99975,100,101365,100,99946,100,101881,100,99935,100,102187,100,99916,100,102277,100,99910,100,,,99902,100
2019-06-28 09:50:20.000000000,100496,247,100158,447,100500,243,100131,243,100568,243,100013,243,100685,100,100006,100,100826,100,99975,100,101365,100,99946,100,101881,100,99935,100,102187,100,99916,100,102277,100,99910,100,,,99902,100
2019-06-28 09:50:24.744548197,100496,247,100158,447,100500,243,100131,243,100568,243,100013,243,100685,100,100006,100,100826,100,99975,100,101019,100,99946,100,101365,100,99935,100,101881,100,99916,100,102187,100,99910,100,102277,100,99902,100
2019-06-28 09:50:30.000000000,100496,532,100158,732,100500,100,100131,100,100568,100,100013,100,100685,100,100006,100,100826,100,99975,100,101019,100,99946,100,101365,100,99935,100,101881,100,99916,100,102187,100,99910,100,102277,100,99902,100
2019-06-28 09:50:40.000000000,100496,247,100158,447,100500,243,100131,243,100568,243,100013,243,100685,100,100006,100,100826,100,99975,100,101019,100,99946,100,101365,100,99935,100,101881,100,99916,100,102187,100,99910,100,102277,100,99902,100
2019-06-28 09:50:47.545930372,100496,247,100158,447,100500,243,100131,243,100568,243,100013,243,100826,100,100006,100,101019,100,99975,100,101365,100,99946,100,101383,100,99935,100,101881,100,99916,100,102187,100,99910,100,102277,100,99902,100
2019-06-28 09:50:48.524253408,100496,147,100158,447,100500,243,100131,243,100568,243,100013,243,100826,100,100006,100,101019,100,99975,100,101365,100,99946,100,101383,100,99935,100,101881,100,99916,100,102187,100,99910,100,102277,100,99902,100
2019-06-28 09:50:50.000000000,100500,208,100158,408,100568,208,100131,208,100826,208,100013,208,101019,208,100006,208,101365,100,99975,100,101383,100,99946,100,101881,100,99935,100,102187,100,99916,100,102277,100,99910,100,,,99902,100
2019-06-28 09:51:00.000000000,100500,186,100158,386,100568,186,100131,186,100826,186,100013,186,101019,186,100006,186,101365,186,99975,186,101383,100,99946,100,101881,100,99935,100,102187,100,99916,100,102277,100,99910,100,,,99902,100
2019-06-28 09:51:05.110886169,100500,86,100158,386,100568,186,100131,186,100826,186,100013,186,101019,186,100006,186,101365,186,99975,186,101383,100,99946,100,101881,100,99935,100,102187,100,99916,100,102277,100,99910,100,,,99902,100
2019-06-28 09:51:10.000000000,100568,247,100158,447,100826,243,100131,243,101019,243,100013,243,101365,100,100006,100,101383,100,99975,100,101881,100,99946,100,102187,100,99935,100,102277,100,99916,100,,,99910,100,,,99902,100
2019-06-28 09:51:14.598718626,100568,247,100158,447,100826,243,100131,243,101019,243,100013,243,101036,100,100006,100,101365,100,99975,100,101383,100,99946,100,101881,100,99935,100,102187,100,99916,100,102277,100,99910,100,,,99902,100
2019-06-28 09:51:20.000000000,100568,316,100158,516,100826,316,100131,316,101019,100,100013,100,101036,100,100006,100,101365,100,99975,100,101383,100,99946,100,101881,100,99935,100,102187,100,99916,100,102277,100,99910,100,,,99902,100
2019-06-28 09:51:30.000000000,100568,208,100158,408,100826,208,100131,208,101019,208,100013,208,101036,208,100006,208,101365,100,99975,100,101383,100,99946,100,101881,100,99935,100,102187,100,99916,100,102277,100,99910,100,,,99902,100
2019-06-28 09:51:35.551178471,100495,100,100158,408,100568,208,100131,208,100826,208,100013,108,101019,208,100006,208,101036,208,99975,100,101365,100,99946,100,101383,100,99935,100,101881,100,99916,100,102187,100,99910,100,102277,100,99902,100
2019-06-28 09:51:40.000000000,100495,532,100158,732,100568,100,100131,100,100826,100,100006,100,101019,100,99975,100,101036,100,99946,100,101365,100,99935,100,101383,100,99916,100,101881,100,99910,100,102187,100,99902,100,102277,100,99895,100
2019-06-28 09:51:50.000000000,100495,247,100158,447,100568,243,100131,243,100826,243,100006,243,101019,100,99975,100,101036,100,99946,100,101365,100,99935,100,101383,100,99916,100,101881,100,99910,100,102187,100,99902,100,102277,100,99895,100
2019-06-28 09:51:58.648033499,100495,247,100158,347,100568,243,100131,243,100826,243,100006,243,101019,100,99975,100,101036,100,99946,100,101365,100,99935,100,101383,100,99916,100,101881,100,99910,100,102187,100,99902,100,102277,100,99895,100
2019-06-28 09:51:59.715913995,100495,247,100158,247,100568,243,100131,243,100826,243,100006,243,101019,100,99975,100,101036,100,99946,100,101365,100,99935,100,101383,100,99916,100,101881,100,99910,100,102187,100,99902,100,102277,100,99895,100
2019-06-28 09:52:00.000000000,100495,247,100158,247,100568,243,100131,243,100826,243,100006,243,101019,100,99975,100,101036,100,99946,100,101365,100,99935,100,101383,100,99916,100,101881,100,99910,100,102187,100,99902,100,102277,100,99895,100
2019-06-28 09:52:10.000000000,100495,247,100158,247,100568,243,100131,243,100826,243,100006,243,101019,100,99975,100,101036,100,99946,100,101365,100,99935,100,101383,100,99916,100,101881,100,99910,100,102187,100,99902,100,102277,100,99895,100
2019-06-28 09:52:20.000000000,100495,316,100158,316,100568,316,100131,316,100826,100,100006,100,101019,100,99975,100,101036,100,99946,100,101365,100,99935,100,101383,100,99916,100,101881,100,99910,100,102187,100,99902,100,102277,100,99895,100
2019-06-28 09:52:30.000000000,100495,186,100158,186,100568,186,100131,186,100826,186,100006,186,101019,186,99975,186,101036,186,99946,186,101365,100,99935,100,101383,100,99916,100,101881,100,99910,100,102187,100,99902,100,102277,100,99895,100
2019-06-28 09:52:39.545368917,100495,186,100159,100,100568,186,100158,186,100826,186,100131,186,101019,186,100006,186,101036,186,99975,186,101365,100,99946,186,101383,100,99935,100,101881,100,99916,100,102187,100,99910,100,102277,100,99902,100
2019-06-28 09:52:40.000000000,100495,532,100159,532,100568,100,100158,100,100826,100,100131,100,101019,100,100006,100,101036,100,99975,100,101365,100,99946,100,101383,100,99935,100,101881,100,99916,100,102187,100,99910,100,102277,100,99902,100
2019-06-28 09:52:41.570179223,100302,100,100159,532,100495,532,100158,100,100568,100,100131,100,100826,100,100006,100,101019,100,99975,100,101036,100,99946,100,101365,100,99935,100,101383,100,99916,100,101881,100,99910,100,102187,100,99902,100
2019-06-28 09:52:50.000000000,100302,208,100159,208,100495,208,100158,208,100568,208,100131,208,100826,208,100006,208,101019,100,99975,100,101036,100,99946,100,101365,100,99935,100,101383,100,99916,100,101881,100,99910,100,102187,100,99902,100
2019-06-28 09:52:53.362375377,100302,208,100159,208,100494,100,100158,208,100495,108,100131,208,100568,208,100006,208,100826,208,99975,100,101019,100,99946,100,101036,100,99935,100,101365,100,99916,100,101383,100,99910,100,101881,100,99902,100
2019-06-28 09:52:56.005547159,100302,208,100159,208,100494,100,100158,208,100495,108,100131,208,100568,208,100030,100,100826,208,100006,208,101019,100,99975,100,101036,100,99946,100,101365,100,99935,100,101383,100,99916,100,101881,100,99910,100
2019-06-28 09:53:00.000000000,100302,208,100159,208,100494,208,100158,208,100568,208,100131,208,100826,208,100030,208,101019,100,100006,100,101036,100,99975,100,101365,100,99946,100,101383,100,99935,100,101881,100,99916,100,102187,100,99910,100
2019-06-28 09:53:10.000000000,100302,208,100159,208,100494,208,100158,208,100568,208,100131,208,100826,208,100030,208,101019,100,100006,100,101036,100,99975,100,101365,100,99946,100,101383,100,99935,100,101881,100,99916,100,102187,100,99910,100
2019-06-28 09:53:20.000000000,100302,316,100159,316,100494,316,100158,316,100568,100,100131,100,100826,100,100030,100,101019,100,100006,100,101036,100,99975,100,101365,100,99946,100,101383,100,99935,100,101881,100,99916,100,102187,100,99910,100
2019-06-28 09:53:30.000000000,100302,532,100159,532,100494,100,100158,100,100568,100,100131,100,100826,100,100030,100,101019,100,100006,100,101036,100,99975,100,101365,100,99946,100,101383,100,99935,100,101881,100,99916,100,102187,100,99910,100
2019-06-28 09:53:37.955532494,100302,532,100159,532,100494,100,100158,100,100526,100,100131,100,100568,100,100030,100,100826,100,100006,100,101019,100,99975,100,101036,100,99946,100,101365,100,99935,100,101383,100,99916,100,101881,100,99910,100
2019-06-28 09:53:40.000000000,100302,532,100159,532,100494,100,100158,100,100526,100,100131,100,100568,100,100030,100,100826,100,100006,100,101019,100,99975,100,101036,100,99946,100,101365,100,99935,100,101383,100,99916,100,101881,100,99910,100
2019-06-28 09:53:43.940319952,100302,532,100159,532,100494,200,100158,100,100526,100,100131,100,100568,100,100030,100,100826,100,99975,100,101019,100,99946,100,101036,100,99935,100,101365,100,99916,100,101383,100,99910,100,101881,100,99902,100
2019-06-28 09:53:45.545368195,100302,432,100159,532,100494,200,100158,100,100526,100,100131,100,100568,100,100030,100,100826,100,99975,100,101019,100,99946,100,101036,100,99935,100,101365,100,99916,100,101383,100,99910,100,101881,100,99902,100
2019-06-28 09:53:50.000000000,100494,632,100159,532,100526,100,100158,100,100568,100,100131,100,100826,100,100030,100,101019,100,99975,100,101036,100,99946,100,101365,100,99935,100,101383,100,99916,100,101881,100,99910,100,102187,100,99902,100
2019-06-28 09:54:00.000000000,100494,632,100159,532,100526,100,100158,100,100568,100,100131,100,100826,100,100030,100,101019,100,99975,100,101036,100,99946,100,101365,100,99935,100,101383,100,99916,100,101881,100,99910,100,102187,100,99902,100
2019-06-28 09:54:03.287069743,100494,632,100159,532,100526,100,100158,100,100568,100,100131,100,100826,100,100030,100,101019,100,99975,100,101036,100,99964,100,101365,100,99935,100,101383,100,99916,100,101881,100,99910,100,102187,100,99902,100
2019-06-28 09:54:07.704128063,100301,100,100159,532,100494,632,100158,100,100526,100,100131,100,100568,100,100030,100,100826,100,99975,100,101019,100,99964,100,101036,100,99935,100,101365,100,99916,100,101383,100,99910,100,101881,100,99902,100
2019-06-28 09:54:10.000000000,100301,186,100159,186,100494,286,100158,186,100526,186,100131,186,100568,186,100030,186,100826,186,99975,186,101019,100,99964,100,101036,100,99935,100,101365,100,99916,100,101383,100,99910,100,101881,100,99902,100
2019-06-28 09:54:20.000000000,100301,208,100159,208,100494,308,100158,208,100526,208,100131,208,100568,208,100030,208,100826,100,99975,100,101019,100,99964,100,101036,100,99935,100,101365,100,99916,100,101383,100,99910,100,101881,100,99902,100
2019-06-28 09:54:22.013912509,100301,208,100159,108,100494,308,100158,208,100526,208,100131,208,100568,208,100030,208,100826,100,99975,100,101019,100,99964,100,101036,100,99935,100,101365,100,99916,100,101383,100,99910,100,101881,100,99902,100
2019-06-28 09:54:30.000000000,100301,532,100158,532,100494,200,100131,100,100526,100,100030,100,100568,100,99975,100,100826,100,99964,100,101019,100,99935,100,101036,100,99916,100,101365,100,99910,100,101383,100,99902,100,101881,100,99895,100
2019-06-28 09:54:30.043858471,100301,432,100160,100,100494,200,100158,532,100526,100,100131,100,100568,100,100030,100,100826,100,99975,100,101019,100,99964,100,101036,100,99935,100,101365,100,99916,100,101383,100,99910,100,101881,100,99902,100
2019-06-28 09:54:35.975683651,100301,432,100158,532,100494,200,100131,100,100526,100,100030,100,100568,100,99975,100,100826,100,99964,100,101019,100,99935,100,101036,100,99916,100,101365,100,99910,100,101383,100,99902,100,101881,100,99895,100
2019-06-28 09:54:37.241921209,100301,432,100160,100,100494,200,100158,532,100526,100,100131,100,100568,100,100030,100,100826,100,99975,100,101019,100,99964,100,101036,100,99935,100,101365,100,99916,100,101383,100,99910,100,101881,100,99902,100
2019-06-28 09:54:40.000000000,100494,308,100160,208,100526,208,100158,208,100568,208,100131,208,100826,208,100030,208,101019,100,99975,100,101036,100,99964,100,101365,100,99935,100,101383,100,99916,100,101881,100,99910,100,102187,100,99902,100
2019-06-28 09:54:50.000000000,100494,308,100160,208,100526,208,100158,208,100568,208,100131,208,100826,208,100030,208,101019,100,99975,100,101036,100,99964,100,101365,100,99935,100,101383,100,99916,100,101881,100,99910,100,102187,100,99902,100
2019-06-28 09:54:57.163794418,100494,308,100160,208,100526,208,100158,208,100568,208,100148,100,100826,208,100131,208,101019,100,100030,208,101036,100,99975,100,101365,100,99964,100,101383,100,99935,100,101881,100,99916,100,102187,100,99910,100
2019-06-28 09:55:00.000000000,100494,416,100160,316,100526,316,100158,316,100568,100,100148,100,100826,100,100131,100,101019,100,100030,100,101036,100,99975,100,101365,100,99964,100,101383,100,99935,100,101881,100,99916,100,102187,100,99910,100
2019-06-28 09:55:10.000000000,100494,632,100160,532,100526,100,100158,100,100568,100,100148,100,100826,100,100131,100,101019,100,100030,100,101036,100,99975,100,101365,100,99964,100,101383,100,99935,100,101881,100,99916,100,102187,100,99910,100
2019-06-28 09:55:19.594485157,100494,632,100160,432,100526,100,100158,100,100568,100,100148,100,100826,100,100131,100,101019,100,100030,100,101036,100,99975,100,101365,100,99964,100,101383,100,99935,100,101881,100,99916,100,102187,100,99910,100
2019-06-28 09:55:20.000000000,100494,286,100158,186,100526,186,100148,186,100568,186,100131,186,100826,186,100030,186,101019,186,99975,186,101036,100,99964,100,101365,100,99935,100,101383,100,99916,100,101881,100,99910,100,102187,100,99902,100
2019-06-28 09:55:20.886544921,100494,286,100158,186,100526,186,100148,186,100568,186,100131,186,100826,186,100030,186,101019,186,100014,100,101036,100,99975,186,101365,100,99964,100,101383,100,99935,100,101881,100,99916,100,102187,100,99910,100
2019-06-28 09:55:30.000000000,100494,286,100158,186,100526,186,100148,186,100568,186,100131,186,100826,186,100030,186,101019,186,100014,186,101036,100,99975,100,101365,100,99964,100,101383,100,99935,100,101881,100,99916,100,102187,100,99910,100
2019-06-28 09:55:40.000000000,100494,308,100158,208,100526,208,100148,208,100568,208,100131,208,100826,208,100030,208,101019,100,100014,100,101036,100,99975,100,101365,100,99964,100,101383,100,99935,100,101881,100,99916,100,102187,100,99910,100
2019-06-28 09:55:50.000000000,100494,308,100158,208,100526,208,100148,208,100568,208,100131,208,100826,208,100030,208,101019,100,100014,100,101036,100,99975,100,101365,100,99964,100,101383,100,99935,100,101881,100,99916,100,102187,100,99910,100
2019-06-28 09:56:00.000000000,100494,347,100158,247,100526,243,100148,243,100568,243,100131,243,100826,100,100030,100,101019,100,100014,100,101036,100,99975,100,101365,100,99964,100,101383,100,99935,100,101881,100,99916,100,102187,100,99910,100
2019-06-28 09:56:01.199071073,100494,347,100158,247,100526,243,100148,243,100568,243,100131,243,100826,100,100030,100,101019,100,100014,100,101036,100,99975,100,101365,100,99964,100,101383,100,99935,100,101881,100,99916,100,102187,100,99910,100
2019-06-28 09:56:03.973913814,100494,347,100158,247,100526,243,100148,243,100568,243,100131,243,100826,100,100030,100,101019,100,100014,100,101036,100,99975,100,101365,100,99935,100,101383,100,99916,100,101881,100,99910,100,102187,100,99902,100
2019-06-28 09:56:10.000000000,100494,308,100158,208,100526,208,100148,208,100568,208,100131,208,100826,208,100030,208,101019,100,100014,100,101036,100,99975,100,101365,100,99935,100,101383,100,99916,100,101881,100,99910,100,102187,100,99902,100
2019-06-28 09:56:17.311837307,100494,308,100161,100,100526,208,100158,208,100568,208,100148,208,100826,208,100131,208,101019,100,100030,208,101036,100,100014,100,101365,100,99975,100,101383,100,99935,100,101881,100,99916,100,102187,100,99910,100
2019-06-28 09:56:20.000000000,100494,416,100161,316,100526,316,100158,316,100568,100,100148,100,100826,100,100131,100,101019,100,100030,100,101036,100,100014,100,101365,100,99975,100,101383,100,99935,100,101881,100,99916,100,102187,100,99910,100
2019-06-28 09:56:25.002030494,100477,100,100161,316,100494,416,100158,316,100526,316,100148,100,100568,100,100131,100,100826,100,100030,100,101019,100,100014,100,101036,100,99975,100,101365,100,99935,100,101383,100,99916,100,101881,100,99910,100
2019-06-28 09:56:30.000000000,100477,532,100161,532,100494,200,100158,100,100526,100,100148,100,100568,100,100131,100,100826,100,100030,100,101019,100,100014,100,101036,100,99975,100,101365,100,99935,100,101383,100,99916,100,101881,100,99910,100
2019-06-28 09:56:30.906945931,100448,100,100161,532,100477,532,100158,100,100494,200,100148,100,100526,100,100131,100,100568,100,100030,100,100826,100,100014,100,101019,100,99975,100,101036,100,99935,100,101365,100,99916,100,101383,100,99910,100
2019-06-28 09:56:33.118060792,100448,100,100161,432,100477,532,100158,100,100494,200,100148,100,100526,100,100131,100,100568,100,100030,100,100826,100,100014,100,101036,100,99975,100,101365,100,99935,100,101383,100,99916,100,101881,100,99910,100
2019-06-28 09:56:40.000000000,100448,316,100158,316,100477,316,100148,316,100494,200,100131,100,100526,100,100030,100,100568,100,100014,100,100826,100,99975,100,101036,100,99935,100,101365,100,99916,100,101383,100,99910,100,101881,100,99902,100
2019-06-28 09:56:50.000000000,100448,186,100158,186,100477,186,100148,186,100494,286,100131,186,100526,186,100030,186,100568,186,100014,186,100826,100,99975,100,101036,100,99935,100,101365,100,99916,100,101383,100,99910,100,101881,100,99902,100
2019-06-28 09:56:52.338133072,100448,186,100158,186,100477,186,100148,186,100494,286,100131,186,100526,186,100030,186,100568,186,100014,186,100826,100,99975,100,101036,100,99935,100,101383,100,99916,100,101881,100,99910,100,102187,100,99902,100
2019-06-28 09:56:54.321562582,100448,186,100196,100,100477,86,100158,186,100494,286,100148,186,100526,186,100131,186,100568,186,100030,186,100826,100,100014,186,101036,100,99975,100,101383,100,99935,100,101881,100,99916,100,102187,100,99910,100
2019-06-28 09:56:57.607066703,100448,186,100158,186,100477,86,100148,186,100494,286,100131,186,100526,186,100030,186,100568,186,100014,186,100826,100,99975,100,101036,100,99935,100,101383,100,99916,100,101881,100,99910,100,102187,100,99902,100
2019-06-28 09:56:59.583686902,100196,100,100158,186,100448,186,100148,186,100477,86,100131,186,100494,286,100030,186,100526,186,100014,186,100568,186,99975,100,100826,100,99935,100,101036,100,99916,100,101383,100,99910,100,101881,100,99902,100
2019-06-28 09:57:00.000000000,100196,186,100158,186,100448,186,100148,186,100494,286,100131,186,100526,186,100030,186,100568,186,100014,186,100826,100,99975,100,101036,100,99935,100,101383,100,99916,100,101881,100,99910,100,102187,100,99902,100
2019-06-28 09:57:10.000000000,100196,247,100158,247,100448,243,100148,243,100494,343,100131,243,100526,100,100030,100,100568,100,100014,100,100826,100,99975,100,101036,100,99935,100,101383,100,99916,100,101881,100,99910,100,102187,100,99902,100
2019-06-28 09:57:18.947384289,100196,347,100158,247,100448,243,100148,243,100494,343,100131,243,100526,100,100030,100,100568,100,100014,100,100826,100,99975,100,101036,100,99935,100,101383,100,99916,100,101881,100,99910,100,102187,100,99902,100
2019-06-28 09:57:20.000000000,100196,286,100158,186,100448,186,100148,186,100494,286,100131,186,100526,186,100030,186,100568,186,100014,186,100826,100,99975,100,101036,100,99935,100,101383,100,99916,100,101881,100,99910,100,102187,100,99902,100
2019-06-28 09:57:26.462416758,100196,386,100158,186,100448,186,100148,186,100494,286,100131,186,100526,186,100030,186,100568,186,100014,186,100826,100,99975,100,101036,100,99935,100,101383,100,99916,100,101881,100,99910,100,102187,100,99902,100
2019-06-28 09:57:30.000000000,100196,408,100158,208,100448,208,100148,208,100494,308,100131,208,100526,208,100030,208,100568,100,100014,100,100826,100,99975,100,101036,100,99935,100,101383,100,99916,100,101881,100,99910,100,102187,100,99902,100
2019-06-28 09:57:36.976303791,100196,408,100158,108,100448,208,100148,208,100494,308,100131,208,100526,208,100030,208,100568,100,100014,100,100826,100,99975,100,101036,100,99935,100,101383,100,99916,100,101881,100,99910,100,102187,100,99902,100
2019-06-28 09:57:40.000000000,100196,732,100148,532,100448,100,100131,100,100494,200,100030,100,100526,100,100014,100,100568,100,99975,100,100826,100,99935,100,101036,100,99916,100,101383,100,99910,100,101881,100,99902,100,102187,100,99899,100
2019-06-28 09:57:50.000000000,100196,386,100148,186,100448,186,100131,186,100494,286,100030,186,100526,186,100014,186,100568,186,99975,186,100826,100,99935,100,101036,100,99916,100,101383,100,99910,100,101881,100,99902,100,102187,100,99899,100
2019-06-28 09:58:00.000000000,100196,732,100148,532,100448,100,100131,100,100494,200,100030,100,100526,100,100014,100,100568,100,99975,100,100826,100,99935,100,101036,100,99916,100,101383,100,99910,100,101881,100,99902,100,102187,100,99899,100
2019-06-28 09:58:10.000000000,100196,408,100148,208,100448,208,100131,208,100494,308,100030,208,100526,208,100014,208,100568,100,99975,100,100826,100,99935,100,101036,100,99916,100,101383,100,99910,100,101881,100,99902,100,102187,100,99899,100
2019-06-28 09:58:20.000000000,100196,732,100148,532,100448,100,100131,100,100494,200,100030,100,100526,100,100014,100,100568,100,99975,100,100826,100,99935,100,101036,100,99916,100,101383,100,99910,100,101881,100,99902,100,102187,100,99899,100
2019-06-28 09:58:21.903043517,100196,732,100148,432,100448,100,100131,100,100494,200,100014,100,100526,100,99975,100,100568,100,99935,100,100826,100,99916,100,101036,100,99910,100,101383,100,99902,100,101881,100,99899,100,102187,100,99897,100
2019-06-28 09:58:30.000000000,100196,386,100131,186,100448,186,100014,186,100494,286,99975,186,100526,186,99935,186,100568,186,99916,186,100826,100,99910,100,101036,100,99902,100,101383,100,99899,100,101881,100,99897,100,102187,100,99895,100
2019-06-28 09:58:36.474900126,100196,386,100131,186,100448,186,100014,186,100494,286,99975,186,100526,186,99935,186,100568,186,99916,186,100826,100,99910,100,101036,100,99902,100,101383,100,99899,100,101881,100,99897,100,102187,100,99895,100
2019-06-28 09:58:40.000000000,100196,732,100131,532,100448,100,100014,100,100494,200,99975,100,100526,100,99935,100,100568,100,99916,100,100826,100,99910,100,101036,100,99902,100,101383,100,99899,100,101881,100,99897,100,102187,100,99895,100
2019-06-28 09:58:50.000000000,100196,386,100131,186,100448,186,100014,186,100494,286,99975,186,100526,186,99935,186,100568,186,99916,186,100826,100,99910,100,101036,100,99902,100,101383,100,99899,100,101881,100,99897,100,102187,100,99895,100
2019-06-28 09:58:51.802922224,100196,386,100131,86,100448,186,100014,186,100494,286,99975,186,100526,186,99935,186,100568,186,99916,86,100826,100,99910,100,101036,100,99902,100,101383,100,99899,100,101881,100,99897,100,102187,100,99895,100
2019-06-28 09:59:00.000000000,100196,516,100014,316,100448,316,99975,316,100494,200,99935,100,100526,100,99910,100,100568,100,99902,100,100826,100,99899,100,101036,100,99897,100,101383,100,99895,100,101881,100,99886,100,102187,100,99721,100
2019-06-28 09:59:04.447244936,100196,516,100014,316,100448,316,99975,316,100494,200,99935,100,100526,100,99910,100,100568,100,99902,100,100826,100,99899,100,101036,100,99897,100,101383,100,99895,100,101881,100,99886,100,102187,100,99721,100
2019-06-28 09:59:10.000000000,100196,386,100014,186,100448,186,99975,186,100494,286,99935,186,100526,186,99910,186,100568,186,99902,186,100826,100,99899,100,101036,100,99897,100,101383,100,99895,100,101881,100,99886,100,102187,100,99721,100
2019-06-28 09:59:17.933315975,100148,100,100014,186,100196,286,99975,186,100448,186,99935,186,100494,286,99910,186,100526,186,99902,186,100568,186,99899,100,100826,100,99897,100,101036,100,99895,100,101383,100,99886,100,101881,100,99721,100
2019-06-28 09:59:20.000000000,100148,186,100014,186,100196,286,99975,186,100448,186,99935,186,100494,286,99910,186,100526,186,99902,186,100568,100,99899,100,100826,100,99897,100,101036,100,99895,100,101383,100,99886,100,101881,100,99721,100
2019-06-28 09:59:30.000000000,100148,186,100014,186,100196,286,99975,186,100448,186,99935,186,100494,286,99910,186,100526,186,99902,186,100568,100,99899,100,100826,100,99897,100,101036,100,99895,100,101383,100,99886,100,101881,100,99721,100
2019-06-28 09:59:32.624586545,100148,86,100014,186,100196,286,99975,186,100448,186,99935,186,100494,286,99910,186,100526,186,99902,186,100568,100,99899,100,100826,100,99897,100,101036,100,99895,100,101383,100,99886,100,101881,100,99721,100
2019-06-28 09:59:34.739116922,100148,86,100014,186,100196,286,99975,186,100448,186,99935,186,100494,186,99910,186,100526,186,99902,186,100568,100,99899,100,100826,100,99897,100,101036,100,99895,100,101383,100,99886,100,101881,100,99721,100
2019-06-28 09:59:40.000000000,100196,286,100014,186,100448,186,99975,186,100494,186,99935,186,100526,186,99910,186,100568,186,99902,186,100826,100,99899,100,101036,100,99897,100,101383,100,99895,100,101881,100,99886,100,102187,100,99721,100
2019-06-28 09:59:47.821957477,100196,286,100014,86,100448,186,99975,186,100494,186,99935,186,100526,186,99910,186,100568,186,99902,186,100826,100,99899,100,101036,100,99897,100,101383,100,99895,100,101881,100,99721,100,102187,100,99707,100
2019-06-28 09:59:49.553833725,100014,14,99975,186,100196,286,99935,186,100448,186,99910,186,100494,186,99902,186,100526,186,99899,100,100568,186,99897,100,100826,100,99895,100,101036,100,99721,100,101383,100,99707,100,101881,100,99668,100
2019-06-28 09:59:50.000000000,100014,122,99975,208,100196,308,99935,208,100448,208,99910,208,100494,208,99902,208,100526,100,99899,100,100568,100,99897,100,100826,100,99895,100,101036,100,99721,100,101383,100,99707,100,101881,100,99668,100
2019-06-28 10:00:00.000000000,100014,161,99975,247,100196,343,99935,243,100448,243,99910,243,100494,100,99902,100,100526,100,99899,100,100568,100,99897,100,100826,100,99895,100,101036,100,99721,100,101383,100,99707,100,101881,100,99668,100
2019-06-28 10:00:10.000000000,100014,161,99975,247,100196,343,99935,243,100448,243,99910,243,100494,100,99902,100,100526,100,99899,100,100568,100,99897,100,100826,100,99895,100,101036,100,99721,100,101383,100,99707,100,101881,100,99668,100
2019-06-28 10:00:20.000000000,100014,230,99975,316,100196,416,99935,316,100448,100,99910,100,100494,100,99902,100,100526,100,99899,100,100568,100,99897,100,100826,100,99895,100,101036,100,99721,100,101383,100,99707,100,101881,100,99668,100
2019-06-28 10:00:21.259385063,100014,230,99975,316,100196,416,99935,316,100448,100,99910,100,100494,100,99902,100,100526,100,99899,100,100568,100,99897,100,100826,100,99895,100,101036,100,99721,100,101383,100,99707,100,101881,100,99668,100
2019-06-28 10:00:22.532468508,100014,230,99975,216,100196,416,99935,316,100494,100,99910,100,100526,100,99902,100,100568,100,99899,100,100826,100,99897,100,101036,100,99895,100,101383,100,99721,100,101881,100,99707,100,102187,100,99668,100
2019-06-28 10:00:24.066789006,100014,230,99975,216,100196,416,99935,316,100494,100,99910,100,100526,100,99902,100,100568,100,99899,100,100826,100,99897,100,101036,100,99895,100,101383,100,99721,100,101881,100,99707,100,102187,100,99668,100
2019-06-28 10:00:30.000000000,100014,446,99935,532,100196,200,99910,100,100494,100,99902,100,100526,100,99899,100,100568,100,99897,100,100826,100,99895,100,101036,100,99721,100,101383,100,99707,100,101881,100,99668,100,102187,100,99465,100
2019-06-28 10:00:40.000000000,100014,161,99935,247,100196,343,99910,243,100494,243,99902,243,100526,100,99899,100,100568,100,99897,100,100826,100,99895,100,101036,100,99721,100,101383,100,99707,100,101881,100,99668,100,102187,100,99465,100
2019-06-28 10:00:42.796147751,100014,161,99935,147,100196,343,99910,243,100494,243,99902,243,100526,100,99899,100,100568,100,99897,100,100826,100,99721,100,101036,100,99707,100,101383,100,99668,100,101881,100,99465,100,102187,100,99400,100
2019-06-28 10:00:50.000000000,100014,122,99910,208,100196,308,99902,208,100494,208,99899,208,100526,208,99897,208,100568,100,99721,100,100826,100,99707,100,101036,100,99668,100,101383,100,99465,100,101881,100,99400,100,102187,100,99364,100
2019-06-28 10:00:59.505580987,100014,122,99910,208,100196,308,99902,208,100494,208,99899,208,100526,208,99897,208,100568,100,99721,100,100826,100,99707,100,101036,100,99668,100,101383,100,99466,100,101881,100,99400,100,102187,100,99364,100
2019-06-28 10:01:00.000000000,100014,230,99910,316,100196,416,99902,316,100494,100,99899,100,100526,100,99897,100,100568,100,99721,100,100826,100,99707,100,101036,100,99668,100,101383,100,99466,100,101881,100,99400,100,102187,100,99364,100
2019-06-28 10:01:10.000000000,100014,100,99910,186,100196,286,99902,186,100494,186,99899,186,100526,186,99897,186,100568,186,99721,186,100826,100,99707,100,101036,100,99668,100,101383,100,99466,100,101881,100,99400,100,102187,100,99364,100
2019-06-28 10:01:20.000000000,100014,161,99910,247,100196,343,99902,243,100494,243,99899,243,100526,100,99897,100,100568,100,99721,100,100826,100,99707,100,101036,100,99668,100,101383,100,99466,100,101881,100,99400,100,102187,100,99364,100
2019-06-28 10:01:30.000000000,100014,122,99910,208,100196,308,99902,208,100494,208,99899,208,100526,208,99897,208,100568,100,99721,100,100826,100,99707,100,101036,100,99668,100,101383,100,99466,100,101881,100,99400,100,102187,100,99364,100
2019-06-28 10:01:33.757971668,100014,122,99910,108,100196,308,99902,208,100494,208,99899,208,100526,208,99897,208,100568,100,99721,100,101036,100,99707,100,101383,100,99668,100,101881,100,99466,100,102187,100,99400,100,102277,100,99364,100
2019-06-28 10:01:40.000000000,100014,446,99902,532,100196,200,99899,100,100494,100,99897,100,100526,100,99721,100,100568,100,99707,100,101036,100,99668,100,101383,100,99466,100,101881,100,99400,100,102187,100,99364,100,102277,100,99286,100
2019-06-28 10:01:47.610848421,100014,446,99902,532,100196,200,99899,100,100494,100,99897,100,100526,100,99721,100,100568,100,99707,100,101036,100,99668,100,101383,100,99466,100,101881,100,99400,100,102187,100,99364,100,102277,100,99286,100
2019-06-28 10:01:48.724927200,100014,446,99902,432,100196,200,99899,100,100494,100,99897,100,100526,100,99721,100,100568,100,99707,100,101036,100,99668,100,101383,100,99466,100,101881,100,99400,100,102187,100,99364,100,102277,100,99286,100
2019-06-28 10:01:50.000000000,100014,230,99899,316,100196,416,99897,316,100494,100,99721,100,100526,100,99707,100,100568,100,99668,100,101036,100,99466,100,101383,100,99400,100,101881,100,99364,100,102187,100,99286,100,102277,100,99048,100
2019-06-28 10:02:00.000000000,100014,161,99899,247,100196,343,99897,243,100494,243,99721,243,100526,100,99707,100,100568,100,99668,100,101036,100,99466,100,101383,100,99400,100,101881,100,99364,100,102187,100,99286,100,102277,100,99048,100
2019-06-28 10:02:04.537179699,100014,161,99899,247,100196,343,99897,243,100494,243,99721,243,100526,100,99707,100,100568,100,99668,100,101036,100,99466,100,101383,100,99364,100,101881,100,99286,100,102187,100,99205,100,102277,100,99048,100
2019-06-28 10:02:08.346789254,100014,161,99899,147,100196,343,99897,243,100494,243,99721,243,100526,100,99707,100,100568,100,99668,100,101036,100,99466,100,101383,100,99364,100,101881,100,99286,100,102187,100,99205,100,102277,100,99048,100
2019-06-28 10:02:10.000000000,100014,446,99897,532,100196,200,99721,100,100494,100,99707,100,100526,100,99668,100,100568,100,99466,100,101036,100,99364,100,101383,100,99286,100,101881,100,99205,100,102187,100,99048,100,102277,100,,
2019-06-28 10:02:18.785423514,100014,446,99897,532,100196,200,99721,100,100494,100,99707,100,100526,100,99668,100,100568,100,99466,100,101036,100,99364,100,101383,100,99286,100,101881,100,99205,100,102187,100,99158,100,102277,100,99048,100
2019-06-28 10:02:20.000000000,100014,230,99897,316,100196,416,99721,316,100494,100,99707,100,100526,100,99668,100,100568,100,99466,100,101036,100,99364,100,101383,100,99286,100,101881,100,99205,100,102187,100,99158,100,102277,100,99048,100
2019-06-28 10:02:26.827212549,99902,100,99897,316,100014,230,99721,316,100196,416,99707,100,100494,100,99668,100,100526,100,99466,100,100568,100,99364,100,101036,100,99286,100,101383,100,99205,100,101881,100,99158,100,102187,100,99048,100
2019-06-28 10:02:28.574203688,99902,200,99897,316,100014,230,99721,316,100196,316,99707,100,100494,100,99668,100,100526,100,99466,100,100568,100,99364,100,101036,100,99286,100,101383,100,99205,100,101881,100,99158,100,102187,100,99048,100
2019-06-28 10:02:30.000000000,99902,347,99897,247,100014,157,99721,243,100196,243,99707,243,100494,100,99668,100,100526,100,99466,100,100568,100,99364,100,101036,100,99286,100,101383,100,99205,100,101881,100,99158,100,102187,100,99048,100
2019-06-28 10:02:32.014047695,99902,347,99897,247,100014,157,99721,243,100196,243,99707,243,100494,100,99668,100,100526,100,99466,100,100568,100,99364,100,101036,100,99286,100,101383,100,99252,100,101881,100,99205,100,102187,100,99158,100
2019-06-28 10:02:40.000000000,99902,347,99897,247,100014,157,99721,243,100196,243,99707,243,100494,100,99668,100,100526,100,99466,100,100568,100,99364,100,101036,100,99286,100,101383,100,99252,100,101881,100,99205,100,102187,100,99158,100
2019-06-28 10:02:49.665979440,99902,347,99897,147,100014,157,99721,243,100196,243,99707,243,100494,100,99668,100,100526,100,99466,100,100568,100,99364,100,101036,100,99286,100,101383,100,99252,100,101881,100,99205,100,102187,100,99158,100
2019-06-28 10:02:50.000000000,99902,286,99721,186,100014,100,99707,186,100196,186,99668,186,100494,186,99466,186,100526,186,99364,186,100568,100,99286,100,101036,100,99252,100,101383,100,99205,100,101881,100,99158,100,102187,100,99048,100
2019-06-28 10:03:00.000000000,99902,632,99721,532,100014,14,99707,100,100196,100,99668,100,100494,100,99466,100,100526,100,99364,100,100568,100,99286,100,101036,100,99252,100,101383,100,99205,100,101881,100,99158,100,102187,100,99048,100
2019-06-28 10:03:10.000000000,99902,347,99721,247,100014,157,99707,243,100196,243,99668,243,100494,100,99466,100,100526,100,99364,100,100568,100,99286,100,101036,100,99252,100,101383,100,99205,100,101881,100,99158,100,102187,100,99048,100
2019-06-28 10:03:20.000000000,99902,347,99721,247,100014,157,99707,243,100196,243,99668,243,100494,100,99466,100,100526,100,99364,100,100568,100,99286,100,101036,100,99252,100,101383,100,99205,100,101881,100,99158,100,102187,100,99048,100
2019-06-28 10:03:30.000000000,99902,347,99721,247,100014,157,99707,243,100196,243,99668,243,100494,100,99466,100,100526,100,99364,100,100568,100,99286,100,101036,100,99252,100,101383,100,99205,100,101881,100,99158,100,102187,100,99048,100
2019-06-28 10:03:40.000000000,99902,416,99721,316,100014,230,99707,316,100196,100,99668,100,100494,100,99466,100,100526,100,99364,100,100568,100,99286,100,101036,100,99252,100,101383,100,99205,100,101881,100,99158,100,102187,100,99048,100
2019-06-28 10:03:50.000000000,99902,416,99721,316,100014,230,99707,316,100196,100,99668,100,100494,100,99466,100,100526,100,99364,100,100568,100,99286,100,101036,100,99252,100,101383,100,99205,100,101881,100,99158,100,102187,100,99048,100
2019-06-28 10:03:52.236413459,99902,416,99721,216,100014,230,99707,316,100196,100,99668,100,100494,100,99466,100,100526,100,99364,100,100568,100,99286,100,101036,100,99252,100,101383,100,99205,100,101881,100,99158,100,102187,100,99048,100
2019-06-28 10:03:53.788761820,99902,416,99721,116,100014,230,99707,316,100196,100,99668,100,100494,100,99466,100,100526,100,99364,100,100568,100,99286,100,101036,100,99252,100,101383,100,99205,100,101881,100,99158,100,102187,100,99048,100
2019-06-28 10:04:00.000000000,99902,632,99707,532,100014,14,99668,100,100196,100,99466,100,100494,100,99364,100,100526,100,99286,100,100568,100,99252,100,101036,100,99205,100,101383,100,99158,100,101881,100,99048,100,102187,100,,
2019-06-28 10:04:10.000000000,99902,416,99707,316,100014,230,99668,316,100196,100,99466,100,100494,100,99364,100,100526,100,99286,100,100568,100,99252,100,101036,100,99205,100,101383,100,99158,100,101881,100,99048,100,102187,100,,
2019-06-28 10:04:15.370287487,99902,416,99707,216,100014,230,99668,316,100196,100,99466,100,100494,100,99364,100,100526,100,99286,100,100568,100,99252,100,101036,100,99205,100,101383,100,99158,100,101881,100,99048,100,102277,100,,
2019-06-28 10:04:20.000000000,99902,347,99668,247,100014,157,99466,243,100196,243,99364,243,100494,100,99286,100,100526,100,99252,100,100568,100,99205,100,101036,100,99158,100,101383,100,99048,100,101881,100,,,102277,100,,
2019-06-28 10:04:21.136501461,99902,347,99668,247,100014,157,99466,243,100196,243,99364,243,100494,100,99286,100,100526,100,99252,100,100568,100,99205,100,101036,100,99158,100,101383,100,99048,100,101881,100,98636,100,102277,100,,
2019-06-28 10:04:30.000000000,99902,286,99668,186,100014,100,99466,186,100196,186,99364,186,100494,186,99286,186,100526,186,99252,186,100568,100,99205,100,101036,100,99158,100,101383,100,99048,100,101881,100,98636,100,102277,100,,
2019-06-28 10:04:39.773022601,99902,286,99668,186,100014,100,99466,186,100196,186,99364,186,100494,186,99286,186,100526,186,99252,186,100568,100,99205,100,101036,100,99158,100,101383,100,99048,100,101881,100,98636,100,102277,100,98437,100
2019-06-28 10:04:40.000000000,99902,286,99668,186,100014,100,99466,186,100196,186,99364,186,100494,186,99286,186,100526,186,99252,186,100568,100,99205,100,101036,100,99158,100,101383,100,99048,100,101881,100,98636,100,102277,100,98437,100
2019-06-28 10:04:50.000000000,99902,308,99668,208,100014,122,99466,208,100196,208,99364,208,100494,208,99286,208,100526,100,99252,100,100568,100,99205,100,101036,100,99158,100,101383,100,99048,100,101881,100,98636,100,102277,100,98437,100
2019-06-28 10:04:52.394801577,99902,308,99668,108,100014,122,99466,208,100196,208,99364,208,100494,208,99286,208,100526,100,99205,100,100568,100,99158,100,101036,100,99048,100,101383,100,98636,100,101881,100,98437,100,102277,100,,
2019-06-28 10:04:52.689411316,99902,308,99668,108,100014,122,99466,208,100196,208,99364,208,100494,208,99286,208,100526,100,99205,100,100568,100,99158,100,101036,100,99048,100,101383,100,98933,100,101881,100,98636,100,102277,100,98437,100
2019-06-28 10:05:00.000000000,99902,308,99466,208,100014,122,99364,208,100196,208,99286,208,100494,208,99205,208,100526,100,99158,100,100568,100,99048,100,101036,100,98933,100,101383,100,98636,100,101881,100,98437,100,102277,100,,
2019-06-28 10:05:08.255760626,99902,308,99466,208,100014,122,99364,208,100196,208,99286,208,100494,208,99205,208,100526,100,99158,100,100568,100,99048,100,101036,100,98933,100,101383,100,98636,100,101881,100,98039,100,102277,100,,
2019-06-28 10:05:10.000000000,99902,308,99466,208,100014,122,99364,208,100196,208,99286,208,100494,208,99205,208,100526,100,99158,100,100568,100,99048,100,101036,100,98933,100,101383,100,98636,100,101881,100,98039,100,102277,100,,
2019-06-28 10:05:20.000000000,99902,416,99466,316,100014,230,99364,316,100196,100,99286,100,100494,100,99205,100,100526,100,99158,100,100568,100,99048,100,101036,100,98933,100,101383,100,98636,100,101881,100,98039,100,102277,100,,
2019-06-28 10:05:23.093736390,99902,416,99466,216,100014,230,99364,316,100196,100,99286,100,100494,100,99205,100,100526,100,99158,100,101036,100,99048,100,101383,100,98933,100,101881,100,98636,100,102277,100,98039,100,,,,
2019-06-28 10:05:23.841355217,99902,416,99466,116,100014,230,99364,316,100196,100,99286,100,100494,100,99205,100,100526,100,99158,100,101036,100,99048,100,101383,100,98933,100,101881,100,98636,100,102277,100,98039,100,,,,
2019-06-28 10:05:24.149418880,99902,416,99466,16,100014,230,99364,316,100196,100,99286,100,100494,100,99205,100,100526,100,99158,100,101036,100,99048,100,101383,100,98933,100,101881,100,98636,100,102277,100,98039,100,,,,
2019-06-28 10:05:25.658517974,99466,84,99364,316,99902,416,99286,100,100014,230,99205,100,100196,100,99158,100,100494,100,99048,100,100526,100,98933,100,101036,100,98636,100,101383,100,98039,100,101881,100,,,102277,100,,
2019-06-28 10:05:29.126982000,99466,84,99364,216,99902,416,99286,100,100014,230,99205,100,100196,100,99158,100,100494,100,99048,100,100526,100,98933,100,101036,100,98636,100,101383,100,98039,100,101881,100,,,102277,100,,
2019-06-28 10:05:30.000000000,99466,516,99286,532,99902,200,99205,100,100014,14,99158,100,100196,100,99048,100,100494,100,98933,100,100526,100,98636,100,101036,100,98039,100,101383,100,,,101881,100,,,102277,100,,
2019-06-28 10:05:40.000000000,99466,300,99286,316,99902,416,99205,316,100014,14,99158,100,100196,100,99048,100,100494,100,98933,100,100526,100,98636,100,101036,100,98039,100,101383,100,,,101881,100,,,102277,100,,
2019-06-28 10:05:50.000000000,99466,300,99286,316,99902,416,99205,316,100014,14,99158,100,100196,100,99048,100,100494,100,98933,100,100526,100,98636,100,101036,100,98039,100,101383,100,,,101881,100,,,102277,100,,
2019-06-28 10:06:00.000000000,99466,192,99286,208,99902,308,99205,208,100014,122,99158,208,100196,208,99048,208,100494,100,98933,100,100526,100,98636,100,101036,100,98039,100,101383,100,,,101881,100,,,102277,100,,
2019-06-28 10:06:05.559230031,99466,292,99286,208,99902,308,99205,208,100014,122,99158,208,100196,208,99048,208,100494,100,98933,100,100526,100,98636,100,101036,100,98039,100,101383,100,,,101881,100,,,102277,100,,
2019-06-28 10:06:10.000000000,99466,616,99286,532,99902,200,99205,100,100014,14,99158,100,100196,100,99048,100,100494,100,98933,100,100526,100,98636,100,101036,100,98039,100,101383,100,,,101881,100,,,102277,100,,
2019-06-28 10:06:18.878034644,99466,616,99286,432,99902,200,99205,100,100014,14,99158,100,100196,100,99048,100,100494,100,98933,100,100526,100,98636,100,101036,100,98039,100,101383,100,,,101881,100,,,102277,100,,
2019-06-28 10:06:20.000000000,99466,616,99205,532,99902,200,99158,100,100014,14,99048,100,100196,100,98933,100,100494,100,98636,100,100526,100,98039,100,101036,100,,,101383,100,,,101881,100,,,102277,100,,
2019-06-28 10:06:30.000000000,99466,270,99205,186,99902,286,99158,186,100014,100,99048,186,100196,186,98933,186,100494,186,98636,186,100526,100,98039,100,101036,100,,,101383,100,,,101881,100,,,102277,100,,
2019-06-28 10:06:33.879128718,99364,100,99205,186,99466,270,99158,186,99902,286,99048,186,100014,100,98933,186,100196,186,98636,186,100494,186,98039,100,100526,100,,,101036,100,,,101383,100,,,101881,100,,
2019-06-28 10:06:40.000000000,99364,532,99205,532,99466,184,99158,100,99902,200,99048,100,100014,14,98933,100,100196,100,98636,100,100494,100,98039,100,100526,100,,,101036,100,,,101383,100,,,101881,100,,
2019-06-28 10:06:50.000000000,99364,208,99205,208,99466,292,99158,208,99902,308,99048,208,100014,122,98933,208,100196,100,98636,100,100494,100,98039,100,100526,100,,,101036,100,,,101383,100,,,101881,100,,
2019-06-28 10:06:57.095285298,99364,308,99205,208,99466,292,99158,208,99902,308,99048,208,100014,122,98933,208,100196,100,98636,100,100494,100,98039,100,100526,100,,,101036,100,,,101383,100,,,101881,100,,
2019-06-28 10:07:00.000000000,99364,308,99205,208,99466,292,99158,208,99902,308,99048,208,100014,122,98933,208,100196,100,98636,100,100494,100,98039,100,100526,100,,,101036,100,,,101383,100,,,101881,100,,
2019-06-28 10:07:08.470184186,99364,308,99205,108,99466,292,99158,208,99902,308,99048,208,100014,122,98933,208,100196,100,98636,100,100494,100,98039,100,101036,100,,,101383,100,,,101881,100,,,102277,100,,
2019-06-28 10:07:10.000000000,99364,347,99158,247,99466,327,99048,243,99902,343,98933,243,100014,14,98636,100,100196,100,98039,100,100494,100,,,101036,100,,,101383,100,,,101881,100,,,102277,100,,
2019-06-28 10:07:11.109753780,99364,347,99158,147,99466,327,99048,243,99902,343,98933,243,100014,14,98636,100,100196,100,98039,100,100494,100,,,101036,100,,,101383,100,,,101881,100,,,102277,100,,
2019-06-28 10:07:20.000000000,99364,286,99048,186,99466,270,98933,186,99902,286,98636,186,100014,100,98039,186,100196,186,98038,86,100494,100,,,101036,100,,,101383,100,,,101881,100,,,102277,100,,
