,ask_price_1,ask_size_1,bid_price_1,bid_size_1,ask_price_2,ask_size_2,bid_price_2,bid_size_2,ask_price_3,ask_size_3,bid_price_3,bid_size_3,ask_price_4,ask_size_4,bid_price_4,bid_size_4,ask_price_5,ask_size_5,bid_price_5,bid_size_5,ask_price_6,ask_size_6,bid_price_6,bid_size_6,ask_price_7,ask_size_7,bid_price_7,bid_size_7,ask_price_8,ask_size_8,bid_price_8,bid_size_8,ask_price_9,ask_size_9,bid_price_9,bid_size_9,ask_price_10,ask_size_10,bid_price_10,bid_size_10
2019-06-28 09:30:00.000000000,100085,100,,,,,,,,,,,,,,,,,,,,,,,,,,,,,,,,,,,,,,
2019-06-28 09:30:00.000000001,100085,100,99867,100,100150,100,,,,,,,,,,,,,,,,,,,,,,,,,,,,,,,,,,
2019-06-28 09:30:00.000000005,100075,100,99893,100,100085,100,99867,100,100150,100,,,100178,100,,,,,,,,,,,,,,,,,,,,,,,,,,
2019-06-28 09:30:00.000000006,100075,100,99995,100,100085,100,99893,100,100150,100,99867,100,100178,100,,,,,,,,,,,,,,,,,,,,,,,,,,
2019-06-28 09:30:00.000000008,100075,100,99995,100,100085,100,99990,100,100150,100,99893,100,100178,100,99867,100,,,,,,,,,,,,,,,,,,,,,,,,
2019-06-28 09:30:00.000000009,100075,100,99995,100,100085,100,99990,100,100150,100,99913,100,100178,100,99893,100,,,99867,100,,,,,,,,,,,,,,,,,,,,
2019-06-28 09:30:00.000000010,100075,100,99995,100,100085,100,99990,100,100111,100,99948,100,100150,100,99913,100,100178,100,99893,100,,,99867,100,,,,,,,,,,,,,,,,
2019-06-28 09:30:00.000000013,100075,100,99995,100,100085,100,99990,100,100111,100,99948,100,100150,100,99941,100,100178,100,99913,100,,,99893,100,,,99867,100,,,,,,,,,,,,
2019-06-28 09:30:00.000000015,100059,100,99990,100,100075,100,99948,100,100085,100,99941,100,100111,100,99917,100,100150,100,99913,100,100178,100,99893,100,,,99867,100,,,,,,,,,,,,
2019-06-28 09:30:00.000000018,99962,100,99948,100,100059,100,99941,100,100075,100,99917,100,100085,100,99913,100,100086,100,99893,100,100111,100,99867,100,100150,100,,,100178,100,,,,,,,,,,
2019-06-28 09:30:00.000000019,100059,100,99948,100,100075,100,99941,100,100085,100,99917,100,100086,100,99913,100,100111,100,99893,100,100150,100,99867,100,100178,100,,,,,,,,,,,,,,
2019-06-28 09:30:00.000000020,100059,100,99948,100,100075,100,99941,100,100085,100,99926,100,100086,100,99917,100,100111,100,99913,100,100150,100,99893,100,100178,100,99867,100,,,,,,,,,,,,
2019-06-28 09:30:00.000000022,99990,100,99948,100,100059,100,99941,100,100075,100,99926,100,100085,100,99917,100,100086,100,99913,100,100111,100,99893,100,100150,100,99867,100,100178,100,,,,,,,,,,
2019-06-28 09:30:00.000000023,99990,100,99948,100,100059,100,99941,100,100075,100,99926,100,100085,100,99917,100,100086,100,99913,100,100111,100,99893,100,100150,100,99867,100,100178,100,,,100181,100,,,,,,
2019-06-28 09:30:00.000000025,99990,100,99962,100,100059,100,99948,100,100075,100,99941,100,100085,100,99926,100,100086,100,99917,100,100111,100,99913,100,100150,100,99893,100,100178,100,99867,100,100181,100,,,,,,
2019-06-28 09:30:00.000000028,99990,100,99962,100,100059,100,99948,100,100075,100,99941,100,100085,100,99926,100,100086,100,99917,100,100106,100,99913,100,100111,100,99893,100,100150,100,99867,100,100178,100,,,100181,100,,
2019-06-28 09:30:00.000000029,99990,100,99962,100,100059,100,99948,100,100075,100,99941,100,100085,100,99926,100,100086,100,99917,100,100106,100,99913,100,100111,100,99893,100,100127,100,99867,100,100150,100,,,100178,100,,
2019-06-28 09:30:00.000000033,100059,100,99962,100,100075,100,99948,100,100085,100,99941,100,100086,100,99926,100,100106,100,99917,100,100111,100,99913,100,100127,100,99893,100,100150,100,99867,100,100178,100,99831,100,100181,100,,
2019-06-28 09:30:00.000000035,100059,100,99962,100,100075,100,99948,100,100085,100,99941,100,100086,100,99926,100,100106,100,99917,100,100111,100,99913,100,100127,100,99893,100,100150,100,99867,100,100178,100,99831,100,100181,100,99829,100
2019-06-28 09:30:00.000000037,100059,100,99948,100,100075,100,99941,100,100085,100,99926,100,100086,100,99917,100,100106,100,99913,100,100111,100,99893,100,100127,100,99867,100,100150,100,99831,100,100178,100,99829,100,100181,100,,
2019-06-28 09:30:00.000000043,100059,100,99948,100,100075,100,99941,100,100085,100,99926,100,100086,100,99917,100,100106,100,99913,100,100111,100,99895,100,100127,100,99893,100,100150,100,99867,100,100178,100,99831,100,100181,100,99829,100
2019-06-28 09:30:00.000000045,100059,100,99948,100,100075,100,99941,100,100085,100,99926,100,100086,100,99917,100,100106,100,99913,100,100108,100,99895,100,100111,100,99893,100,100127,100,99867,100,100150,100,99831,100,100178,100,99829,100
2019-06-28 09:30:00.000000049,100059,100,100015,100,100075,100,99948,100,100085,100,99941,100,100086,100,99926,100,100106,100,99917,100,100108,100,99913,100,100111,100,99895,100,100127,100,99893,100,100150,100,99867,100,100178,100,99831,100
2019-06-28 09:30:00.000000050,100059,100,100015,100,100075,100,99948,100,100085,100,99941,100,100086,100,99926,100,100106,100,99917,100,100108,100,99913,100,100111,100,99895,100,100127,100,99893,100,100150,100,99867,100,100178,100,99831,100
2019-06-28 09:30:00.000000051,100059,100,99948,100,100075,100,99941,100,100085,100,99926,100,100086,100,99917,100,100106,100,99913,100,100108,100,99895,100,100111,100,99893,100,100127,100,99867,100,100150,100,99831,100,100178,100,99829,100
2019-06-28 09:30:00.000000053,100059,100,99995,100,100075,100,99948,200,100085,100,99941,100,100086,100,99926,100,100106,100,99917,100,100108,100,99913,100,100111,100,99895,100,100127,100,99893,100,100150,100,99867,100,100178,100,99831,100
2019-06-28 09:30:00.000000054,100050,100,99995,100,100059,100,99948,200,100075,100,99941,100,100085,100,99926,100,100086,100,99917,100,100106,100,99913,100,100108,100,99895,100,100111,100,99893,100,100127,100,99867,100,100150,100,99831,100
2019-06-28 09:30:00.000000056,100050,100,99995,100,100059,100,99978,100,100075,100,99948,200,100085,100,99941,100,100086,100,99926,100,100106,100,99917,100,100108,100,99913,100,100111,100,99895,100,100127,100,99893,100,100150,100,99867,100
2019-06-28 09:30:00.000000057,100050,100,100011,100,100059,100,100009,100,100075,100,99995,100,100085,100,99978,100,100086,100,99948,200,100106,100,99941,100,100108,100,99926,100,100111,100,99917,100,100127,100,99913,100,100150,100,99895,100
2019-06-28 09:30:00.000000060,100050,100,100011,100,100059,100,100009,100,100075,100,99995,100,100085,100,99978,100,100086,100,99948,200,100106,100,99941,100,100108,100,99926,100,100111,100,99917,100,100113,100,99913,100,100127,100,99895,100
2019-06-28 09:30:00.000000061,100050,100,100011,100,100059,100,100009,100,100075,100,99995,100,100085,100,99994,100,100086,100,99978,100,100106,100,99948,200,100108,100,99941,100,100111,100,99926,100,100113,100,99917,100,100127,100,99913,100
2019-06-28 09:30:00.000000062,100015,100,100011,100,100050,100,100009,100,100059,100,99995,100,100075,100,99994,100,100085,100,99978,100,100086,100,99948,200,100106,100,99941,100,100108,100,99926,100,100111,100,99917,100,100113,100,99913,100
2019-06-28 09:30:00.000000065,100050,100,100011,100,100059,100,100009,100,100075,100,99995,100,100085,100,99994,100,100086,100,99978,100,100106,100,99948,200,100108,100,99941,100,100111,100,99926,100,100113,100,99917,100,100127,100,99913,100
2019-06-28 09:30:00.000000066,100050,100,100011,100,100059,100,100009,100,100075,100,99995,100,100085,100,99994,100,100086,200,99978,100,100106,100,99948,200,100108,100,99941,100,100111,100,99926,100,100113,100,99917,100,100127,100,99913,100
2019-06-28 09:30:00.000000068,100032,100,100011,100,100050,100,100009,100,100059,100,99995,100,100075,100,99994,100,100085,100,99978,100,100086,200,99948,200,100106,100,99941,100,100108,100,99926,100,100111,100,99917,100,100113,100,99913,100
2019-06-28 09:30:00.000000071,100050,100,100011,100,100059,100,100009,100,100075,100,99995,100,100085,100,99994,100,100086,200,99978,100,100106,100,99948,200,100108,100,99941,100,100111,100,99926,100,100113,100,99917,100,100127,100,99913,100
2019-06-28 09:30:00.000000073,100050,100,100011,100,100051,100,100009,100,100059,100,99995,100,100075,100,99994,100,100085,100,99978,100,100086,200,99948,200,100106,100,99941,100,100108,100,99926,100,100111,100,99917,100,100113,100,99913,100
2019-06-28 09:30:00.000000077,100032,100,100011,100,100050,100,100009,100,100051,100,99995,100,100059,100,99994,100,100075,100,99978,100,100076,100,99948,200,100085,100,99941,100,100086,200,99926,100,100106,100,99917,100,100108,100,99913,100
2019-06-28 09:30:00.000000079,100032,100,100009,100,100050,100,99995,100,100051,100,99994,100,100059,100,99978,100,100075,100,99948,200,100076,100,99941,100,100085,100,99926,100,100086,200,99917,100,100106,100,99913,100,100108,100,99895,100
2019-06-28 09:30:00.000000083,100023,100,100009,100,100032,100,99995,100,100050,100,99994,100,100051,100,99985,100,100059,100,99978,100,100075,100,99948,200,100076,100,99941,100,100085,100,99926,100,100086,200,99917,100,100106,100,99913,100
2019-06-28 09:30:00.000000087,100023,100,100009,100,100032,100,99995,100,100050,100,99994,100,100051,100,99985,100,100059,100,99978,100,100075,100,99948,200,100076,100,99946,100,100085,100,99941,100,100086,200,99926,100,100106,100,99917,100
2019-06-28 09:30:00.000000091,100023,100,100009,100,100032,100,99995,100,100050,100,99994,100,100051,100,99985,100,100059,100,99978,100,100075,100,99948,200,100076,100,99946,100,100085,100,99941,100,100086,200,99940,100,100106,100,99926,100
2019-06-28 09:30:00.000000092,100023,100,100009,100,100031,100,99995,100,100032,100,99994,100,100050,100,99985,100,100051,100,99978,100,100059,100,99948,200,100075,100,99946,100,100076,100,99941,100,100085,100,99940,100,100086,200,99926,100
2019-06-28 09:30:00.000000093,100023,100,100009,100,100031,100,99995,100,100032,100,99994,100,100050,100,99985,100,100051,100,99978,100,100059,100,99948,200,100075,100,99946,100,100076,100,99941,100,100085,100,99940,100,100086,200,99926,100
2019-06-28 09:30:00.000000095,100023,100,100009,100,100031,100,99995,100,100032,100,99994,100,100050,100,99985,100,100051,100,99978,100,100059,100,99948,200,100075,100,99946,100,100076,100,99941,100,100085,100,99940,100,100086,200,99926,100
2019-06-28 09:30:00.000000096,100023,100,100009,100,100031,100,99995,100,100032,100,99994,100,100050,100,99985,100,100051,100,99978,100,100059,100,99948,200,100075,100,99946,100,100076,100,99941,100,100085,100,99940,100,100086,200,99926,100
2019-06-28 09:30:00.000000098,100023,100,100021,100,100031,100,100009,100,100032,100,99995,100,100050,100,99994,100,100051,100,99985,100,100059,100,99978,100,100075,100,99948,200,100076,100,99946,100,100085,100,99941,100,100086,200,99940,100
2019-06-28 09:30:10.000000000,100023,258,100021,258,100031,258,100009,258,100032,100,99995,100,100050,100,99994,100,100051,100,99985,100,100059,100,99978,100,100075,100,99948,200,100076,100,99946,100,100085,100,99941,100,100086,200,99940,100
2019-06-28 09:30:16.014854718,100023,258,100021,158,100031,258,100009,258,100032,100,99995,100,100050,100,99994,100,100051,100,99985,100,100059,100,99978,100,100075,100,99948,200,100076,100,99946,100,100085,100,99941,100,100086,200,99940,100
2019-06-28 09:30:20.000000000,100023,163,100009,163,100031,163,99995,163,100032,163,99994,163,100050,163,99985,163,100051,163,99978,163,100059,100,99948,200,100075,100,99946,100,100076,100,99941,100,100085,100,99940,100,100086,200,99926,100
2019-06-28 09:30:21.967757228,100023,163,100009,163,100031,163,99995,163,100032,163,99994,163,100050,163,99985,163,100051,163,99978,163,100059,100,99948,200,100075,100,99946,100,100076,100,99941,100,100085,100,99940,100,100086,200,99926,100
2019-06-28 09:30:23.191886910,100023,63,100009,63,100031,163,99995,163,100032,163,99994,163,100050,163,99985,163,100051,163,99978,163,100059,100,99948,200,100075,100,99946,100,100076,100,99941,100,100085,100,99940,100,100086,200,99926,100
2019-06-28 09:30:30.000000000,100031,416,99995,416,100032,100,99994,100,100050,100,99985,100,100051,100,99978,100,100059,100,99948,200,100075,100,99946,100,100076,100,99941,100,100085,100,99940,100,100086,200,99926,100,100106,100,99925,100
2019-06-28 09:30:38.154911512,100031,416,99995,316,100032,100,99994,100,100050,100,99985,100,100051,100,99978,100,100059,100,99948,200,100075,100,99946,100,100076,100,99941,100,100085,100,99940,100,100086,100,99926,100,100106,100,99925,100
2019-06-28 09:30:39.711816603,100029,100,99995,316,100031,416,99994,100,100032,100,99985,100,100050,100,99978,100,100051,100,99948,200,100059,100,99946,100,100075,100,99941,100,100076,100,99940,100,100085,100,99926,100,100086,100,99925,100
2019-06-28 09:30:40.000000000,100029,258,99994,258,100031,258,99985,258,100032,100,99978,100,100050,100,99948,200,100051,100,99946,100,100059,100,99941,100,100075,100,99940,100,100076,100,99926,100,100085,100,99925,100,100086,100,99918,100
2019-06-28 09:30:50.000000000,100029,258,99994,258,100031,258,99985,258,100032,100,99978,100,100050,100,99948,200,100051,100,99946,100,100059,100,99941,100,100075,100,99940,100,100076,100,99926,100,100085,100,99925,100,100086,100,99918,100
2019-06-28 09:31:00.000000000,100029,416,99994,416,100031,100,99985,100,100032,100,99978,100,100050,100,99948,200,100051,100,99946,100,100059,100,99941,100,100075,100,99940,100,100076,100,99926,100,100085,100,99925,100,100086,100,99918,100
2019-06-28 09:31:10.000000000,100029,179,99994,179,100031,179,99985,179,100032,179,99978,179,100050,179,99948,279,100051,100,99946,100,100059,100,99941,100,100075,100,99940,100,100076,100,99926,100,100085,100,99925,100,100086,100,99918,100
2019-06-28 09:31:20.000000000,100029,179,99994,179,100031,179,99985,179,100032,179,99978,179,100050,179,99948,279,100051,100,99946,100,100059,100,99941,100,100075,100,99940,100,100076,100,99926,100,100085,100,99925,100,100086,100,99918,100
2019-06-28 09:31:30.000000000,100029,207,99994,207,100031,204,99985,204,100032,204,99978,204,100050,100,99948,200,100051,100,99946,100,100059,100,99941,100,100075,100,99940,100,100076,100,99926,100,100085,100,99925,100,100086,100,99918,100
2019-06-28 09:31:37.153542366,100029,207,99994,207,100031,204,99985,204,100032,204,99978,204,100050,100,99948,200,100051,100,99946,100,100059,100,99941,100,100075,100,99940,100,100076,100,99926,100,100085,100,99925,100,100086,100,99918,100
2019-06-28 09:31:40.000000000,100029,258,99994,258,100031,258,99985,258,100032,100,99978,100,100050,100,99948,200,100051,100,99946,100,100059,100,99941,100,100075,100,99940,100,100076,100,99926,100,100085,100,99925,100,100086,100,99918,100
2019-06-28 09:31:49.283598166,100029,258,99994,158,100031,258,99985,258,100032,100,99978,100,100050,100,99948,200,100051,100,99946,100,100059,100,99941,100,100075,100,99940,100,100076,100,99926,100,100085,100,99925,100,100086,100,99918,100
2019-06-28 09:31:50.000000000,100029,258,99985,258,100031,258,99978,258,100032,100,99948,200,100050,100,99946,100,100051,100,99941,100,100059,100,99940,100,100075,100,99926,100,100076,100,99925,100,100085,100,99918,100,100086,100,99917,100
2019-06-28 09:32:00.000000000,100029,179,99985,179,100031,179,99978,179,100032,179,99948,279,100050,179,99946,179,100051,100,99941,100,100059,100,99940,100,100075,100,99926,100,100076,100,99925,100,100085,100,99918,100,100086,100,99917,100
2019-06-28 09:32:10.000000000,100029,179,99985,179,100031,179,99978,179,100032,179,99948,279,100050,179,99946,179,100051,100,99941,100,100059,100,99940,100,100075,100,99926,100,100076,100,99925,100,100085,100,99918,100,100086,100,99917,100
2019-06-28 09:32:20.000000000,100029,258,99985,258,100031,258,99978,258,100032,100,99948,200,100050,100,99946,100,100051,100,99941,100,100059,100,99940,100,100075,100,99926,100,100076,100,99925,100,100085,100,99918,100,100086,100,99917,100
2019-06-28 09:32:30.000000000,100029,207,99985,207,100031,204,99978,204,100032,204,99948,304,100050,100,99946,100,100051,100,99941,100,100059,100,99940,100,100075,100,99926,100,100076,100,99925,100,100085,100,99918,100,100086,100,99917,100
2019-06-28 09:32:40.000000000,100029,179,99985,179,100031,179,99978,179,100032,179,99948,279,100050,179,99946,179,100051,100,99941,100,100059,100,99940,100,100075,100,99926,100,100076,100,99925,100,100085,100,99918,100,100086,100,99917,100
2019-06-28 09:32:50.000000000,100029,258,99985,258,100031,258,99978,258,100032,100,99948,200,100050,100,99946,100,100051,100,99941,100,100059,100,99940,100,100075,100,99926,100,100076,100,99925,100,100085,100,99918,100,100086,100,99917,100
2019-06-28 09:33:00.000000000,100029,207,99985,207,100031,204,99978,204,100032,204,99948,304,100050,100,99946,100,100051,100,99941,100,100059,100,99940,100,100075,100,99926,100,100076,100,99925,100,100085,100,99918,100,100086,100,99917,100
2019-06-28 09:33:10.000000000,100029,179,99985,179,100031,179,99978,179,100032,179,99948,279,100050,179,99946,179,100051,100,99941,100,100059,100,99940,100,100075,100,99926,100,100076,100,99925,100,100085,100,99918,100,100086,100,99917,100
2019-06-28 09:33:10.431979963,100029,179,99985,79,100031,179,99978,179,100032,179,99948,279,100050,179,99946,179,100051,100,99941,100,100059,100,99940,100,100075,100,99926,100,100076,100,99925,100,100085,100,99918,100,100086,100,99917,100
2019-06-28 09:33:20.000000000,100029,163,99978,163,100031,163,99948,263,100032,163,99946,163,100050,163,99941,163,100051,163,99940,163,100059,100,99926,100,100075,100,99925,100,100076,100,99918,100,100085,100,99917,100,100086,100,99913,100
2019-06-28 09:33:28.172185066,99994,100,99978,163,100029,163,99948,263,100031,63,99946,163,100032,163,99941,163,100050,163,99940,163,100051,163,99926,100,100059,100,99925,100,100075,100,99918,100,100076,100,99917,100,100085,100,99913,100
2019-06-28 09:33:30.000000000,99994,163,99978,163,100029,163,99948,263,100032,163,99946,163,100050,163,99941,163,100051,163,99940,163,100059,100,99926,100,100075,100,99925,100,100076,100,99918,100,100085,100,99917,100,100086,100,99913,100
2019-06-28 09:33:35.475006093,99994,163,99978,63,100029,163,99948,263,100032,163,99946,163,100050,163,99941,163,100051,163,99940,163,100059,100,99926,100,100075,100,99925,100,100076,100,99918,100,100085,100,99917,100,100086,100,99913,100
2019-06-28 09:33:40.000000000,99994,416,99948,516,100029,100,99946,100,100032,100,99941,100,100050,100,99940,100,100051,100,99926,100,100059,100,99925,100,100075,100,99918,100,100076,100,99917,100,100085,100,99913,100,100086,100,99895,100
2019-06-28 09:33:50.000000000,99994,416,99948,516,100029,100,99946,100,100032,100,99941,100,100050,100,99940,100,100051,100,99926,100,100059,100,99925,100,100075,100,99918,100,100076,100,99917,100,100085,100,99913,100,100086,100,99895,100
2019-06-28 09:33:54.471303132,99994,416,99948,516,100005,100,99946,100,100029,100,99941,100,100032,100,99940,100,100050,100,99926,100,100051,100,99918,100,100059,100,99917,100,100075,100,99913,100,100076,100,99895,100,100085,100,99893,100
2019-06-28 09:33:59.384711160,99994,416,99948,416,100005,100,99946,100,100029,100,99941,100,100032,100,99940,100,100050,100,99926,100,100051,100,99918,100,100059,100,99917,100,100075,100,99913,100,100076,100,99895,100,100085,100,99893,100
2019-06-28 09:34:00.000000000,99994,416,99948,416,100005,100,99946,100,100029,100,99941,100,100032,100,99940,100,100050,100,99926,100,100051,100,99918,100,100059,100,99917,100,100075,100,99913,100,100076,100,99895,100,100085,100,99893,100
2019-06-28 09:34:10.000000000,99994,163,99948,163,100005,163,99946,163,100029,163,99941,163,100032,163,99940,163,100050,163,99926,163,100051,100,99918,100,100059,100,99917,100,100075,100,99913,100,100076,100,99895,100,100085,100,99893,100
2019-06-28 09:34:15.249044909,99994,163,99979,100,100005,163,99948,163,100029,163,99946,163,100032,163,99941,163,100050,163,99940,163,100051,100,99926,163,100059,100,99918,100,100075,100,99917,100,100076,100,99913,100,100085,100,99895,100
2019-06-28 09:34:20.000000000,99994,207,99979,207,100005,204,99948,204,100029,204,99946,204,100032,100,99941,100,100050,100,99940,100,100051,100,99926,100,100059,100,99918,100,100075,100,99917,100,100076,100,99913,100,100085,100,99895,100
2019-06-28 09:34:29.183043126,99994,207,99979,107,100005,204,99948,204,100029,204,99946,204,100032,100,99941,100,100050,100,99940,100,100051,100,99926,100,100059,100,99918,100,100075,100,99917,100,100076,100,99913,100,100085,100,99895,100
2019-06-28 09:34:30.000000000,99994,179,99948,179,100005,179,99946,179,100029,179,99941,179,100032,179,99940,179,100050,100,99926,100,100051,100,99918,100,100059,100,99917,100,100075,100,99913,100,100076,100,99895,100,100085,100,99893,100
2019-06-28 09:34:40.000000000,99994,179,99948,179,100005,179,99946,179,100029,179,99941,179,100032,179,99940,179,100050,100,99926,100,100051,100,99918,100,100059,100,99917,100,100075,100,99913,100,100076,100,99895,100,100085,100,99893,100
2019-06-28 09:34:50.000000000,99994,258,99948,258,100005,258,99946,258,100029,100,99941,100,100032,100,99940,100,100050,100,99926,100,100051,100,99918,100,100059,100,99917,100,100075,100,99913,100,100076,100,99895,100,100085,100,99893,100
2019-06-28 09:35:00.000000000,99994,163,99948,163,100005,163,99946,163,100029,163,99941,163,100032,163,99940,163,100050,163,99926,163,100051,100,99918,100,100059,100,99917,100,100075,100,99913,100,100076,100,99895,100,100085,100,99893,100
2019-06-28 09:35:10.000000000,99994,163,99948,163,100005,163,99946,163,100029,163,99941,163,100032,163,99940,163,100050,163,99926,163,100051,100,99918,100,100059,100,99917,100,100075,100,99913,100,100076,100,99895,100,100085,100,99893,100
2019-06-28 09:35:20.000000000,99994,163,99948,163,100005,163,99946,163,100029,163,99941,163,100032,163,99940,163,100050,163,99926,163,100051,100,99918,100,100059,100,99917,100,100075,100,99913,100,100076,100,99895,100,100085,100,99893,100
2019-06-28 09:35:22.958543900,99994,163,99948,163,100005,163,99946,163,100029,163,99941,163,100032,163,99940,163,100050,163,99926,163,100051,100,99918,100,100059,100,99917,100,100075,100,99913,100,100076,100,99895,100,100085,100,99893,100
2019-06-28 09:35:30.000000000,99994,416,99948,416,100005,100,99946,100,100029,100,99941,100,100032,100,99940,100,100050,100,99926,100,100051,100,99918,100,100059,100,99917,100,100075,100,99913,100,100076,100,99895,100,100085,100,99893,100
2019-06-28 09:35:35.881876733,99994,416,99948,416,100005,100,99946,100,100029,100,99941,100,100032,100,99940,100,100050,100,99926,100,100051,100,99918,100,100059,100,99917,100,100075,100,99913,100,100076,100,99895,100,100085,100,99893,100
2019-06-28 09:35:37.606276361,99994,416,99948,416,100005,100,99946,100,100029,100,99941,100,100032,100,99940,100,100050,100,99926,100,100051,100,99918,100,100059,100,99917,100,100075,100,99913,100,100076,100,99895,100,100085,100,99893,100
2019-06-28 09:35:37.832362442,99994,416,99948,416,100005,100,99946,100,100029,100,99941,100,100050,100,99940,100,100051,100,99926,100,100059,100,99918,100,100075,100,99917,100,100076,100,99913,100,100085,100,99895,100,100086,100,99893,100
2019-06-28 09:35:40.000000000,99994,416,99948,416,100005,100,99946,100,100029,100,99941,100,100050,100,99940,100,100051,100,99926,100,100059,100,99918,100,100075,100,99917,100,100076,100,99913,100,100085,100,99895,100,100086,100,99893,100
2019-06-28 09:35:50.000000000,99994,258,99948,258,100005,258,99946,258,100029,100,99941,100,100050,100,99940,100,100051,100,99926,100,100059,100,99918,100,100075,100,99917,100,100076,100,99913,100,100085,100,99895,100,100086,100,99893,100
2019-06-28 09:36:00.000000000,99994,179,99948,179,100005,179,99946,179,100029,179,99941,179,100050,179,99940,179,100051,100,99926,100,100059,100,99918,100,100075,100,99917,100,100076,100,99913,100,100085,100,99895,100,100086,100,99893,100
2019-06-28 09:36:01.458880546,99994,179,99980,100,100005,179,99948,179,100029,179,99946,179,100050,179,99941,179,100051,100,99940,179,100059,100,99926,100,100075,100,99918,100,100076,100,99917,100,100085,100,99913,100,100086,100,99895,100
2019-06-28 09:36:02.871802777,99994,179,99980,100,100005,179,99948,179,100029,179,99946,179,100050,179,99941,179,100051,100,99940,179,100059,100,99918,100,100075,100,99917,100,100076,100,99913,100,100085,100,99895,100,100086,100,99893,100
2019-06-28 09:36:10.000000000,99994,416,99980,416,100005,100,99948,100,100029,100,99946,100,100050,100,99941,100,100051,100,99940,100,100059,100,99918,100,100075,100,99917,100,100076,100,99913,100,100085,100,99895,100,100086,100,99893,100
2019-06-28 09:36:17.511520121,99994,416,99980,416,100005,100,99948,100,100029,100,99946,100,100050,100,99941,100,100051,100,99940,100,100059,100,99918,100,100075,100,99917,100,100076,100,99913,100,100085,100,99895,100,100086,100,99893,100
2019-06-28 09:36:20.000000000,99994,416,99980,416,100005,100,99948,100,100029,100,99946,100,100050,100,99941,100,100051,100,99940,100,100059,100,99918,100,100075,100,99917,100,100076,100,99913,100,100085,100,99895,100,100086,100,99893,100
2019-06-28 09:36:30.000000000,99994,179,99980,179,100005,179,99948,179,100029,179,99946,179,100050,179,99941,179,100051,100,99940,100,100059,100,99918,100,100075,100,99917,100,100076,100,99913,100,100085,100,99895,100,100086,100,99893,100
2019-06-28 09:36:30.999747014,99994,179,99980,79,100005,179,99948,179,100029,179,99946,179,100050,179,99941,179,100051,100,99940,100,100059,100,99918,100,100075,100,99917,100,100076,100,99913,100,100085,100,99895,100,100086,100,99893,100
2019-06-28 09:36:40.000000000,99994,163,99948,163,100005,163,99946,163,100029,163,99941,163,100050,163,99940,163,100051,163,99918,163,100059,100,99917,100,100075,100,99913,100,100076,100,99895,100,100085,100,99893,100,100086,100,99831,100
2019-06-28 09:36:47.412731531,99994,63,99948,163,100005,163,99946,163,100029,163,99941,163,100050,163,99940,163,100051,163,99918,163,100059,100,99917,100,100075,100,99913,100,100076,100,99895,100,100085,100,99893,100,100086,100,99831,100
2019-06-28 09:36:50.000000000,100005,179,99948,179,100029,179,99946,179,100050,179,99941,179,100051,179,99940,179,100059,100,99918,100,100075,100,99917,100,100076,100,99913,100,100085,100,99895,100,100086,100,99893,100,100106,100,99831,100
2019-06-28 09:36:56.396749093,100005,179,99948,179,100029,179,99946,179,100050,179,99941,179,100051,179,99940,179,100059,100,99918,100,100075,100,99917,100,100076,100,99913,100,100085,100,99895,100,100086,100,99893,100,100106,100,99831,100
2019-06-28 09:37:00.000000000,100005,207,99948,207,100029,204,99946,204,100050,204,99941,204,100051,100,99940,100,100059,100,99918,100,100075,100,99917,100,100076,100,99913,100,100085,100,99895,100,100086,100,99893,100,100106,100,99831,100
2019-06-28 09:37:10.000000000,100005,163,99948,163,100029,163,99946,163,100050,163,99941,163,100051,163,99940,163,100059,163,99918,163,100075,100,99917,100,100076,100,99913,100,100085,100,99895,100,100086,100,99893,100,100106,100,99831,100
2019-06-28 09:37:13.372080935,100005,163,99948,163,100029,163,99946,163,100050,63,99941,163,100051,163,99940,163,100059,163,99918,163,100075,100,99917,100,100076,100,99913,100,100085,100,99895,100,100086,100,99893,100,100106,100,99831,100
2019-06-28 09:37:20.000000000,100005,258,99948,258,100029,258,99946,258,100051,100,99941,100,100059,100,99940,100,100075,100,99918,100,100076,100,99917,100,100085,100,99913,100,100086,100,99895,100,100106,100,99893,100,100111,100,99831,100
2019-06-28 09:37:30.000000000,100005,416,99948,416,100029,100,99946,100,100051,100,99941,100,100059,100,99940,100,100075,100,99918,100,100076,100,99917,100,100085,100,99913,100,100086,100,99895,100,100106,100,99893,100,100111,100,99831,100
2019-06-28 09:37:40.000000000,100005,163,99948,163,100029,163,99946,163,100051,163,99941,163,100059,163,99940,163,100075,163,99918,163,100076,100,99917,100,100085,100,99913,100,100086,100,99895,100,100106,100,99893,100,100111,100,99831,100
2019-06-28 09:37:43.719522855,100005,163,99948,163,100029,163,99946,163,100051,163,99941,163,100059,163,99940,163,100075,163,99918,163,100076,100,99917,100,100085,100,99913,100,100086,100,99895,100,100106,100,99893,100,100111,100,99831,100
2019-06-28 09:37:50.000000000,100005,163,99948,163,100029,163,99946,163,100051,163,99941,163,100059,163,99940,163,100075,163,99918,163,100076,100,99917,100,100085,100,99913,100,100086,100,99895,100,100106,100,99893,100,100111,100,99831,100
2019-06-28 09:37:51.016803664,100005,163,99948,63,100029,163,99946,163,100051,163,99941,163,100059,163,99940,163,100075,163,99918,163,100076,100,99917,100,100085,100,99913,100,100086,100,99895,100,100106,100,99893,100,100111,100,99831,100
2019-06-28 09:38:00.000000000,100005,163,99946,163,100029,163,99941,163,100051,163,99940,163,100059,163,99918,163,100075,163,99917,163,100076,100,99913,100,100085,100,99895,100,100086,100,99893,100,100106,100,99831,100,100111,100,99829,100
2019-06-28 09:38:10.000000000,100005,207,99946,207,100029,204,99941,204,100051,204,99940,204,100059,100,99918,100,100075,100,99917,100,100076,100,99913,100,100085,100,99895,100,100086,100,99893,100,100106,100,99831,100,100111,100,99829,100
2019-06-28 09:38:14.588893761,100005,207,99946,207,100029,204,99941,204,100051,204,99940,204,100059,100,99918,100,100075,100,99917,100,100076,100,99913,100,100085,100,99900,100,100086,100,99895,100,100106,100,99893,100,100111,100,99831,100
2019-06-28 09:38:17.619258565,100005,207,99946,207,100029,204,99941,204,100039,100,99940,204,100051,204,99918,100,100059,100,99917,100,100075,100,99913,100,100076,100,99900,100,100085,100,99895,100,100086,100,99893,100,100106,100,99831,100
2019-06-28 09:38:20.000000000,100005,207,99946,207,100029,204,99941,204,100039,204,99940,204,100051,100,99918,100,100059,100,99917,100,100075,100,99913,100,100076,100,99900,100,100085,100,99895,100,100086,100,99893,100,100106,100,99831,100
2019-06-28 09:38:30.000000000,100005,207,99946,207,100029,204,99941,204,100039,204,99940,204,100051,100,99918,100,100059,100,99917,100,100075,100,99913,100,100076,100,99900,100,100085,100,99895,100,100086,100,99893,100,100106,100,99831,100
2019-06-28 09:38:40.000000000,100005,179,99946,179,100029,179,99941,179,100039,179,99940,179,100051,179,99918,179,100059,100,99917,100,100075,100,99913,100,100076,100,99900,100,100085,100,99895,100,100086,100,99893,100,100106,100,99831,100
2019-06-28 09:38:42.718961256,100005,179,99946,179,100029,179,99941,179,100039,179,99940,179,100051,179,99918,179,100059,100,99917,100,100075,100,99913,100,100076,100,99900,100,100085,100,99895,100,100086,100,99893,100,100106,100,99831,100
2019-06-28 09:38:50.000000000,100005,163,99946,163,100029,163,99941,163,100039,163,99940,163,100051,163,99918,163,100059,163,99917,163,100075,100,99913,100,100076,100,99900,100,100085,100,99895,100,100086,100,99893,100,100106,100,99831,100
2019-06-28 09:39:00.000000000,100005,163,99946,163,100029,163,99941,163,100039,163,99940,163,100051,163,99918,163,100059,163,99917,163,100075,100,99913,100,100076,100,99900,100,100085,100,99895,100,100086,100,99893,100,100106,100,99831,100
2019-06-28 09:39:10.000000000,100005,258,99946,258,100029,258,99941,258,100039,100,99940,100,100051,100,99918,100,100059,100,99917,100,100075,100,99913,100,100076,100,99900,100,100085,100,99895,100,100086,100,99893,100,100106,100,99831,100
2019-06-28 09:39:20.000000000,100005,207,99946,207,100029,204,99941,204,100039,204,99940,204,100051,100,99918,100,100059,100,99917,100,100075,100,99913,100,100076,100,99900,100,100085,100,99895,100,100086,100,99893,100,100106,100,99831,100
2019-06-28 09:39:30.000000000,100005,163,99946,163,100029,163,99941,163,100039,163,99940,163,100051,163,99918,163,100059,163,99917,163,100075,100,99913,100,100076,100,99900,100,100085,100,99895,100,100086,100,99893,100,100106,100,99831,100
2019-06-28 09:39:40.000000000,100005,179,99946,179,100029,179,99941,179,100039,179,99940,179,100051,179,99918,179,100059,100,99917,100,100075,100,99913,100,100076,100,99900,100,100085,100,99895,100,100086,100,99893,100,100106,100,99831,100
2019-06-28 09:39:50.000000000,100005,179,99946,179,100029,179,99941,179,100039,179,99940,179,100051,179,99918,179,100059,100,99917,100,100075,100,99913,100,100076,100,99900,100,100085,100,99895,100,100086,100,99893,100,100106,100,99831,100
2019-06-28 09:39:53.855783005,99993,100,99946,179,100005,179,99941,179,100029,179,99940,179,100039,179,99918,179,100051,179,99917,100,100059,100,99913,100,100075,100,99900,100,100076,100,99895,100,100085,100,99893,100,100086,100,99831,100
2019-06-28 09:40:00.000000000,99993,207,99946,207,100005,204,99941,204,100029,204,99940,204,100039,100,99918,100,100051,100,99917,100,100059,100,99913,100,100075,100,99900,100,100076,100,99895,100,100085,100,99893,100,100086,100,99831,100
2019-06-28 09:40:05.077234659,99993,207,99949,100,100005,204,99946,207,100029,204,99941,204,100039,100,99940,204,100051,100,99918,100,100059,100,99917,100,100075,100,99913,100,100076,100,99900,100,100086,100,99895,100,100106,100,99893,100
2019-06-28 09:40:10.000000000,99993,207,99949,207,100005,204,99946,204,100029,204,99941,204,100039,100,99940,100,100051,100,99918,100,100059,100,99917,100,100075,100,99913,100,100076,100,99900,100,100086,100,99895,100,100106,100,99893,100
2019-06-28 09:40:17.824907419,99993,207,99949,207,100005,204,99946,204,100029,204,99941,204,100039,100,99940,100,100051,100,99921,100,100059,100,99918,100,100075,100,99917,100,100076,100,99913,100,100086,100,99900,100,100106,100,99895,100
2019-06-28 09:40:20.000000000,99993,179,99949,179,100005,179,99946,179,100029,179,99941,179,100039,179,99940,179,100051,100,99921,100,100059,100,99918,100,100075,100,99917,100,100076,100,99913,100,100086,100,99900,100,100106,100,99895,100
2019-06-28 09:40:26.936111616,99993,179,99949,79,100005,179,99946,179,100029,179,99941,179,100039,179,99940,179,100051,100,99921,100,100059,100,99918,100,100075,100,99917,100,100076,100,99913,100,100086,100,99900,100,100106,100,99895,100
2019-06-28 09:40:30.000000000,99993,416,99946,416,100005,100,99941,100,100029,100,99940,100,100039,100,99921,100,100051,100,99918,100,100059,100,99917,100,100075,100,99913,100,100076,100,99900,100,100086,100,99895,100,100106,100,99893,100
2019-06-28 09:40:40.000000000,99993,416,99946,416,100005,100,99941,100,100029,100,99940,100,100039,100,99921,100,100051,100,99918,100,100059,100,99917,100,100075,100,99913,100,100076,100,99900,100,100086,100,99895,100,100106,100,99893,100
2019-06-28 09:40:50.000000000,99993,258,99946,258,100005,258,99941,258,100029,100,99940,100,100039,100,99921,100,100051,100,99918,100,100059,100,99917,100,100075,100,99913,100,100076,100,99900,100,100086,100,99895,100,100106,100,99893,100
2019-06-28 09:40:52.817839168,99993,258,99946,258,100005,258,99941,258,100029,100,99940,100,100039,100,99921,100,100051,100,99918,100,100059,100,99917,100,100075,100,99913,100,100076,100,99900,100,100086,100,99895,100,100106,100,99893,100
2019-06-28 09:41:00.000000000,99993,258,99946,258,100005,258,99941,258,100029,100,99940,100,100039,100,99921,100,100051,100,99918,100,100059,100,99917,100,100075,100,99913,100,100076,100,99900,100,100086,100,99895,100,100106,100,99893,100
2019-06-28 09:41:06.575864084,99990,100,99946,258,99993,258,99941,258,100005,258,99940,100,100029,100,99921,100,100039,100,99918,100,100051,100,99913,100,100059,100,99900,100,100075,100,99895,100,100076,100,99893,100,100086,100,99856,100
2019-06-28 09:41:10.000000000,99990,163,99946,163,99993,163,99941,163,100005,163,99940,163,100029,163,99921,163,100039,163,99918,163,100051,100,99913,100,100059,100,99900,100,100075,100,99895,100,100076,100,99893,100,100086,100,99856,100
2019-06-28 09:41:10.645063252,99990,163,99985,100,99993,163,99946,163,100005,163,99941,163,100029,163,99940,163,100039,163,99921,163,100051,100,99918,63,100059,100,99913,100,100075,100,99900,100,100076,100,99895,100,100086,100,99893,100
2019-06-28 09:41:20.000000000,99990,163,99985,163,99993,163,99946,163,100005,163,99941,163,100029,163,99940,163,100039,163,99921,163,100051,100,99913,100,100059,100,99900,100,100075,100,99895,100,100076,100,99893,100,100086,100,99856,100
2019-06-28 09:41:29.083853851,99990,163,99985,163,99993,163,99949,100,100005,163,99946,163,100029,163,99941,163,100039,163,99940,163,100051,100,99921,163,100059,100,99913,100,100075,100,99900,100,100076,100,99895,100,100086,100,99893,100
2019-06-28 09:41:30.000000000,99990,207,99985,207,99993,204,99949,204,100005,204,99946,204,100029,100,99941,100,100039,100,99940,100,100051,100,99921,100,100059,100,99913,100,100075,100,99900,100,100076,100,99895,100,100086,100,99893,100
2019-06-28 09:41:33.261402149,99990,207,99985,207,99993,204,99949,204,100005,204,99946,204,100029,100,99941,100,100039,100,99940,100,100046,100,99921,100,100051,100,99913,100,100059,100,99900,100,100075,100,99895,100,100076,100,99893,100
2019-06-28 09:41:40.000000000,99990,207,99985,207,99993,204,99949,204,100005,204,99946,204,100029,100,99941,100,100039,100,99940,100,100046,100,99921,100,100051,100,99913,100,100059,100,99900,100,100075,100,99895,100,100076,100,99893,100
2019-06-28 09:41:50.000000000,99990,207,99985,207,99993,204,99949,204,100005,204,99946,204,100029,100,99941,100,100039,100,99940,100,100046,100,99921,100,100051,100,99913,100,100059,100,99900,100,100075,100,99895,100,100076,100,99893,100
2019-06-28 09:41:54.829239092,99990,207,99985,207,99993,204,99949,204,100005,204,99946,204,100029,100,99941,100,100039,100,99940,100,100046,100,99921,100,100051,100,99913,100,100059,100,99900,100,100075,100,99895,100,100076,100,99893,100
2019-06-28 09:42:00.000000000,99990,258,99985,258,99993,258,99949,258,100005,100,99946,100,100029,100,99941,100,100039,100,99940,100,100046,100,99921,100,100051,100,99913,100,100059,100,99900,100,100075,100,99895,100,100076,100,99893,100
2019-06-28 09:42:10.000000000,99990,258,99985,258,99993,258,99949,258,100005,100,99946,100,100029,100,99941,100,100039,100,99940,100,100046,100,99921,100,100051,100,99913,100,100059,100,99900,100,100075,100,99895,100,100076,100,99893,100
2019-06-28 09:42:12.752854846,99990,258,99985,258,99993,258,99949,258,100005,100,99946,100,100029,100,99941,100,100039,100,99940,100,100046,100,99913,100,100051,100,99900,100,100059,100,99895,100,100075,100,99893,100,100076,100,99856,100
2019-06-28 09:42:20.000000000,99990,163,99985,163,99993,163,99949,163,100005,163,99946,163,100029,163,99941,163,100039,163,99940,163,100046,100,99913,100,100051,100,99900,100,100059,100,99895,100,100075,100,99893,100,100076,100,99856,100
2019-06-28 09:42:30.000000000,99990,416,99985,416,99993,100,99949,100,100005,100,99946,100,100029,100,99941,100,100039,100,99940,100,100046,100,99913,100,100051,100,99900,100,100059,100,99895,100,100075,100,99893,100,100076,100,99856,100
2019-06-28 09:42:35.211626826,99990,416,99985,416,99993,100,99949,100,100005,100,99941,100,100029,100,99940,100,100039,100,99913,100,100046,100,99900,100,100051,100,99895,100,100059,100,99893,100,100075,100,99856,100,100076,100,99841,100
2019-06-28 09:42:40.000000000,99990,207,99985,207,99993,204,99949,204,100005,204,99941,204,100029,100,99940,100,100039,100,99913,100,100046,100,99900,100,100051,100,99895,100,100059,100,99893,100,100075,100,99856,100,100076,100,99841,100
2019-06-28 09:42:50.000000000,99990,163,99985,163,99993,163,99949,163,100005,163,99941,163,100029,163,99940,163,100039,163,99913,163,100046,100,99900,100,100051,100,99895,100,100059,100,99893,100,100075,100,99856,100,100076,100,99841,100
2019-06-28 09:42:53.249759217,99990,163,99985,163,99993,163,99949,163,100005,163,99941,163,100029,163,99940,163,100039,163,99913,163,100046,100,99900,100,100051,100,99895,100,100059,100,99893,100,100075,100,99856,100,100076,100,99841,100
2019-06-28 09:43:00.000000000,99990,179,99985,179,99993,179,99949,179,100005,179,99941,179,100029,179,99940,179,100039,100,99913,100,100046,100,99900,100,100051,100,99895,100,100059,100,99893,100,100075,100,99856,100,100076,100,99841,100
2019-06-28 09:43:01.495072413,99990,179,99985,179,99993,179,99949,179,100005,179,99941,179,100029,79,99940,179,100039,100,99913,100,100046,100,99900,100,100051,100,99895,100,100059,100,99893,100,100075,100,99856,100,100076,100,99841,100
2019-06-28 09:43:10.000000000,99990,179,99985,179,99993,179,99949,179,100005,179,99941,179,100039,179,99940,179,100046,100,99913,100,100051,100,99900,100,100059,100,99895,100,100075,100,99893,100,100076,100,99856,100,100086,100,99841,100
2019-06-28 09:43:20.000000000,99990,258,99985,258,99993,258,99949,258,100005,100,99941,100,100039,100,99940,100,100046,100,99913,100,100051,100,99900,100,100059,100,99895,100,100075,100,99893,100,100076,100,99856,100,100086,100,99841,100
2019-06-28 09:43:20.187462320,99990,258,99985,158,99993,258,99949,258,100005,100,99940,100,100039,100,99913,100,100046,100,99900,100,100051,100,99895,100,100059,100,99893,100,100075,100,99856,100,100076,100,99841,100,100086,100,99831,100
2019-06-28 09:43:30.000000000,99990,179,99949,179,99993,179,99940,179,100005,179,99913,179,100039,179,99900,179,100046,100,99895,100,100051,100,99893,100,100059,100,99856,100,100075,100,99841,100,100076,100,99831,100,100086,100,99829,100
2019-06-28 09:43:40.000000000,99990,163,99949,163,99993,163,99940,163,100005,163,99913,163,100039,163,99900,163,100046,163,99895,163,100051,100,99893,100,100059,100,99856,100,100075,100,99841,100,100076,100,99831,100,100086,100,99829,100
2019-06-28 09:43:40.268001791,99990,163,99949,163,99993,163,99940,163,100005,163,99913,163,100039,163,99900,163,100046,163,99895,163,100051,100,99893,100,100059,100,99856,100,100075,100,99841,100,100076,100,99831,100,100086,100,99829,100
2019-06-28 09:43:50.000000000,99990,163,99949,163,99993,163,99940,163,100005,163,99913,163,100039,163,99900,163,100046,163,99895,163,100051,100,99893,100,100059,100,99856,100,100075,100,99841,100,100076,100,99831,100,100086,100,99829,100
2019-06-28 09:44:00.000000000,99990,179,99949,179,99993,179,99940,179,100005,179,99913,179,100039,179,99900,179,100046,100,99895,100,100051,100,99893,100,100059,100,99856,100,100075,100,99841,100,100076,100,99831,100,100086,100,99829,100
2019-06-28 09:44:10.000000000,99990,207,99949,207,99993,204,99940,204,100005,204,99913,204,100039,100,99900,100,100046,100,99895,100,100051,100,99893,100,100059,100,99856,100,100075,100,99841,100,100076,100,99831,100,100086,100,99829,100
2019-06-28 09:44:20.000000000,99990,258,99949,258,99993,258,99940,258,100005,100,99913,100,100039,100,99900,100,100046,100,99895,100,100051,100,99893,100,100059,100,99856,100,100075,100,99841,100,100076,100,99831,100,100086,100,99829,100
2019-06-28 09:44:30.000000000,99990,207,99949,207,99993,204,99940,204,100005,204,99913,204,100039,100,99900,100,100046,100,99895,100,100051,100,99893,100,100059,100,99856,100,100075,100,99841,100,100076,100,99831,100,100086,100,99829,100
2019-06-28 09:44:40.000000000,99990,416,99949,416,99993,100,99940,100,100005,100,99913,100,100039,100,99900,100,100046,100,99895,100,100051,100,99893,100,100059,100,99856,100,100075,100,99841,100,100076,100,99831,100,100086,100,99829,100
2019-06-28 09:44:50.000000000,99990,416,99949,416,99993,100,99940,100,100005,100,99913,100,100039,100,99900,100,100046,100,99895,100,100051,100,99893,100,100059,100,99856,100,100075,100,99841,100,100076,100,99831,100,100086,100,99829,100
2019-06-28 09:45:00.000000000,99990,258,99949,258,99993,258,99940,258,100005,100,99913,100,100039,100,99900,100,100046,100,99895,100,100051,100,99893,100,100059,100,99856,100,100075,100,99841,100,100076,100,99831,100,100086,100,99829,100
2019-06-28 09:45:10.000000000,99990,163,99949,163,99993,163,99940,163,100005,163,99913,163,100039,163,99900,163,100046,163,99895,163,100051,100,99893,100,100059,100,99856,100,100075,100,99841,100,100076,100,99831,100,100086,100,99829,100
2019-06-28 09:45:20.000000000,99990,258,99949,258,99993,258,99940,258,100005,100,99913,100,100039,100,99900,100,100046,100,99895,100,100051,100,99893,100,100059,100,99856,100,100075,100,99841,100,100076,100,99831,100,100086,100,99829,100
2019-06-28 09:45:30.000000000,99990,207,99949,207,99993,204,99940,204,100005,204,99913,204,100039,100,99900,100,100046,100,99895,100,100051,100,99893,100,100059,100,99856,100,100075,100,99841,100,100076,100,99831,100,100086,100,99829,100
2019-06-28 09:45:40.000000000,99990,416,99949,416,99993,100,99940,100,100005,100,99913,100,100039,100,99900,100,100046,100,99895,100,100051,100,99893,100,100059,100,99856,100,100075,100,99841,100,100076,100,99831,100,100086,100,99829,100
2019-06-28 09:45:50.000000000,99990,416,99949,416,99993,100,99940,100,100005,100,99913,100,100039,100,99900,100,100046,100,99895,100,100051,100,99893,100,100059,100,99856,100,100075,100,99841,100,100076,100,99831,100,100086,100,99829,100
2019-06-28 09:45:51.935849652,99990,416,99949,416,99993,100,99940,100,100005,100,99913,100,100039,100,99900,100,100046,100,99895,100,100051,100,99893,100,100059,100,99856,100,100075,100,99841,100,100076,100,99831,100,100086,100,99829,100
2019-06-28 09:45:58.596396116,99990,416,99949,416,99993,100,99940,100,100005,100,99913,100,100039,100,99900,100,100046,100,99895,100,100051,100,99893,100,100059,100,99856,100,100075,100,99841,100,100076,100,99831,100,100086,100,99829,100
2019-06-28 09:46:00.000000000,99990,163,99949,163,99993,163,99940,163,100005,163,99913,163,100039,163,99900,163,100046,163,99895,163,100051,100,99893,100,100059,100,99856,100,100075,100,99841,100,100076,100,99831,100,100086,100,99829,100
2019-06-28 09:46:10.000000000,99990,416,99949,416,99993,100,99940,100,100005,100,99913,100,100039,100,99900,100,100046,100,99895,100,100051,100,99893,100,100059,100,99856,100,100075,100,99841,100,100076,100,99831,100,100086,100,99829,100
2019-06-28 09:46:20.000000000,99990,179,99949,179,99993,179,99940,179,100005,179,99913,179,100039,179,99900,179,100046,100,99895,100,100051,100,99893,100,100059,100,99856,100,100075,100,99841,100,100076,100,99831,100,100086,100,99829,100
2019-06-28 09:46:30.000000000,99990,207,99949,207,99993,204,99940,204,100005,204,99913,204,100039,100,99900,100,100046,100,99895,100,100051,100,99893,100,100059,100,99856,100,100075,100,99841,100,100076,100,99831,100,100086,100,99829,100
2019-06-28 09:46:38.663369883,99990,207,99949,207,99993,204,99940,204,100005,204,99913,204,100039,100,99900,100,100046,100,99895,100,100051,100,99893,100,100059,100,99856,100,100075,100,99841,100,100076,100,99831,100,100086,100,99829,100
2019-06-28 09:46:40.000000000,99990,207,99949,207,99993,204,99940,204,100005,204,99913,204,100039,100,99900,100,100046,100,99895,100,100051,100,99893,100,100059,100,99856,100,100075,100,99841,100,100076,100,99831,100,100086,100,99829,100
2019-06-28 09:46:47.373734190,99990,207,99949,207,99993,204,99940,204,100005,204,99913,204,100039,100,99900,100,100046,100,99895,100,100051,100,99893,100,100059,100,99856,100,100075,100,99841,100,100076,100,99831,100,100086,100,99829,100
2019-06-28 09:46:50.000000000,99990,179,99949,179,99993,179,99940,179,100005,179,99913,179,100039,179,99900,179,100046,100,99895,100,100051,100,99893,100,100059,100,99856,100,100075,100,99841,100,100076,100,99831,100,100086,100,99829,100
2019-06-28 09:47:00.000000000,99990,416,99949,416,99993,100,99940,100,100005,100,99913,100,100039,100,99900,100,100046,100,99895,100,100051,100,99893,100,100059,100,99856,100,100075,100,99841,100,100076,100,99831,100,100086,100,99829,100
2019-06-28 09:47:03.865939825,99990,416,99949,416,99993,100,99940,100,100005,100,99913,100,100039,100,99900,100,100046,100,99895,100,100051,100,99893,100,100059,100,99856,100,100075,100,99841,100,100076,100,99831,100,100082,100,99829,100
2019-06-28 09:47:10.000000000,99990,179,99949,179,99993,179,99940,179,100005,179,99913,179,100039,179,99900,179,100046,100,99895,100,100051,100,99893,100,100059,100,99856,100,100075,100,99841,100,100076,100,99831,100,100082,100,99829,100
2019-06-28 09:47:20.000000000,99990,416,99949,416,99993,100,99940,100,100005,100,99913,100,100039,100,99900,100,100046,100,99895,100,100051,100,99893,100,100059,100,99856,100,100075,100,99841,100,100076,100,99831,100,100082,100,99829,100
2019-06-28 09:47:22.234864966,99990,316,99949,416,99993,100,99940,100,100005,100,99913,100,100039,100,99900,100,100046,100,99895,100,100051,100,99893,100,100059,100,99856,100,100075,100,99841,100,100076,100,99831,100,100082,100,99829,100
2019-06-28 09:47:22.645612509,99990,216,99949,416,99993,100,99940,100,100005,100,99913,100,100039,100,99900,100,100046,100,99895,100,100051,100,99893,100,100059,100,99856,100,100075,100,99841,100,100076,100,99831,100,100082,100,99829,100
2019-06-28 09:47:24.364545754,99990,116,99949,416,99993,100,99940,100,100005,100,99913,100,100039,100,99900,100,100046,100,99895,100,100051,100,99893,100,100059,100,99856,100,100075,100,99841,100,100076,100,99831,100,100082,100,99829,100
2019-06-28 09:47:30.000000000,99993,179,99949,179,100005,179,99940,179,100039,179,99913,179,100046,179,99900,179,100051,100,99895,100,100059,100,99893,100,100075,100,99856,100,100076,100,99841,100,100082,100,99831,100,100086,100,99829,100
2019-06-28 09:47:40.000000000,99993,416,99949,416,100005,100,99940,100,100039,100,99913,100,100046,100,99900,100,100051,100,99895,100,100059,100,99893,100,100075,100,99856,100,100076,100,99841,100,100082,100,99831,100,100086,100,99829,100
2019-06-28 09:47:50.000000000,99993,163,99949,163,100005,163,99940,163,100039,163,99913,163,100046,163,99900,163,100051,163,99895,163,100059,100,99893,100,100075,100,99856,100,100076,100,99841,100,100082,100,99831,100,100086,100,99829,100
2019-06-28 09:48:00.000000000,99993,163,99949,163,100005,163,99940,163,100039,163,99913,163,100046,163,99900,163,100051,163,99895,163,100059,100,99893,100,100075,100,99856,100,100076,100,99841,100,100082,100,99831,100,100086,100,99829,100
2019-06-28 09:48:10.000000000,99993,258,99949,258,100005,258,99940,258,100039,100,99913,100,100046,100,99900,100,100051,100,99895,100,100059,100,99893,100,100075,100,99856,100,100076,100,99841,100,100082,100,99831,100,100086,100,99829,100
2019-06-28 09:48:20.000000000,99993,207,99949,207,100005,204,99940,204,100039,204,99913,204,100046,100,99900,100,100051,100,99895,100,100059,100,99893,100,100075,100,99856,100,100076,100,99841,100,100082,100,99831,100,100086,100,99829,100
2019-06-28 09:48:20.894093802,99993,207,99949,207,100005,204,99940,204,100039,204,99937,100,100046,100,99913,204,100051,100,99900,100,100059,100,99895,100,100075,100,99893,100,100076,100,99856,100,100082,100,99841,100,100086,100,99831,100
2019-06-28 09:48:23.274820946,99993,107,99949,207,100005,204,99940,204,100039,204,99937,100,100051,100,99913,204,100059,100,99900,100,100075,100,99895,100,100076,100,99893,100,100082,100,99856,100,100086,100,99841,100,100106,100,99831,100
2019-06-28 09:48:29.435561279,99993,107,99949,207,100005,204,99940,304,100039,204,99937,100,100051,100,99913,204,100059,100,99900,100,100075,100,99895,100,100076,100,99856,100,100082,100,99841,100,100086,100,99831,100,100106,100,99815,100
2019-06-28 09:48:30.000000000,100005,416,99949,416,100039,100,99940,200,100051,100,99937,100,100059,100,99913,100,100075,100,99900,100,100076,100,99895,100,100082,100,99856,100,100086,100,99841,100,100106,100,99831,100,100111,100,99815,100
2019-06-28 09:48:36.618390130,100005,416,99949,416,100039,100,99940,100,100051,100,99937,100,100059,100,99913,100,100075,100,99900,100,100076,100,99895,100,100082,100,99856,100,100086,100,99841,100,100106,100,99831,100,100111,100,99815,100
2019-06-28 09:48:40.000000000,100005,258,99949,258,100039,258,99940,258,100051,100,99937,100,100059,100,99913,100,100075,100,99900,100,100076,100,99895,100,100082,100,99856,100,100086,100,99841,100,100106,100,99831,100,100111,100,99815,100
2019-06-28 09:48:42.868838981,100005,258,99949,258,100039,258,99940,258,100051,100,99937,100,100059,100,99917,100,100075,100,99913,100,100076,100,99900,100,100082,100,99895,100,100086,100,99856,100,100106,100,99841,100,100111,100,99831,100
2019-06-28 09:48:50.000000000,100005,179,99949,179,100039,179,99940,179,100051,179,99937,179,100059,179,99917,179,100075,100,99913,100,100076,100,99900,100,100082,100,99895,100,100086,100,99856,100,100106,100,99841,100,100111,100,99831,100
2019-06-28 09:48:50.235015216,100005,79,99949,179,100039,179,99940,179,100051,179,99937,179,100059,179,99917,179,100075,100,99913,100,100076,100,99900,100,100082,100,99895,100,100086,100,99856,100,100106,100,99841,100,100111,100,99831,100
2019-06-28 09:48:55.135128622,100005,79,99949,179,100039,179,99940,179,100051,179,99937,179,100059,179,99917,179,100075,100,99913,100,100076,100,99900,100,100082,100,99895,100,100086,100,99856,100,100106,100,99841,100,100111,100,99831,100
2019-06-28 09:49:00.000000000,100039,258,99949,258,100051,258,99940,258,100059,100,99937,100,100075,100,99917,100,100076,100,99913,100,100082,100,99900,100,100086,100,99895,100,100106,100,99856,100,100111,100,99841,100,100127,100,99831,100
2019-06-28 09:49:10.000000000,100039,258,99949,258,100051,258,99940,258,100059,100,99937,100,100075,100,99917,100,100076,100,99913,100,100082,100,99900,100,100086,100,99895,100,100106,100,99856,100,100111,100,99841,100,100127,100,99831,100
2019-06-28 09:49:20.000000000,100039,207,99949,207,100051,204,99940,204,100059,204,99937,204,100075,100,99917,100,100076,100,99913,100,100082,100,99900,100,100086,100,99895,100,100106,100,99856,100,100111,100,99841,100,100127,100,99831,100
2019-06-28 09:49:30.000000000,100039,207,99949,207,100051,204,99940,204,100059,204,99937,204,100075,100,99917,100,100076,100,99913,100,100082,100,99900,100,100086,100,99895,100,100106,100,99856,100,100111,100,99841,100,100127,100,99831,100
2019-06-28 09:49:40.000000000,100039,416,99949,416,100051,100,99940,100,100059,100,99937,100,100075,100,99917,100,100076,100,99913,100,100082,100,99900,100,100086,100,99895,100,100106,100,99856,100,100111,100,99841,100,100127,100,99831,100
2019-06-28 09:49:50.000000000,100039,179,99949,179,100051,179,99940,179,100059,179,99937,179,100075,179,99917,179,100076,100,99913,100,100082,100,99900,100,100086,100,99895,100,100106,100,99856,100,100111,100,99841,100,100127,100,99831,100
2019-06-28 09:49:53.431104512,100039,79,99949,179,100051,179,99940,179,100059,179,99937,179,100075,179,99917,179,100076,100,99913,100,100082,100,99900,100,100086,100,99895,100,100106,100,99856,100,100111,100,99841,100,100127,100,99831,100
2019-06-28 09:50:00.000000000,100051,416,99949,416,100059,100,99940,100,100075,100,99937,100,100076,100,99917,100,100082,100,99913,100,100086,100,99900,100,100106,100,99895,100,100111,100,99856,100,100127,100,99841,100,100178,100,99831,100
2019-06-28 09:50:10.000000000,100051,207,99949,207,100059,204,99940,204,100075,204,99937,204,100076,100,99917,100,100082,100,99913,100,100086,100,99900,100,100106,100,99895,100,100111,100,99856,100,100127,100,99841,100,100178,100,99831,100
2019-06-28 09:50:14.395309695,100051,207,99949,207,100059,204,99940,204,100075,204,99937,204,100076,100,99917,100,100082,100,99913,100,100086,100,99900,100,100106,100,99895,100,100111,100,99856,100,100127,100,99841,100,100178,100,99831,100
2019-06-28 09:50:20.000000000,100051,179,99949,179,100059,179,99940,179,100075,179,99937,179,100076,179,99917,179,100082,100,99913,100,100086,100,99900,100,100106,100,99895,100,100111,100,99856,100,100127,100,99841,100,100178,100,99831,100
2019-06-28 09:50:30.000000000,100051,179,99949,179,100059,179,99940,179,100075,179,99937,179,100076,179,99917,179,100082,100,99913,100,100086,100,99900,100,100106,100,99895,100,100111,100,99856,100,100127,100,99841,100,100178,100,99831,100
2019-06-28 09:50:31.609529057,100051,79,99949,179,100059,179,99940,179,100075,179,99937,179,100076,179,99917,179,100082,100,99913,100,100086,100,99900,100,100106,100,99895,100,100111,100,99856,100,100127,100,99841,100,100178,100,99831,100
2019-06-28 09:50:40.000000000,100059,258,99949,258,100075,258,99940,258,100076,100,99937,100,100082,100,99917,100,100086,100,99913,100,100106,100,99900,100,100111,100,99895,100,100127,100,99856,100,100178,100,99841,100,100181,100,99831,100
2019-06-28 09:50:50.000000000,100059,207,99949,207,100075,204,99940,204,100076,204,99937,204,100082,100,99917,100,100086,100,99913,100,100106,100,99900,100,100111,100,99895,100,100127,100,99856,100,100178,100,99841,100,100181,100,99831,100
2019-06-28 09:51:00.000000000,100059,207,99949,207,100075,204,99940,204,100076,204,99937,204,100082,100,99917,100,100086,100,99913,100,100106,100,99900,100,100111,100,99895,100,100127,100,99856,100,100178,100,99841,100,100181,100,99831,100
2019-06-28 09:51:10.000000000,100059,258,99949,258,100075,258,99940,258,100076,100,99937,100,100082,100,99917,100,100086,100,99913,100,100106,100,99900,100,100111,100,99895,100,100127,100,99856,100,100178,100,99841,100,100181,100,99831,100
2019-06-28 09:51:14.296203309,100059,258,100039,100,100075,258,99949,258,100076,100,99940,258,100082,100,99937,100,100086,100,99917,100,100106,100,99913,100,100111,100,99900,100,100127,100,99895,100,100178,100,99856,100,100181,100,99841,100
2019-06-28 09:51:15.782141784,100059,258,100039,200,100075,258,99949,258,100076,100,99940,258,100082,100,99937,100,100086,100,99917,100,100106,100,99913,100,100111,100,99900,100,100127,100,99895,100,100178,100,99856,100,100181,100,99841,100
2019-06-28 09:51:20.000000000,100059,258,100039,358,100075,258,99949,258,100076,100,99940,100,100082,100,99937,100,100086,100,99917,100,100106,100,99913,100,100111,100,99900,100,100127,100,99895,100,100178,100,99856,100,100181,100,99841,100
2019-06-28 09:51:30.000000000,100059,179,100039,279,100075,179,99949,179,100076,179,99940,179,100082,179,99937,179,100086,100,99917,100,100106,100,99913,100,100111,100,99900,100,100127,100,99895,100,100178,100,99856,100,100181,100,99841,100
2019-06-28 09:51:37.393298803,100059,79,100039,279,100075,179,99949,179,100076,179,99940,179,100082,179,99937,179,100086,100,99917,100,100106,100,99913,100,100111,100,99895,100,100127,100,99856,100,100178,100,99841,100,100181,100,99831,100
2019-06-28 09:51:40.000000000,100075,416,100039,516,100076,100,99949,100,100082,100,99940,100,100086,100,99937,100,100106,100,99917,100,100111,100,99913,100,100127,100,99895,100,100178,100,99856,100,100181,100,99841,100,100315,100,99831,100
2019-06-28 09:51:50.000000000,100075,416,100039,516,100076,100,99949,100,100082,100,99940,100,100086,100,99937,100,100106,100,99917,100,100111,100,99913,100,100127,100,99895,100,100178,100,99856,100,100181,100,99841,100,100315,100,99831,100
2019-06-28 09:52:00.000000000,100075,179,100039,279,100076,179,99949,179,100082,179,99940,179,100086,179,99937,179,100106,100,99917,100,100111,100,99913,100,100127,100,99895,100,100178,100,99856,100,100181,100,99841,100,100315,100,99831,100
2019-06-28 09:52:09.551880169,100075,179,100039,279,100076,179,99949,179,100082,179,99940,179,100086,179,99937,179,100106,100,99917,100,100111,100,99913,100,100127,100,99895,100,100178,100,99856,100,100181,100,99841,100,100315,100,99831,100
2019-06-28 09:52:10.000000000,100075,416,100039,516,100076,100,99949,100,100082,100,99940,100,100086,100,99937,100,100106,100,99917,100,100111,100,99913,100,100127,100,99895,100,100178,100,99856,100,100181,100,99841,100,100315,100,99831,100
2019-06-28 09:52:10.934431267,100075,316,100039,516,100076,100,99949,100,100082,100,99940,100,100086,100,99937,100,100106,100,99917,100,100111,100,99913,100,100127,100,99895,100,100178,100,99856,100,100181,100,99841,100,100315,100,99831,100
2019-06-28 09:52:20.000000000,100076,163,100039,263,100082,163,99949,163,100086,163,99940,163,100106,163,99937,163,100111,163,99917,163,100127,100,99913,100,100178,100,99895,100,100181,100,99856,100,100315,100,99841,100,100548,100,99831,100
2019-06-28 09:52:30.000000000,100076,258,100039,358,100082,258,99949,258,100086,100,99940,100,100106,100,99937,100,100111,100,99917,100,100127,100,99913,100,100178,100,99895,100,100181,100,99856,100,100315,100,99841,100,100548,100,99831,100
2019-06-28 09:52:40.000000000,100076,258,100039,358,100082,258,99949,258,100086,100,99940,100,100106,100,99937,100,100111,100,99917,100,100127,100,99913,100,100178,100,99895,100,100181,100,99856,100,100315,100,99841,100,100548,100,99831,100
2019-06-28 09:52:47.557200873,100076,158,100039,358,100082,258,99949,258,100086,100,99940,100,100106,100,99937,100,100111,100,99917,100,100127,100,99913,100,100178,100,99895,100,100181,100,99856,100,100315,100,99841,100,100548,100,99831,100
2019-06-28 09:52:50.000000000,100082,416,100039,516,100086,100,99949,100,100106,100,99940,100,100111,100,99937,100,100127,100,99917,100,100178,100,99913,100,100181,100,99895,100,100315,100,99856,100,100548,100,99841,100,100765,100,99831,100
2019-06-28 09:52:57.608902792,100082,316,100039,516,100106,100,99949,100,100111,100,99940,100,100127,100,99937,100,100178,100,99917,100,100181,100,99913,100,100315,100,99895,100,100548,100,99856,100,100765,100,99841,100,,,99831,100
2019-06-28 09:52:58.355143658,100082,316,100039,516,100106,100,99949,100,100111,100,99940,100,100127,100,99937,100,100178,100,99917,100,100181,100,99913,100,100315,100,99895,100,100548,100,99856,100,100684,100,99841,100,100765,100,99831,100
2019-06-28 09:53:00.000000000,100106,179,100039,279,100111,179,99949,179,100127,179,99940,179,100178,179,99937,179,100181,100,99917,100,100315,100,99913,100,100548,100,99895,100,100684,100,99856,100,100765,100,99841,100,,,99831,100
2019-06-28 09:53:09.731771162,100106,79,100039,279,100111,179,99949,179,100127,179,99940,179,100178,179,99937,179,100181,100,99917,100,100315,100,99913,100,100548,100,99895,100,100684,100,99856,100,100748,100,99841,100,100765,100,99831,100
2019-06-28 09:53:10.000000000,100111,163,100039,263,100127,163,99949,163,100178,163,99940,163,100181,163,99937,163,100315,163,99917,163,100548,100,99913,100,100684,100,99895,100,100748,100,99856,100,100765,100,99841,100,,,99831,100
2019-06-28 09:53:16.433652896,100111,63,100039,263,100127,163,99949,163,100178,163,99940,163,100181,163,99937,163,100315,163,99917,163,100548,100,99913,100,100684,100,99895,100,100748,100,99856,100,,,99841,100,,,99831,100
2019-06-28 09:53:20.000000000,100127,258,100039,358,100178,258,99949,258,100181,100,99940,100,100315,100,99937,100,100548,100,99917,100,100684,100,99913,100,100748,100,99895,100,,,99856,100,,,99841,100,,,99831,100
2019-06-28 09:53:30.000000000,100127,207,100039,307,100178,204,99949,204,100181,204,99940,204,100315,100,99937,100,100548,100,99917,100,100684,100,99913,100,100748,100,99895,100,,,99856,100,,,99841,100,,,99831,100
2019-06-28 09:53:40.000000000,100127,163,100039,263,100178,163,99949,163,100181,163,99940,163,100315,163,99937,163,100548,163,99917,163,100684,100,99913,100,100748,100,99895,100,,,99856,100,,,99841,100,,,99831,100
2019-06-28 09:53:47.214237392,100127,163,100039,263,100178,163,99949,163,100181,163,99940,163,100315,163,99937,163,100548,163,99917,163,100684,100,99913,100,100687,100,99895,100,,,99856,100,,,99841,100,,,99831,100
2019-06-28 09:53:50.000000000,100127,163,100039,263,100178,163,99949,163,100181,163,99940,163,100315,163,99937,163,100548,163,99917,163,100684,100,99913,100,100687,100,99895,100,,,99856,100,,,99841,100,,,99831,100
2019-06-28 09:54:00.000000000,100127,179,100039,279,100178,179,99949,179,100181,179,99940,179,100315,179,99937,179,100548,100,99917,100,100684,100,99913,100,100687,100,99895,100,,,99856,100,,,99841,100,,,99831,100
2019-06-28 09:54:07.975468447,100127,179,100039,279,100178,179,99949,179,100181,179,99940,179,100315,179,99937,179,100548,100,99917,100,100671,100,99913,100,100684,100,99895,100,100687,100,99856,100,,,99841,100,,,99831,100
2019-06-28 09:54:10.000000000,100127,258,100039,358,100178,258,99949,258,100181,100,99940,100,100315,100,99937,100,100548,100,99917,100,100671,100,99913,100,100684,100,99895,100,100687,100,99856,100,,,99841,100,,,99831,100
2019-06-28 09:54:19.191822984,100127,158,100039,358,100178,258,99949,258,100315,100,99940,100,100548,100,99937,100,100671,100,99917,100,100684,100,99913,100,100687,100,99895,100,,,99856,100,,,99841,100,,,99831,100
2019-06-28 09:54:20.000000000,100178,258,100039,358,100315,258,99949,258,100548,100,99940,100,100671,100,99937,100,100684,100,99917,100,100687,100,99913,100,,,99895,100,,,99856,100,,,99841,100,,,99831,100
2019-06-28 09:54:30.000000000,100178,207,100039,307,100315,204,99949,204,100548,204,99940,204,100671,100,99937,100,100684,100,99917,100,100687,100,99913,100,,,99895,100,,,99856,100,,,99841,100,,,99831,100
2019-06-28 09:54:40.000000000,100178,163,100039,263,100315,163,99949,163,100548,163,99940,163,100671,163,99937,163,100684,163,99917,163,100687,100,99913,100,,,99895,100,,,99856,100,,,99841,100,,,99831,100
2019-06-28 09:54:50.000000000,100178,258,100039,358,100315,258,99949,258,100548,100,99940,100,100671,100,99937,100,100684,100,99917,100,100687,100,99913,100,,,99895,100,,,99856,100,,,99841,100,,,99831,100
2019-06-28 09:55:00.000000000,100178,163,100039,263,100315,163,99949,163,100548,163,99940,163,100671,163,99937,163,100684,163,99917,163,100687,100,99913,100,,,99895,100,,,99856,100,,,99841,100,,,99831,100
2019-06-28 09:55:10.000000000,100178,163,100039,263,100315,163,99949,163,100548,163,99940,163,100671,163,99937,163,100684,163,99917,163,100687,100,99913,100,,,99895,100,,,99856,100,,,99841,100,,,99831,100
2019-06-28 09:55:20.000000000,100178,163,100039,263,100315,163,99949,163,100548,163,99940,163,100671,163,99937,163,100684,163,99917,163,100687,100,99913,100,,,99895,100,,,99856,100,,,99841,100,,,99831,100
2019-06-28 09:55:26.770904088,100178,163,100039,263,100315,163,99949,163,100548,163,99940,163,100671,163,99937,163,100684,163,99917,163,100687,100,99913,100,100707,100,99895,100,,,99856,100,,,99841,100,,,99831,100
2019-06-28 09:55:30.000000000,100178,163,100039,263,100315,163,99949,163,100548,163,99940,163,100671,163,99937,163,100684,163,99917,163,100687,100,99913,100,100707,100,99895,100,,,99856,100,,,99841,100,,,99831,100
2019-06-28 09:55:36.035236590,100178,163,100039,263,100315,163,99949,163,100548,163,99940,63,100671,163,99937,163,100684,163,99917,163,100687,100,99913,100,100707,100,99895,100,100975,100,99856,100,,,99841,100,,,99831,100
2019-06-28 09:55:36.829855907,100178,63,100039,263,100315,163,99949,163,100548,163,99940,63,100671,163,99937,163,100684,163,99917,163,100687,100,99913,100,100707,100,99856,100,100975,100,99841,100,,,99831,100,,,99788,100
2019-06-28 09:55:40.000000000,100315,258,100039,358,100548,258,99949,258,100671,100,99937,100,100684,100,99917,100,100687,100,99913,100,100707,100,99856,100,100975,100,99841,100,,,99831,100,,,99788,100,,,99775,100
2019-06-28 09:55:50.000000000,100315,207,100039,307,100548,204,99949,204,100671,204,99937,204,100684,100,99917,100,100687,100,99913,100,100707,100,99856,100,100975,100,99841,100,,,99831,100,,,99788,100,,,99775,100
2019-06-28 09:56:00.000000000,100315,163,100039,263,100548,163,99949,163,100671,163,99937,163,100684,163,99917,163,100687,163,99913,163,100707,100,99856,100,100975,100,99841,100,,,99831,100,,,99788,100,,,99775,100
2019-06-28 09:56:03.984196764,100315,63,100039,263,100548,163,99949,163,100671,163,99937,163,100684,163,99917,163,100687,163,99913,163,100707,100,99856,100,100975,100,99841,100,,,99831,100,,,99788,100,,,99775,100
2019-06-28 09:56:10.000000000,100548,416,100039,516,100671,100,99949,100,100684,100,99937,100,100687,100,99917,100,100707,100,99913,100,100975,100,99856,100,,,99841,100,,,99831,100,,,99788,100,,,99775,100
2019-06-28 09:56:10.637247637,100548,416,100039,516,100671,100,99949,100,100684,100,99937,100,100687,100,99917,100,100707,100,99913,100,100931,100,99856,100,,,99841,100,,,99831,100,,,99788,100,,,99775,100
2019-06-28 09:56:20.000000000,100548,416,100039,516,100671,100,99949,100,100684,100,99937,100,100687,100,99917,100,100707,100,99913,100,100931,100,99856,100,,,99841,100,,,99831,100,,,99788,100,,,99775,100
2019-06-28 09:56:22.163434608,100548,416,100178,100,100671,100,100039,516,100684,100,99949,100,100687,100,99937,100,100707,100,99917,100,100931,100,99913,100,,,99856,100,,,99841,100,,,99831,100,,,99788,100
2019-06-28 09:56:30.000000000,100548,258,100178,258,100671,258,100039,358,100684,100,99949,100,100687,100,99937,100,100707,100,99917,100,100931,100,99913,100,,,99856,100,,,99841,100,,,99831,100,,,99788,100
2019-06-28 09:56:37.336138913,100548,258,100178,358,100671,258,100039,358,100684,100,99949,100,100687,100,99937,100,100707,100,99917,100,100931,100,99913,100,,,99856,100,,,99841,100,,,99831,100,,,99788,100
2019-06-28 09:56:40.000000000,100548,258,100178,358,100671,258,100039,358,100684,100,99949,100,100687,100,99937,100,100707,100,99917,100,100931,100,99913,100,,,99856,100,,,99841,100,,,99831,100,,,99788,100
2019-06-28 09:56:50.000000000,100548,163,100178,263,100671,163,100039,263,100684,163,99949,163,100687,163,99937,163,100707,163,99917,163,100931,100,99913,100,,,99856,100,,,99841,100,,,99831,100,,,99788,100
2019-06-28 09:57:00.000000000,100548,179,100178,279,100671,179,100039,279,100684,179,99949,179,100687,179,99937,179,100707,100,99917,100,100931,100,99913,100,,,99856,100,,,99841,100,,,99831,100,,,99788,100
2019-06-28 09:57:10.000000000,100548,258,100178,358,100671,258,100039,358,100684,100,99949,100,100687,100,99937,100,100707,100,99917,100,100931,100,99913,100,,,99856,100,,,99841,100,,,99831,100,,,99788,100
2019-06-28 09:57:19.425078856,100548,158,100178,358,100671,258,100039,358,100684,100,99949,100,100687,100,99937,100,100707,100,99917,100,100931,100,99913,100,,,99856,100,,,99841,100,,,99831,100,,,99788,100
2019-06-28 09:57:20.000000000,100671,416,100178,516,100684,100,100039,200,100687,100,99949,100,100707,100,99937,100,100931,100,99917,100,,,99913,100,,,99856,100,,,99841,100,,,99831,100,,,99788,100
2019-06-28 09:57:20.559427229,100671,416,100178,516,100684,100,100039,200,100687,100,99949,100,100707,100,99937,100,100755,100,99917,100,100931,100,99913,100,,,99856,100,,,99841,100,,,99831,100,,,99788,100
2019-06-28 09:57:24.681543720,100671,416,100178,516,100684,100,100039,200,100687,100,99949,100,100707,100,99937,100,100755,100,99917,100,100931,100,99913,100,101049,100,99856,100,,,99841,100,,,99831,100,,,99788,100
2019-06-28 09:57:26.066469066,100671,416,100315,100,100684,100,100178,516,100687,100,100039,200,100707,100,99949,100,100755,100,99937,100,100931,100,99917,100,101049,100,99913,100,,,99856,100,,,99841,100,,,99831,100
2019-06-28 09:57:30.000000000,100671,258,100315,258,100684,258,100178,358,100687,100,100039,200,100707,100,99949,100,100755,100,99937,100,100931,100,99917,100,101049,100,99913,100,,,99856,100,,,99841,100,,,99831,100
2019-06-28 09:57:40.000000000,100671,163,100315,163,100684,163,100178,263,100687,163,100039,263,100707,163,99949,163,100755,163,99937,163,100931,100,99917,100,101049,100,99913,100,,,99856,100,,,99841,100,,,99831,100
2019-06-28 09:57:50.000000000,100671,163,100315,163,100684,163,100178,263,100687,163,100039,263,100707,163,99949,163,100755,163,99937,163,100931,100,99917,100,101049,100,99913,100,,,99856,100,,,99841,100,,,99831,100
2019-06-28 09:57:50.384736269,100671,163,100315,163,100684,163,100178,263,100687,163,100039,263,100707,163,99949,163,100725,100,99937,163,100755,163,99917,100,100931,100,99913,100,101049,100,99856,100,,,99841,100,,,99831,100
2019-06-28 09:57:54.558104811,100671,163,100315,163,100684,163,100178,263,100687,63,100039,263,100707,163,99949,163,100725,100,99937,163,100755,163,99917,100,100931,100,99913,100,100961,100,99856,100,101049,100,99841,100,,,99831,100
2019-06-28 09:58:00.000000000,100671,416,100315,416,100684,100,100178,200,100707,100,100039,200,100725,100,99949,100,100755,100,99937,100,100931,100,99917,100,100961,100,99913,100,101049,100,99856,100,,,99841,100,,,99831,100
2019-06-28 09:58:10.000000000,100671,258,100315,258,100684,258,100178,358,100707,100,100039,200,100725,100,99949,100,100755,100,99937,100,100931,100,99917,100,100961,100,99913,100,101049,100,99856,100,,,99841,100,,,99831,100
2019-06-28 09:58:15.561223871,100671,258,100315,258,100684,258,100178,358,100707,100,100039,200,100725,100,99949,100,100755,100,99937,100,100931,100,99917,100,100961,100,99913,100,101049,100,99856,100,101056,100,99841,100,,,99831,100
2019-06-28 09:58:20.000000000,100671,179,100315,179,100684,179,100178,279,100707,179,100039,279,100725,179,99949,179,100755,100,99937,100,100931,100,99917,100,100961,100,99913,100,101049,100,99856,100,101056,100,99841,100,,,99831,100
2019-06-28 09:58:21.096305776,100671,79,100315,179,100684,179,100178,279,100707,179,100039,279,100725,179,99949,179,100755,100,99937,100,100931,100,99917,100,100961,100,99913,100,101049,100,99856,100,101056,100,99841,100,,,99831,100
2019-06-28 09:58:30.000000000,100684,207,100315,207,100707,204,100178,304,100725,204,100039,304,100755,100,99949,100,100931,100,99937,100,100961,100,99917,100,101049,100,99913,100,101056,100,99856,100,,,99841,100,,,99831,100
2019-06-28 09:58:40.000000000,100684,258,100315,258,100707,258,100178,358,100725,100,100039,200,100755,100,99949,100,100931,100,99937,100,100961,100,99917,100,101049,100,99913,100,101056,100,99856,100,,,99841,100,,,99831,100
2019-06-28 09:58:48.203091621,100684,258,100548,100,100707,258,100315,258,100725,100,100178,358,100755,100,100039,200,100931,100,99949,100,100961,100,99937,100,101049,100,99917,100,101056,100,99913,100,,,99856,100,,,99841,100
2019-06-28 09:58:50.000000000,100684,207,100548,207,100707,204,100315,204,100725,204,100178,304,100755,100,100039,200,100931,100,99949,100,100961,100,99937,100,101049,100,99917,100,101056,100,99913,100,,,99856,100,,,99841,100
2019-06-28 09:58:52.573035276,100684,207,100548,207,100707,204,100315,204,100725,204,100178,304,100755,100,100039,200,100931,100,99937,100,100961,100,99917,100,101049,100,99913,100,101056,100,99856,100,,,99841,100,,,99831,100
2019-06-28 09:58:54.688209503,100684,107,100548,207,100707,204,100315,204,100725,204,100178,304,100755,100,100039,200,100931,100,99937,100,100961,100,99917,100,101049,100,99913,100,101056,100,99856,100,,,99841,100,,,99831,100
2019-06-28 09:58:54.722286896,100684,107,100548,207,100707,204,100315,204,100725,204,100178,304,100755,100,100039,100,100931,100,99937,100,100961,100,99917,100,101049,100,99913,100,101056,100,99856,100,,,99841,100,,,99831,100
2019-06-28 09:59:00.000000000,100707,179,100548,179,100725,179,100315,179,100755,179,100178,279,100931,179,100039,179,100961,100,99937,100,101049,100,99917,100,101056,100,99913,100,,,99856,100,,,99841,100,,,99831,100
2019-06-28 09:59:06.661822394,100707,79,100548,179,100725,179,100315,179,100755,179,100178,279,100931,179,100039,179,100961,100,99937,100,101049,100,99917,100,101056,100,99913,100,,,99856,100,,,99841,100,,,99831,100
2019-06-28 09:59:10.000000000,100725,258,100548,258,100755,258,100315,258,100931,100,100178,200,100961,100,100039,100,101049,100,99937,100,101056,100,99917,100,,,99913,100,,,99856,100,,,99841,100,,,99831,100
2019-06-28 09:59:18.201613562,100725,258,100684,100,100755,258,100548,258,100931,100,100315,258,100961,100,100178,200,101049,100,100039,100,101056,100,99937,100,,,99917,100,,,99913,100,,,99856,100,,,99841,100
2019-06-28 09:59:20.000000000,100725,258,100684,258,100755,258,100548,258,100931,100,100315,100,100961,100,100178,200,101049,100,100039,100,101056,100,99937,100,,,99917,100,,,99913,100,,,99856,100,,,99841,100
2019-06-28 09:59:20.253512780,100725,258,100684,258,100755,258,100548,258,100931,100,100315,100,100961,100,100178,200,101015,100,100039,100,101049,100,99937,100,101056,100,99917,100,,,99913,100,,,99856,100,,,99841,100
2019-06-28 09:59:22.243659587,100725,258,100684,258,100755,258,100548,258,100891,100,100315,100,100931,100,100178,200,100961,100,100039,100,101015,100,99937,100,101049,100,99917,100,101056,100,99913,100,,,99856,100,,,99841,100
2019-06-28 09:59:24.600901932,100725,258,100684,258,100755,158,100548,258,100891,100,100315,100,100921,100,100178,200,100931,100,100039,100,100961,100,99937,100,101015,100,99917,100,101049,100,99913,100,101056,100,99856,100,,,99841,100
2019-06-28 09:59:30.000000000,100725,163,100684,163,100891,163,100548,163,100921,163,100315,163,100931,163,100178,263,100961,163,100039,163,101015,100,99937,100,101049,100,99917,100,101056,100,99913,100,,,99856,100,,,99841,100
2019-06-28 09:59:39.128831478,100725,163,100684,163,100891,163,100548,163,100902,100,100315,163,100921,163,100178,263,100931,163,100039,163,100961,163,99937,100,101015,100,99917,100,101049,100,99913,100,101056,100,99856,100,,,99841,100
2019-06-28 09:59:40.000000000,100725,163,100684,163,100891,163,100548,163,100902,163,100315,163,100921,163,100178,263,100931,163,100039,163,100961,100,99937,100,101015,100,99917,100,101049,100,99913,100,101056,100,99856,100,,,99841,100
2019-06-28 09:59:50.000000000,100725,179,100684,179,100891,179,100548,179,100902,179,100315,179,100921,179,100178,279,100931,100,100039,100,100961,100,99937,100,101015,100,99917,100,101049,100,99913,100,101056,100,99856,100,,,99841,100
2019-06-28 10:00:00.000000000,100725,179,100684,179,100891,179,100548,179,100902,179,100315,179,100921,179,100178,279,100931,100,100039,100,100961,100,99937,100,101015,100,99917,100,101049,100,99913,100,101056,100,99856,100,,,99841,100
2019-06-28 10:00:10.000000000,100725,179,100684,179,100891,179,100548,179,100902,179,100315,179,100921,179,100178,279,100931,100,100039,100,100961,100,99937,100,101015,100,99917,100,101049,100,99913,100,101056,100,99856,100,,,99841,100
2019-06-28 10:00:20.000000000,100725,179,100684,179,100891,179,100548,179,100902,179,100315,179,100921,179,100178,279,100931,100,100039,100,100961,100,99937,100,101015,100,99917,100,101049,100,99913,100,101056,100,99856,100,,,99841,100
2019-06-28 10:00:21.189279014,100725,179,100684,179,100891,179,100548,179,100902,179,100315,179,100921,179,100178,279,100931,100,100039,100,100961,100,99937,100,101015,100,99917,100,101049,100,99913,100,101056,100,99856,100,,,99841,100
2019-06-28 10:00:26.431894238,100725,179,100684,179,100891,179,100583,100,100902,179,100548,179,100921,79,100315,179,100931,100,100178,279,100961,100,100039,100,101015,100,99937,100,101049,100,99917,100,101056,100,99913,100,,,99856,100
2019-06-28 10:00:30.000000000,100725,258,100684,258,100891,258,100583,258,100902,100,100548,100,100931,100,100315,100,100961,100,100178,200,101015,100,100039,100,101049,100,99937,100,101056,100,99917,100,,,99913,100,,,99856,100
2019-06-28 10:00:40.000000000,100725,207,100684,207,100891,204,100583,204,100902,204,100548,204,100931,100,100315,100,100961,100,100178,200,101015,100,100039,100,101049,100,99937,100,101056,100,99917,100,,,99913,100,,,99856,100
2019-06-28 10:00:50.000000000,100725,179,100684,179,100891,179,100583,179,100902,179,100548,179,100931,179,100315,179,100961,100,100178,200,101015,100,100039,100,101049,100,99937,100,101056,100,99917,100,,,99913,100,,,99856,100
2019-06-28 10:00:51.102350390,100725,179,100684,179,100891,179,100583,179,100902,179,100548,179,100931,179,100538,100,100961,100,100315,179,101015,100,100178,200,101049,100,100039,100,101056,100,99937,100,,,99917,100,,,99913,100
2019-06-28 10:01:00.000000000,100725,416,100684,416,100891,100,100583,100,100902,100,100548,100,100931,100,100538,100,100961,100,100315,100,101015,100,100178,200,101049,100,100039,100,101056,100,99937,100,,,99917,100,,,99913,100
2019-06-28 10:01:06.539954498,100725,416,100684,316,100891,100,100583,100,100902,100,100548,100,100931,100,100538,100,100961,100,100315,100,101015,100,100178,200,101049,100,100039,100,101056,100,99937,100,,,99917,100,,,99913,100
2019-06-28 10:01:08.099911218,100706,100,100684,316,100725,416,100583,100,100891,100,100548,100,100902,100,100538,100,100931,100,100315,100,100961,100,100178,200,101015,100,100039,100,101049,100,99937,100,101056,100,99917,100,,,99913,100
2019-06-28 10:01:10.000000000,100706,258,100583,258,100725,258,100548,258,100891,100,100538,100,100902,100,100315,100,100931,100,100178,200,100961,100,100039,100,101015,100,99937,100,101049,100,99917,100,101056,100,99913,100,,,99856,100
2019-06-28 10:01:11.681191707,100683,100,100583,258,100706,258,100548,258,100725,258,100538,100,100891,100,100315,100,100902,100,100178,200,100931,100,100039,100,100961,100,99937,100,101015,100,99917,100,101049,100,99913,100,101056,100,99856,100
2019-06-28 10:01:14.338223501,100683,100,100583,258,100706,258,100548,258,100725,258,100538,100,100891,100,100395,100,100902,100,100315,100,100931,100,100178,200,100961,100,100039,100,101015,100,99937,100,101049,100,99917,100,101056,100,99913,100
2019-06-28 10:01:20.000000000,100683,258,100583,258,100706,258,100548,258,100725,100,100538,100,100891,100,100395,100,100902,100,100315,100,100931,100,100178,200,100961,100,100039,100,101015,100,99937,100,101049,100,99917,100,101056,100,99913,100
2019-06-28 10:01:30.000000000,100683,163,100583,163,100706,163,100548,163,100725,163,100538,163,100891,163,100395,163,100902,163,100315,163,100931,100,100178,200,100961,100,100039,100,101015,100,99937,100,101049,100,99917,100,101056,100,99913,100
2019-06-28 10:01:40.000000000,100683,163,100583,163,100706,163,100548,163,100725,163,100538,163,100891,163,100395,163,100902,163,100315,163,100931,100,100178,200,100961,100,100039,100,101015,100,99937,100,101049,100,99917,100,101056,100,99913,100
2019-06-28 10:01:41.016348667,100683,163,100583,163,100706,163,100548,163,100725,163,100538,163,100891,163,100536,100,100902,163,100395,163,100931,100,100315,163,101015,100,100178,200,101049,100,100039,100,101056,100,99937,100,,,99917,100
2019-06-28 10:01:50.000000000,100683,416,100583,416,100706,100,100548,100,100725,100,100538,100,100891,100,100536,100,100902,100,100395,100,100931,100,100315,100,101015,100,100178,200,101049,100,100039,100,101056,100,99937,100,,,99917,100
2019-06-28 10:01:57.735376233,100683,416,100583,416,100706,100,100548,100,100725,100,100536,100,100761,100,100395,100,100891,100,100315,100,100902,100,100178,200,100931,100,100039,100,101015,100,99937,100,101049,100,99917,100,101056,100,99913,100
2019-06-28 10:02:00.000000000,100683,258,100583,258,100706,258,100548,258,100725,100,100536,100,100761,100,100395,100,100891,100,100315,100,100902,100,100178,200,100931,100,100039,100,101015,100,99937,100,101049,100,99917,100,101056,100,99913,100
2019-06-28 10:02:04.995673429,100683,258,100583,258,100706,258,100548,258,100725,100,100536,100,100761,100,100512,100,100891,100,100395,100,100902,100,100315,100,100931,100,100178,200,101015,100,100039,100,101049,100,99937,100,101056,100,99917,100
2019-06-28 10:02:10.000000000,100683,258,100583,258,100706,258,100548,258,100725,100,100536,100,100761,100,100512,100,100891,100,100395,100,100902,100,100315,100,100931,100,100178,200,101015,100,100039,100,101049,100,99937,100,101056,100,99917,100
2019-06-28 10:02:20.000000000,100683,258,100583,258,100706,258,100548,258,100725,100,100536,100,100761,100,100512,100,100891,100,100395,100,100902,100,100315,100,100931,100,100178,200,101015,100,100039,100,101049,100,99937,100,101056,100,99917,100
2019-06-28 10:02:24.988071367,100683,258,100583,258,100706,258,100548,258,100725,100,100536,100,100761,100,100512,100,100891,100,100395,100,100902,100,100315,100,100931,100,100178,200,101015,100,100039,100,101056,100,99937,100,101170,100,99917,100
2019-06-28 10:02:30.000000000,100683,163,100583,163,100706,163,100548,163,100725,163,100536,163,100761,163,100512,163,100891,163,100395,163,100902,100,100315,100,100931,100,100178,200,101015,100,100039,100,101056,100,99937,100,101170,100,99917,100
2019-06-28 10:02:40.000000000,100683,163,100583,163,100706,163,100548,163,100725,163,100536,163,100761,163,100512,163,100891,163,100395,163,100902,100,100315,100,100931,100,100178,200,101015,100,100039,100,101056,100,99937,100,101170,100,99917,100
2019-06-28 10:02:50.000000000,100683,163,100583,163,100706,163,100548,163,100725,163,100536,163,100761,163,100512,163,100891,163,100395,163,100902,100,100315,100,100931,100,100178,200,101015,100,100039,100,101056,100,99937,100,101170,100,99917,100
2019-06-28 10:02:50.290292990,100683,163,100583,163,100706,163,100548,163,100725,63,100536,163,100761,163,100512,163,100891,163,100395,163,100902,100,100315,100,100931,100,100178,200,101015,100,100039,100,101056,100,99937,100,101170,100,99917,100
2019-06-28 10:02:58.087011497,100683,163,100583,163,100706,163,100548,163,100725,63,100536,163,100761,163,100512,163,100891,163,100395,163,100902,100,100315,100,100931,100,100178,200,101015,100,100039,100,101056,100,99937,100,101170,100,99917,100
2019-06-28 10:03:00.000000000,100683,179,100583,179,100706,179,100548,179,100761,179,100536,179,100891,179,100512,179,100902,100,100395,100,100931,100,100315,100,101015,100,100178,200,101056,100,100039,100,101170,100,99937,100,101368,100,99917,100
2019-06-28 10:03:01.226846749,100683,79,100583,179,100706,179,100548,179,100761,179,100536,179,100891,179,100512,179,100902,100,100395,100,100931,100,100315,100,101015,100,100178,200,101056,100,100039,100,101170,100,99937,100,101368,100,99917,100
2019-06-28 10:03:10.000000000,100706,207,100583,207,100761,204,100548,204,100891,204,100536,204,100902,100,100512,100,100931,100,100395,100,101015,100,100315,100,101056,100,100178,200,101170,100,100039,100,101368,100,99937,100,101598,100,99917,100
2019-06-28 10:03:20.000000000,100706,258,100583,258,100761,258,100548,258,100891,100,100536,100,100902,100,100512,100,100931,100,100395,100,101015,100,100315,100,101056,100,100178,200,101170,100,100039,100,101368,100,99937,100,101598,100,99917,100
2019-06-28 10:03:26.074106115,100706,258,100583,258,100761,258,100548,258,100891,100,100536,100,100902,100,100395,100,100931,100,100315,100,101015,100,100178,200,101056,100,100039,100,101170,100,99937,100,101273,100,99917,100,101368,100,99913,100
2019-06-28 10:03:30.000000000,100706,416,100583,416,100761,100,100548,100,100891,100,100536,100,100902,100,100395,100,100931,100,100315,100,101015,100,100178,200,101056,100,100039,100,101170,100,99937,100,101273,100,99917,100,101368,100,99913,100
2019-06-28 10:03:40.000000000,100706,179,100583,179,100761,179,100548,179,100891,179,100536,179,100902,179,100395,179,100931,100,100315,100,101015,100,100178,200,101056,100,100039,100,101170,100,99937,100,101273,100,99917,100,101368,100,99913,100
2019-06-28 10:03:50.000000000,100706,163,100583,163,100761,163,100548,163,100891,163,100536,163,100902,163,100395,163,100931,163,100315,163,101015,100,100178,200,101056,100,100039,100,101170,100,99937,100,101273,100,99917,100,101368,100,99913,100
2019-06-28 10:04:00.000000000,100706,179,100583,179,100761,179,100548,179,100891,179,100536,179,100902,179,100395,179,100931,100,100315,100,101015,100,100178,200,101056,100,100039,100,101170,100,99937,100,101273,100,99917,100,101368,100,99913,100
2019-06-28 10:04:06.470187261,100706,79,100583,179,100761,179,100548,179,100891,179,100536,179,100902,179,100395,179,100931,100,100315,100,101015,100,100178,200,101056,100,100039,100,101170,100,99937,100,101273,100,99917,100,101598,100,99913,100
2019-06-28 10:04:10.000000000,100761,163,100583,163,100891,163,100548,163,100902,163,100536,163,100931,163,100395,163,101015,163,100315,163,101056,100,100178,200,101170,100,100039,100,101273,100,99937,100,101598,100,99917,100,,,99913,100
2019-06-28 10:04:11.379277174,100761,163,100583,163,100891,163,100548,163,100902,163,100536,163,100931,163,100395,163,101015,163,100315,163,101056,100,100178,200,101170,100,100039,100,101273,100,99937,100,101598,100,99917,100,101810,100,99913,100
2019-06-28 10:04:20.000000000,100761,416,100583,416,100891,100,100548,100,100902,100,100536,100,100931,100,100395,100,101015,100,100315,100,101056,100,100178,200,101170,100,100039,100,101273,100,99937,100,101598,100,99917,100,101810,100,99913,100
2019-06-28 10:04:28.517732582,100761,416,100583,416,100891,100,100548,100,100902,100,100536,100,100931,100,100395,100,101015,100,100315,100,101056,100,100178,200,101170,100,100039,100,101273,100,99937,100,101576,100,99917,100,101598,100,99913,100
2019-06-28 10:04:30.000000000,100761,416,100583,416,100891,100,100548,100,100902,100,100536,100,100931,100,100395,100,101015,100,100315,100,101056,100,100178,200,101170,100,100039,100,101273,100,99937,100,101576,100,99917,100,101598,100,99913,100
2019-06-28 10:04:30.076201369,100761,316,100583,416,100891,100,100548,100,100902,100,100536,100,100931,100,100395,100,101015,100,100315,100,101056,100,100178,200,101273,100,100039,100,101576,100,99937,100,101598,100,99917,100,101810,100,99913,100
2019-06-28 10:04:40.000000000,100891,163,100583,163,100902,163,100548,163,100931,163,100536,163,101015,163,100395,163,101056,163,100315,163,101273,100,100178,200,101576,100,100039,100,101598,100,99937,100,101810,100,99917,100,,,99913,100
2019-06-28 10:04:45.483802478,100891,63,100583,163,100902,163,100548,163,100931,163,100536,163,101015,163,100395,163,101056,163,100315,163,101273,100,100178,200,101576,100,100039,100,101598,100,99937,100,101810,100,99917,100,,,99913,100
2019-06-28 10:04:50.000000000,100902,179,100583,179,100931,179,100548,179,101015,179,100536,179,101056,179,100395,179,101273,100,100315,100,101576,100,100178,200,101598,100,100039,100,101810,100,99937,100,,,99917,100,,,99913,100
2019-06-28 10:04:57.552436835,100902,179,100583,179,100931,179,100548,179,101015,179,100536,179,101056,179,100395,179,101273,100,100178,200,101576,100,100039,100,101598,100,99937,100,101810,100,99917,100,,,99913,100,,,99841,100
2019-06-28 10:05:00.000000000,100902,163,100583,163,100931,163,100548,163,101015,163,100536,163,101056,163,100395,163,101273,163,100178,263,101576,100,100039,100,101598,100,99937,100,101810,100,99917,100,,,99913,100,,,99841,100
2019-06-28 10:05:03.893850843,100902,163,100583,163,100931,163,100548,163,101015,163,100536,163,101056,163,100395,163,101273,163,100178,263,101576,100,100039,100,101598,100,99937,100,101680,100,99917,100,101810,100,99913,100,,,99841,100
2019-06-28 10:05:05.330745395,100902,63,100583,163,100931,163,100548,163,101015,163,100536,163,101056,163,100395,163,101273,163,100178,263,101576,100,100039,100,101598,100,99937,100,101680,100,99917,100,101810,100,99913,100,,,99841,100
2019-06-28 10:05:07.191317522,100931,163,100902,37,101015,163,100583,163,101056,163,100548,163,101273,163,100536,163,101576,100,100395,163,101598,100,100178,263,101680,100,100039,100,101810,100,99937,100,,,99917,100,,,99913,100
2019-06-28 10:05:10.000000000,100931,258,100902,195,101015,258,100583,258,101056,100,100548,100,101273,100,100536,100,101576,100,100395,100,101598,100,100178,200,101680,100,100039,100,101810,100,99937,100,,,99917,100,,,99913,100
2019-06-28 10:05:20.000000000,100931,416,100902,353,101015,100,100583,100,101056,100,100548,100,101273,100,100536,100,101576,100,100395,100,101598,100,100178,200,101680,100,100039,100,101810,100,99937,100,,,99917,100,,,99913,100
2019-06-28 10:05:30.000000000,100931,179,100902,116,101015,179,100583,179,101056,179,100548,179,101273,179,100536,179,101576,100,100395,100,101598,100,100178,200,101680,100,100039,100,101810,100,99937,100,,,99917,100,,,99913,100
2019-06-28 10:05:40.000000000,100931,207,100902,144,101015,204,100583,204,101056,204,100548,204,101273,100,100536,100,101576,100,100395,100,101598,100,100178,200,101680,100,100039,100,101810,100,99937,100,,,99917,100,,,99913,100
2019-06-28 10:05:50.000000000,100931,179,100902,116,101015,179,100583,179,101056,179,100548,179,101273,179,100536,179,101576,100,100395,100,101598,100,100178,200,101680,100,100039,100,101810,100,99937,100,,,99917,100,,,99913,100
2019-06-28 10:05:52.501925083,100931,179,100902,116,101015,179,100583,179,101056,179,100548,179,101273,179,100536,179,101446,100,100395,100,101576,100,100178,200,101598,100,100039,100,101680,100,99937,100,101810,100,99917,100,,,99913,100
2019-06-28 10:05:54.818552669,100931,179,100902,216,101015,179,100583,179,101056,179,100548,179,101273,179,100536,179,101446,100,100395,100,101576,100,100178,200,101598,100,100039,100,101680,100,99937,100,101810,100,99917,100,,,99913,100
2019-06-28 10:05:57.894737611,100931,179,100902,216,101015,179,100583,179,101056,179,100548,179,101273,179,100536,179,101365,100,100395,100,101446,100,100178,200,101576,100,100039,100,101598,100,99917,100,101680,100,99913,100,101810,100,99841,100
2019-06-28 10:06:00.000000000,100931,258,100902,295,101015,258,100583,258,101056,100,100548,100,101273,100,100536,100,101365,100,100395,100,101446,100,100178,200,101576,100,100039,100,101598,100,99917,100,101680,100,99913,100,101810,100,99841,100
2019-06-28 10:06:01.048565059,100931,158,100902,295,101015,258,100583,258,101056,100,100548,100,101273,100,100536,100,101365,100,100395,100,101446,100,100178,200,101576,100,100039,100,101598,100,99917,100,101680,100,99913,100,101810,100,99841,100
2019-06-28 10:06:08.417646791,100931,158,100902,195,101015,258,100583,258,101056,100,100548,100,101273,100,100536,100,101365,100,100395,100,101446,100,100178,200,101576,100,100039,100,101598,100,99917,100,101680,100,99913,100,101810,100,99841,100
2019-06-28 10:06:10.000000000,101015,258,100902,195,101056,258,100583,258,101273,100,100548,100,101365,100,100536,100,101446,100,100395,100,101576,100,100178,200,101598,100,100039,100,101680,100,99917,100,101810,100,99913,100,,,99841,100
2019-06-28 10:06:19.054578773,101015,158,100902,195,101056,258,100583,258,101273,100,100548,100,101365,100,100536,100,101446,100,100395,100,101576,100,100178,200,101598,100,100039,100,101680,100,99917,100,101810,100,99913,100,,,99841,100
2019-06-28 10:06:20.000000000,101056,258,100902,195,101273,258,100583,258,101365,100,100548,100,101446,100,100536,100,101576,100,100395,100,101598,100,100178,200,101680,100,100039,100,101810,100,99917,100,,,99913,100,,,99841,100
2019-06-28 10:06:30.000000000,101056,163,100902,100,101273,163,100583,163,101365,163,100548,163,101446,163,100536,163,101576,163,100395,163,101598,100,100178,200,101680,100,100039,100,101810,100,99917,100,,,99913,100,,,99841,100
2019-06-28 10:06:31.039973408,101056,163,100902,100,101273,163,100583,163,101365,163,100548,163,101446,163,100536,163,101576,163,100395,163,101598,100,100178,200,101680,100,100039,100,101810,100,99917,100,102389,100,99913,100,,,99841,100
2019-06-28 10:06:31.134547018,101056,163,100902,100,101273,163,100583,163,101365,163,100548,163,101446,163,100536,163,101576,163,100395,163,101598,100,100178,200,101680,100,100039,100,101810,100,99917,100,102138,100,99913,100,102389,100,99841,100
2019-06-28 10:06:31.452841425,101056,163,100902,100,101273,163,100583,163,101365,163,100548,163,101446,163,100536,163,101576,163,100395,163,101598,100,100178,200,101680,100,100039,100,101810,100,99917,100,102138,100,99913,100,102348,100,99841,100
2019-06-28 10:06:40.000000000,101056,207,100902,144,101273,204,100583,204,101365,204,100548,204,101446,100,100536,100,101576,100,100395,100,101598,100,100178,200,101680,100,100039,100,101810,100,99917,100,102138,100,99913,100,102348,100,99841,100
2019-06-28 10:06:50.000000000,101056,416,100902,353,101273,100,100583,100,101365,100,100548,100,101446,100,100536,100,101576,100,100395,100,101598,100,100178,200,101680,100,100039,100,101810,100,99917,100,102138,100,99913,100,102348,100,99841,100
2019-06-28 10:06:52.052928965,101056,416,100902,353,101273,100,100583,100,101365,100,100548,100,101446,100,100536,100,101576,100,100395,100,101598,100,100178,200,101680,100,100039,100,101810,100,99917,100,102138,100,99913,100,102348,100,99841,100
2019-06-28 10:07:00.000000000,101056,163,100902,100,101273,163,100583,163,101365,163,100548,163,101446,163,100536,163,101576,163,100395,163,101598,100,100178,200,101680,100,100039,100,101810,100,99917,100,102138,100,99913,100,102348,100,99841,100
2019-06-28 10:07:03.868691263,101056,163,100902,100,101273,163,100583,163,101365,163,100548,163,101446,163,100536,163,101576,163,100395,163,101598,100,100178,100,101680,100,100039,100,101810,100,99917,100,102138,100,99913,100,102348,100,99841,100
2019-06-28 10:07:10.000000000,101056,258,100902,195,101273,258,100583,258,101365,100,100548,100,101446,100,100536,100,101576,100,100395,100,101598,100,100178,100,101680,100,100039,100,101810,100,99917,100,102138,100,99913,100,102348,100,99841,100
2019-06-28 10:07:20.000000000,101056,416,100902,353,101273,100,100583,100,101365,100,100548,100,101446,100,100536,100,101576,100,100395,100,101598,100,100178,100,101680,100,100039,100,101810,100,99917,100,102138,100,99913,100,102348,100,99841,100
2019-06-28 10:07:30.000000000,101056,207,100902,144,101273,204,100583,204,101365,204,100548,204,101446,100,100536,100,101576,100,100395,100,101598,100,100178,100,101680,100,100039,100,101810,100,99917,100,102138,100,99913,100,102348,100,99841,100
2019-06-28 10:07:40.000000000,101056,179,100902,116,101273,179,100583,179,101365,179,100548,179,101446,179,100536,179,101576,100,100395,100,101598,100,100178,100,101680,100,100039,100,101810,100,99917,100,102138,100,99913,100,102348,100,99841,100
2019-06-28 10:07:45.798012068,101056,179,100902,116,101273,179,100583,179,101365,179,100548,179,101446,179,100536,179,101576,100,100395,100,101598,100,100178,100,101680,100,100039,100,101810,100,99917,100,102103,100,99913,100,102138,100,99841,100
2019-06-28 10:07:50.000000000,101056,207,100902,144,101273,204,100583,204,101365,204,100548,204,101446,100,100536,100,101576,100,100395,100,101598,100,100178,100,101680,100,100039,100,101810,100,99917,100,102103,100,99913,100,102138,100,99841,100
2019-06-28 10:07:59.174663713,101056,107,100902,144,101273,204,100583,204,101365,204,100548,204,101446,100,100536,100,101576,100,100395,100,101598,100,100178,100,101680,100,100039,100,101810,100,99917,100,102103,100,99913,100,102138,100,99841,100
2019-06-28 10:08:00.000000000,101273,163,100902,100,101365,163,100583,163,101446,163,100548,163,101576,163,100536,163,101598,163,100395,163,101680,100,100178,100,101810,100,100039,100,102103,100,99917,100,102138,100,99913,100,102348,100,99841,100
2019-06-28 10:08:03.406409055,101273,163,100902,100,101365,163,100583,163,101446,163,100548,163,101576,163,100536,163,101598,163,100395,163,101680,100,100178,100,101810,100,100039,100,102103,100,99917,100,102138,100,99913,100,102166,100,99841,100
2019-06-28 10:08:10.000000000,101273,179,100902,116,101365,179,100583,179,101446,179,100548,179,101576,179,100536,179,101598,100,100395,100,101680,100,100178,100,101810,100,100039,100,102103,100,99917,100,102138,100,99913,100,102166,100,99841,100
2019-06-28 10:08:20.000000000,101273,207,100902,144,101365,204,100583,204,101446,204,100548,204,101576,100,100536,100,101598,100,100395,100,101680,100,100178,100,101810,100,100039,100,102103,100,99917,100,102138,100,99913,100,102166,100,99841,100
2019-06-28 10:08:30.000000000,101273,179,100902,116,101365,179,100583,179,101446,179,100548,179,101576,179,100536,179,101598,100,100395,100,101680,100,100178,100,101810,100,100039,100,102103,100,99917,100,102138,100,99913,100,102166,100,99841,100
2019-06-28 10:08:32.983790529,101273,179,100902,116,101365,179,100583,179,101446,179,100548,179,101576,179,100536,179,101598,100,100395,100,101680,100,100178,100,101810,100,100039,100,102103,100,99917,100,102138,100,99913,100,102166,100,99841,100
2019-06-28 10:08:40.000000000,101273,179,100902,116,101365,179,100583,179,101446,179,100548,179,101576,179,100536,179,101598,100,100395,100,101680,100,100178,100,101810,100,100039,100,102103,100,99917,100,102138,100,99913,100,102166,100,99841,100
2019-06-28 10:08:40.484481249,101273,179,100902,116,101365,179,100583,179,101446,179,100548,179,101576,179,100536,179,101598,100,100395,100,101680,100,100178,100,101810,100,100039,100,102103,100,99917,100,102138,100,99913,100,102166,100,99841,100
2019-06-28 10:08:49.276418799,101273,79,100902,116,101365,179,100583,179,101446,179,100548,179,101576,179,100536,179,101598,100,100395,100,101680,100,100178,100,101810,100,100039,100,102103,100,99917,100,102138,100,99913,100,102166,100,99841,100
2019-06-28 10:08:50.000000000,101365,179,100902,116,101446,179,100583,179,101576,179,100548,179,101598,179,100536,179,101680,100,100395,100,101810,100,100178,100,102103,100,100039,100,102138,100,99917,100,102166,100,99913,100,102216,100,99841,100
2019-06-28 10:09:00.000000000,101365,416,100902,353,101446,100,100583,100,101576,100,100548,100,101598,100,100536,100,101680,100,100395,100,101810,100,100178,100,102103,100,100039,100,102138,100,99917,100,102166,100,99913,100,102216,100,99841,100
2019-06-28 10:09:10.000000000,101365,179,100902,116,101446,179,100583,179,101576,179,100548,179,101598,179,100536,179,101680,100,100395,100,101810,100,100178,100,102103,100,100039,100,102138,100,99917,100,102166,100,99913,100,102216,100,99841,100
2019-06-28 10:09:17.513486886,101365,179,100902,116,101446,179,100583,179,101576,179,100548,179,101598,179,100536,179,101680,100,100395,100,101810,100,100178,100,102103,100,100039,100,102138,100,99917,100,102166,100,99913,100,102216,100,99841,100
