,ask_price_1,ask_size_1,bid_price_1,bid_size_1,ask_price_2,ask_size_2,bid_price_2,bid_size_2,ask_price_3,ask_size_3,bid_price_3,bid_size_3,ask_price_4,ask_size_4,bid_price_4,bid_size_4,ask_price_5,ask_size_5,bid_price_5,bid_size_5,ask_price_6,ask_size_6,bid_price_6,bid_size_6,ask_price_7,ask_size_7,bid_price_7,bid_size_7,ask_price_8,ask_size_8,bid_price_8,bid_size_8,ask_price_9,ask_size_9,bid_price_9,bid_size_9,ask_price_10,ask_size_10,bid_price_10,bid_size_10
2019-06-28 09:30:00.000000000,100028,100,99964,100,,,,,,,,,,,,,,,,,,,,,,,,,,,,,,,,,,,,
2019-06-28 09:30:00.000000004,99985,100,99961,100,99998,100,99852,100,100028,100,,,,,,,,,,,,,,,,,,,,,,,,,,,,,,
2019-06-28 09:30:00.000000006,99985,100,99961,100,99998,100,99852,100,100028,100,99809,100,,,,,,,,,,,,,,,,,,,,,,,,,,,,
2019-06-28 09:30:00.000000008,99998,100,99961,100,100028,100,99852,100,,,99809,100,,,,,,,,,,,,,,,,,,,,,,,,,,,,
2019-06-28 09:30:00.000000012,99985,100,99961,100,99998,100,99852,100,100028,100,99809,100,,,,,,,,,,,,,,,,,,,,,,,,,,,,
2019-06-28 09:30:00.000000013,99985,100,99964,100,99998,100,99961,100,100028,100,99852,100,100061,100,99809,100,,,,,,,,,,,,,,,,,,,,,,,,
2019-06-28 09:30:00.000000016,99985,100,99964,100,99998,100,99961,100,100028,100,99852,100,100030,100,99809,100,100061,100,,,,,,,,,,,,,,,,,,,,,,
2019-06-28 09:30:00.000000017,99985,100,99964,100,99998,100,99961,100,100028,100,99907,100,100030,100,99852,100,100061,100,99809,100,,,,,,,,,,,,,,,,,,,,
2019-06-28 09:30:00.000000020,99985,100,99964,100,99998,100,99961,100,100028,100,99907,100,100030,100,99852,100,100061,100,99809,100,100143,100,,,,,,,,,,,,,,,,,,
2019-06-28 09:30:00.000000021,99985,100,99964,100,99998,100,99961,100,100022,100,99907,100,100028,100,99852,100,100030,100,99809,100,100061,100,,,100143,100,,,,,,,,,,,,,,
2019-06-28 09:30:00.000000022,99985,100,99964,100,99998,100,99961,100,100022,100,99907,100,100028,100,99852,100,100030,100,99809,100,100061,100,,,100098,100,,,100143,100,,,,,,,,,,
2019-06-28 09:30:00.000000023,99985,100,99964,100,99998,100,99961,100,100022,100,99935,100,100028,100,99907,100,100030,100,99852,100,100061,100,99809,100,100098,100,,,100143,100,,,,,,,,,,
2019-06-28 09:30:00.000000024,99985,100,99964,100,99998,100,99961,100,100022,100,99935,100,100028,100,99907,100,100030,100,99852,100,100040,100,99809,100,100061,100,,,100098,100,,,100143,100,,,,,,
2019-06-28 09:30:00.000000025,99985,100,99964,100,99998,100,99961,100,100022,100,99935,100,100028,100,99907,100,100030,100,99852,100,100040,100,99809,100,100061,100,,,100098,100,,,100143,100,,,,,,
2019-06-28 09:30:00.000000027,99985,100,99961,100,99998,100,99935,100,100022,100,99907,100,100028,100,99852,100,100030,100,99809,100,100040,100,,,100061,100,,,100098,100,,,100143,100,,,,,,
2019-06-28 09:30:00.000000031,99985,100,99964,100,99998,100,99961,100,100022,100,99935,100,100028,100,99907,100,100030,100,99852,100,100040,100,99809,100,100061,100,,,100098,100,,,100143,100,,,,,,
2019-06-28 09:30:00.000000034,99985,100,99964,100,99998,100,99961,100,100022,100,99935,100,100028,100,99907,100,100030,100,99892,100,100040,100,99852,100,100061,100,99809,100,100098,100,,,100143,100,,,,,,
2019-06-28 09:30:00.000000035,99985,100,99964,100,99998,100,99961,100,100022,100,99935,100,100028,100,99907,100,100030,100,99892,100,100040,100,99852,100,100061,100,99809,100,100098,100,,,100126,100,,,100143,100,,
2019-06-28 09:30:00.000000036,99985,100,99964,100,99998,100,99961,100,100022,100,99935,100,100028,100,99907,100,100030,100,99892,100,100037,100,99852,100,100040,100,99809,100,100061,100,,,100098,100,,,100126,100,,
2019-06-28 09:30:00.000000037,99985,100,99964,100,99998,100,99961,100,100022,100,99935,100,100028,100,99907,100,100030,100,99892,100,100037,100,99852,100,100040,100,99809,100,100061,100,,,100098,100,,,100126,100,,
2019-06-28 09:30:00.000000038,99985,100,99964,100,99998,100,99961,100,100022,100,99935,100,100028,100,99907,100,100030,100,99892,100,100037,100,99852,100,100040,100,99837,100,100061,100,99809,100,100098,100,,,100126,100,,
2019-06-28 09:30:00.000000041,99985,100,99964,100,99998,100,99961,100,100022,100,99935,100,100028,100,99914,100,100030,100,99907,100,100037,100,99892,100,100040,100,99852,100,100061,100,99837,100,100098,100,99809,100,100126,100,,
2019-06-28 09:30:00.000000042,99985,100,99964,200,99998,100,99961,100,100022,100,99935,100,100028,100,99914,100,100030,100,99907,100,100037,100,99905,100,100040,100,99892,100,100061,100,99852,100,100098,100,99837,100,100126,100,99809,100
2019-06-28 09:30:00.000000043,99985,100,99964,200,99998,100,99961,100,100022,100,99945,100,100028,100,99935,100,100030,100,99914,100,100037,100,99907,100,100040,100,99905,100,100061,100,99892,100,100098,100,99852,100,100126,100,99837,100
2019-06-28 09:30:00.000000045,99998,100,99995,100,100022,100,99964,200,100028,100,99961,100,100030,100,99945,100,100037,100,99935,100,100040,100,99914,100,100061,100,99907,100,100098,100,99905,100,100126,100,99892,100,100143,100,99852,100
2019-06-28 09:30:00.000000053,99998,100,99995,100,100022,100,99965,100,100028,100,99964,200,100030,100,99961,100,100037,100,99945,100,100040,100,99935,100,100061,100,99914,100,100098,100,99907,100,100126,100,99905,100,100143,100,99892,100
2019-06-28 09:30:00.000000055,99998,100,99995,100,100022,100,99982,100,100028,100,99965,100,100030,100,99964,200,100037,100,99961,100,100040,100,99945,100,100061,100,99935,100,100098,100,99914,100,100126,100,99907,100,100143,100,99905,100
2019-06-28 09:30:00.000000057,99998,100,99995,100,100022,100,99982,100,100028,100,99965,100,100030,100,99964,200,100037,100,99961,100,100040,100,99945,100,100061,100,99943,100,100098,100,99935,100,100126,100,99914,100,100143,100,99907,100
2019-06-28 09:30:00.000000058,99998,100,99995,100,100022,100,99982,100,100028,100,99965,100,100030,100,99964,200,100037,100,99961,100,100040,100,99945,100,100061,100,99943,100,100098,100,99935,100,100126,100,99914,100,100143,100,99907,100
2019-06-28 09:30:00.000000060,99998,100,99995,100,100022,100,99982,100,100028,100,99965,100,100030,100,99964,200,100037,100,99961,100,100040,100,99945,100,100061,100,99943,100,100098,100,99935,100,100115,100,99914,100,100126,100,99907,100
2019-06-28 09:30:00.000000064,99998,100,99995,100,100022,100,99982,100,100028,100,99965,100,100030,100,99964,200,100037,100,99961,100,100040,100,99945,100,100061,100,99943,200,100098,100,99935,100,100115,100,99914,100,100126,100,99907,100
2019-06-28 09:30:00.000000066,99998,100,99995,100,100022,100,99982,100,100028,100,99965,200,100030,100,99964,200,100037,100,99961,100,100040,100,99945,100,100061,100,99943,200,100067,100,99935,100,100098,100,99914,100,100115,100,99907,100
2019-06-28 09:30:00.000000067,99998,100,99995,100,100008,100,99982,100,100022,100,99965,200,100028,100,99964,200,100030,100,99961,100,100037,100,99945,100,100040,100,99943,200,100061,100,99935,100,100067,100,99914,100,100098,100,99907,100
2019-06-28 09:30:00.000000068,99998,100,99995,100,100008,100,99982,100,100022,100,99965,200,100028,100,99964,200,100030,100,99961,100,100037,100,99945,100,100040,100,99943,200,100061,100,99935,100,100067,100,99921,100,100098,100,99914,100
2019-06-28 09:30:00.000000070,99998,100,99982,100,100008,100,99965,200,100022,100,99964,200,100028,100,99961,100,100030,100,99945,100,100037,100,99943,200,100040,100,99935,100,100061,100,99921,100,100067,100,99914,100,100098,100,99907,100
2019-06-28 09:30:00.000000072,99998,100,99982,100,100008,100,99965,200,100022,100,99964,200,100028,100,99961,100,100030,100,99945,100,100037,100,99943,200,100040,100,99935,100,100061,100,99921,100,100067,100,99914,100,100098,100,99907,100
2019-06-28 09:30:00.000000074,99995,100,99982,100,99998,100,99965,200,100008,100,99964,200,100022,100,99961,100,100028,100,99945,100,100030,100,99943,200,100037,100,99935,100,100040,100,99921,100,100061,100,99914,100,100067,100,99907,100
2019-06-28 09:30:00.000000075,99995,100,99982,100,99998,100,99965,200,100008,100,99964,200,100022,100,99961,100,100028,100,99945,100,100030,100,99943,200,100037,100,99935,100,100040,100,99921,100,100048,100,99914,100,100061,100,99907,100
2019-06-28 09:30:00.000000078,99991,100,99982,100,99995,100,99965,200,99998,100,99964,200,100007,100,99961,100,100008,100,99945,100,100022,100,99943,200,100028,100,99935,100,100030,100,99921,100,100037,100,99914,100,100040,100,99907,100
2019-06-28 09:30:00.000000080,99995,100,99982,100,99998,100,99965,200,100007,100,99964,200,100008,100,99961,100,100022,100,99945,100,100028,100,99943,200,100030,100,99935,100,100037,100,99921,100,100040,100,99914,100,100048,100,99907,100
2019-06-28 09:30:00.000000081,99995,100,99982,100,99998,100,99965,200,100007,100,99964,200,100008,100,99961,100,100022,100,99945,100,100028,100,99943,200,100030,100,99935,100,100037,100,99921,100,100040,100,99914,100,100048,100,99907,100
2019-06-28 09:30:00.000000083,99995,100,99982,100,99998,100,99965,200,100007,100,99964,200,100008,100,99961,100,100022,100,99945,100,100028,100,99943,200,100030,100,99935,100,100037,100,99921,100,100040,100,99914,100,100048,100,99907,100
2019-06-28 09:30:00.000000086,99998,100,99982,100,100007,100,99965,200,100008,100,99964,200,100022,100,99961,100,100028,100,99945,100,100030,100,99943,200,100037,100,99935,100,100040,100,99921,100,100048,100,99914,100,100061,100,99907,100
2019-06-28 09:30:00.000000088,99998,100,99965,200,100007,100,99964,200,100008,100,99961,100,100022,100,99945,100,100028,100,99943,200,100030,100,99935,100,100037,100,99921,100,100040,100,99914,100,100048,100,99907,100,100061,100,99905,100
2019-06-28 09:30:00.000000094,99998,100,99965,200,100007,100,99964,200,100008,100,99961,100,100022,100,99945,100,100028,100,99943,200,100030,100,99935,100,100037,100,99921,100,100040,100,99914,100,100048,100,99910,100,100061,100,99907,100
2019-06-28 09:30:10.000000000,99998,168,99965,268,100007,168,99964,268,100008,168,99961,168,100022,168,99945,168,100028,168,99943,268,100030,100,99935,100,100037,100,99921,100,100040,100,99914,100,100048,100,99910,100,100061,100,99907,100
2019-06-28 09:30:20.000000000,99998,270,99965,370,100007,270,99964,370,100008,100,99961,100,100022,100,99945,100,100028,100,99943,200,100030,100,99935,100,100037,100,99921,100,100040,100,99914,100,100048,100,99910,100,100061,100,99907,100
2019-06-28 09:30:30.000000000,99998,270,99965,370,100007,270,99964,370,100008,100,99961,100,100022,100,99945,100,100028,100,99943,200,100030,100,99935,100,100037,100,99921,100,100040,100,99914,100,100048,100,99910,100,100061,100,99907,100
2019-06-28 09:30:40.000000000,99998,185,99965,285,100007,185,99964,285,100008,185,99961,185,100022,185,99945,185,100028,100,99943,200,100030,100,99935,100,100037,100,99921,100,100040,100,99914,100,100048,100,99910,100,100061,100,99907,100
2019-06-28 09:30:45.483233889,99998,85,99965,285,100007,185,99964,285,100008,185,99961,185,100022,185,99945,185,100028,100,99943,200,100030,100,99935,100,100037,100,99921,100,100040,100,99914,100,100061,100,99910,100,100067,100,99907,100
2019-06-28 09:30:50.000000000,100007,270,99965,370,100008,270,99964,370,100022,100,99961,100,100028,100,99945,100,100030,100,99943,200,100037,100,99935,100,100040,100,99921,100,100061,100,99914,100,100067,100,99910,100,100068,100,99907,100
2019-06-28 09:31:00.000000000,100007,270,99965,370,100008,270,99964,370,100022,100,99961,100,100028,100,99945,100,100030,100,99943,200,100037,100,99935,100,100040,100,99921,100,100061,100,99914,100,100067,100,99910,100,100068,100,99907,100
2019-06-28 09:31:08.514449013,100007,170,99965,370,100008,270,99964,370,100022,100,99961,100,100028,100,99945,100,100030,100,99943,200,100037,100,99935,100,100040,100,99921,100,100061,100,99914,100,100067,100,99910,100,100068,100,99907,100
2019-06-28 09:31:10.000000000,100008,215,99965,315,100022,212,99964,312,100028,212,99961,212,100030,100,99945,100,100037,100,99943,200,100040,100,99935,100,100061,100,99921,100,100067,100,99914,100,100068,100,99910,100,100071,100,99907,100
2019-06-28 09:31:20.000000000,100008,185,99965,285,100022,185,99964,285,100028,185,99961,185,100030,185,99945,185,100037,100,99943,200,100040,100,99935,100,100061,100,99921,100,100067,100,99914,100,100068,100,99910,100,100071,100,99907,100
2019-06-28 09:31:30.000000000,100008,270,99965,370,100022,270,99964,370,100028,100,99961,100,100030,100,99945,100,100037,100,99943,200,100040,100,99935,100,100061,100,99921,100,100067,100,99914,100,100068,100,99910,100,100071,100,99907,100
2019-06-28 09:31:32.773016606,100008,270,99965,370,100022,270,99964,370,100028,100,99961,100,100030,100,99945,100,100037,100,99943,200,100040,100,99935,100,100061,100,99921,100,100067,100,99914,100,100068,100,99910,100,100071,100,99907,100
2019-06-28 09:31:37.421257081,100008,170,99965,370,100022,270,99964,370,100028,100,99945,100,100030,100,99943,200,100037,100,99935,100,100040,100,99921,100,100061,100,99914,100,100067,100,99910,100,100068,100,99907,100,100071,100,99892,100
2019-06-28 09:31:40.000000000,100022,439,99965,539,100028,100,99964,200,100030,100,99945,100,100037,100,99943,200,100040,100,99935,100,100061,100,99921,100,100067,100,99914,100,100068,100,99910,100,100071,100,99907,100,100098,100,99892,100
2019-06-28 09:31:42.648076148,100022,439,99965,539,100028,100,99964,200,100030,100,99945,100,100037,100,99943,200,100040,100,99935,100,100061,100,99921,100,100067,100,99914,100,100068,100,99910,100,100071,100,99907,100,100098,100,99892,100
2019-06-28 09:31:50.000000000,100022,168,99965,268,100028,168,99964,268,100030,168,99945,168,100037,168,99943,268,100040,168,99935,168,100061,100,99921,100,100067,100,99914,100,100068,100,99910,100,100071,100,99907,100,100098,100,99892,100
2019-06-28 09:32:00.000000000,100022,168,99965,268,100028,168,99964,268,100030,168,99945,168,100037,168,99943,268,100040,168,99935,168,100061,100,99921,100,100067,100,99914,100,100068,100,99910,100,100071,100,99907,100,100098,100,99892,100
2019-06-28 09:32:10.000000000,100022,168,99965,268,100028,168,99964,268,100030,168,99945,168,100037,168,99943,268,100040,168,99935,168,100061,100,99921,100,100067,100,99914,100,100068,100,99910,100,100071,100,99907,100,100098,100,99892,100
2019-06-28 09:32:20.000000000,100022,168,99965,268,100028,168,99964,268,100030,168,99945,168,100037,168,99943,268,100040,168,99935,168,100061,100,99921,100,100067,100,99914,100,100068,100,99910,100,100071,100,99907,100,100098,100,99892,100
2019-06-28 09:32:30.000000000,100022,168,99965,268,100028,168,99964,268,100030,168,99945,168,100037,168,99943,268,100040,168,99935,168,100061,100,99921,100,100067,100,99914,100,100068,100,99910,100,100071,100,99907,100,100098,100,99892,100
2019-06-28 09:32:40.000000000,100022,270,99965,370,100028,270,99964,370,100030,100,99945,100,100037,100,99943,200,100040,100,99935,100,100061,100,99921,100,100067,100,99914,100,100068,100,99910,100,100071,100,99907,100,100098,100,99892,100
2019-06-28 09:32:41.453707750,100006,100,99965,370,100022,270,99964,370,100028,270,99945,100,100030,100,99943,200,100037,100,99935,100,100040,100,99921,100,100061,100,99914,100,100067,100,99910,100,100068,100,99907,100,100071,100,99892,100
2019-06-28 09:32:50.000000000,100006,270,99965,370,100022,270,99964,370,100028,100,99945,100,100030,100,99943,200,100037,100,99935,100,100040,100,99921,100,100061,100,99914,100,100067,100,99910,100,100068,100,99907,100,100071,100,99892,100
2019-06-28 09:33:00.000000000,100006,168,99965,268,100022,168,99964,268,100028,168,99945,168,100030,168,99943,268,100037,168,99935,168,100040,100,99921,100,100061,100,99914,100,100067,100,99910,100,100068,100,99907,100,100071,100,99892,100
2019-06-28 09:33:10.000000000,100006,439,99965,539,100022,100,99964,200,100028,100,99945,100,100030,100,99943,200,100037,100,99935,100,100040,100,99921,100,100061,100,99914,100,100067,100,99910,100,100068,100,99907,100,100071,100,99892,100
2019-06-28 09:33:13.901616898,100006,439,99965,539,100022,100,99964,200,100028,100,99945,100,100030,100,99943,200,100037,100,99935,100,100040,100,99921,100,100061,100,99914,100,100067,100,99910,100,100068,100,99907,100,100071,100,99892,100
2019-06-28 09:33:20.000000000,100006,215,99965,315,100022,212,99964,312,100028,212,99945,212,100030,100,99943,200,100037,100,99935,100,100040,100,99921,100,100061,100,99914,100,100067,100,99910,100,100068,100,99907,100,100071,100,99892,100
2019-06-28 09:33:30.000000000,100006,185,99965,285,100022,185,99964,285,100028,185,99945,185,100030,185,99943,285,100037,100,99935,100,100040,100,99921,100,100061,100,99914,100,100067,100,99910,100,100068,100,99907,100,100071,100,99892,100
2019-06-28 09:33:32.935199762,100006,185,99965,285,100022,185,99964,285,100028,185,99945,85,100030,185,99943,285,100037,100,99935,100,100040,100,99926,100,100061,100,99921,100,100067,100,99914,100,100068,100,99910,100,100071,100,99907,100
2019-06-28 09:33:40.000000000,100006,270,99965,370,100022,270,99964,370,100028,100,99943,200,100030,100,99935,100,100037,100,99926,100,100040,100,99921,100,100061,100,99914,100,100067,100,99910,100,100068,100,99907,100,100071,100,99892,100
2019-06-28 09:33:50.000000000,100006,185,99965,285,100022,185,99964,285,100028,185,99943,285,100030,185,99935,185,100037,100,99926,100,100040,100,99921,100,100061,100,99914,100,100067,100,99910,100,100068,100,99907,100,100071,100,99892,100
2019-06-28 09:34:00.000000000,100006,168,99965,268,100022,168,99964,268,100028,168,99943,268,100030,168,99935,168,100037,168,99926,168,100040,100,99921,100,100061,100,99914,100,100067,100,99910,100,100068,100,99907,100,100071,100,99892,100
2019-06-28 09:34:10.000000000,100006,439,99965,539,100022,100,99964,200,100028,100,99943,200,100030,100,99935,100,100037,100,99926,100,100040,100,99921,100,100061,100,99914,100,100067,100,99910,100,100068,100,99907,100,100071,100,99892,100
2019-06-28 09:34:20.000000000,100006,215,99965,315,100022,212,99964,312,100028,212,99943,312,100030,100,99935,100,100037,100,99926,100,100040,100,99921,100,100061,100,99914,100,100067,100,99910,100,100068,100,99907,100,100071,100,99892,100
2019-06-28 09:34:30.000000000,100006,439,99965,539,100022,100,99964,200,100028,100,99943,200,100030,100,99935,100,100037,100,99926,100,100040,100,99921,100,100061,100,99914,100,100067,100,99910,100,100068,100,99907,100,100071,100,99892,100
2019-06-28 09:34:39.087381750,100006,439,99965,539,100022,100,99964,200,100028,100,99943,200,100030,100,99935,100,100037,100,99926,100,100040,100,99921,100,100061,100,99914,100,100067,100,99910,100,100068,100,99907,100,100071,100,99892,100
2019-06-28 09:34:40.000000000,100006,168,99965,268,100022,168,99964,268,100028,168,99943,268,100030,168,99935,168,100037,168,99926,168,100040,100,99921,100,100061,100,99914,100,100067,100,99910,100,100068,100,99907,100,100071,100,99892,100
2019-06-28 09:34:44.786559169,100006,168,99965,268,100022,168,99964,268,100028,168,99943,268,100030,168,99935,168,100037,168,99926,168,100040,100,99921,100,100061,100,99914,100,100067,100,99910,100,100068,100,99907,100,100071,100,99892,100
2019-06-28 09:34:50.000000000,100006,185,99965,285,100022,185,99964,285,100028,185,99943,285,100030,185,99935,185,100037,100,99926,100,100040,100,99921,100,100061,100,99914,100,100067,100,99910,100,100068,100,99907,100,100071,100,99892,100
2019-06-28 09:35:00.000000000,100006,215,99965,315,100022,212,99964,312,100028,212,99943,312,100030,100,99935,100,100037,100,99926,100,100040,100,99921,100,100061,100,99914,100,100067,100,99910,100,100068,100,99907,100,100071,100,99892,100
2019-06-28 09:35:10.000000000,100006,270,99965,370,100022,270,99964,370,100028,100,99943,200,100030,100,99935,100,100037,100,99926,100,100040,100,99921,100,100061,100,99914,100,100067,100,99910,100,100068,100,99907,100,100071,100,99892,100
2019-06-28 09:35:12.455065062,100006,170,99965,370,100022,270,99964,370,100028,100,99943,200,100030,100,99935,100,100037,100,99926,100,100040,100,99921,100,100061,100,99914,100,100067,100,99910,100,100068,100,99907,100,100071,100,99892,100
2019-06-28 09:35:20.000000000,100022,185,99965,285,100028,185,99964,285,100030,185,99943,285,100037,185,99935,185,100040,100,99926,100,100061,100,99921,100,100067,100,99914,100,100068,100,99910,100,100071,100,99907,100,100098,100,99892,100
2019-06-28 09:35:20.480351003,100022,185,100006,100,100028,185,99965,285,100030,185,99964,285,100037,185,99943,285,100040,100,99935,185,100061,100,99926,100,100067,100,99921,100,100068,100,99914,100,100071,100,99910,100,100098,100,99907,100
2019-06-28 09:35:21.421110041,100022,185,100006,100,100028,185,99965,285,100030,185,99964,285,100037,185,99943,285,100061,100,99935,185,100067,100,99926,100,100068,100,99921,100,100071,100,99914,100,100098,100,99910,100,100143,100,99907,100
2019-06-28 09:35:26.292318005,100022,185,100006,100,100028,185,99965,285,100030,185,99964,285,100037,185,99943,285,100061,100,99935,185,100067,100,99926,200,100068,100,99921,100,100071,100,99914,100,100098,100,99910,100,100143,100,99907,100
2019-06-28 09:35:27.352469867,100022,185,100006,200,100028,185,99965,285,100030,185,99964,285,100037,185,99943,285,100061,100,99935,185,100067,100,99926,200,100068,100,99921,100,100071,100,99914,100,100098,100,99910,100,100143,100,99907,100
2019-06-28 09:35:30.000000000,100022,168,100006,268,100028,168,99965,268,100030,168,99964,268,100037,168,99943,268,100061,168,99935,168,100067,100,99926,200,100068,100,99921,100,100071,100,99914,100,100098,100,99910,100,100143,100,99907,100
2019-06-28 09:35:40.000000000,100022,168,100006,268,100028,168,99965,268,100030,168,99964,268,100037,168,99943,268,100061,168,99935,168,100067,100,99926,200,100068,100,99921,100,100071,100,99914,100,100098,100,99910,100,100143,100,99907,100
2019-06-28 09:35:50.000000000,100022,439,100006,539,100028,100,99965,200,100030,100,99964,200,100037,100,99943,200,100061,100,99935,100,100067,100,99926,200,100068,100,99921,100,100071,100,99914,100,100098,100,99910,100,100143,100,99907,100
2019-06-28 09:36:00.000000000,100022,168,100006,268,100028,168,99965,268,100030,168,99964,268,100037,168,99943,268,100061,168,99935,168,100067,100,99926,200,100068,100,99921,100,100071,100,99914,100,100098,100,99910,100,100143,100,99907,100
2019-06-28 09:36:07.061338932,100022,168,100006,268,100028,168,99965,268,100030,168,99964,268,100037,168,99943,268,100061,168,99935,168,100067,100,99926,200,100068,100,99921,100,100071,100,99914,100,100098,100,99910,100,100143,100,99907,100
2019-06-28 09:36:07.874221567,100022,168,100006,268,100028,168,99965,268,100030,168,99964,268,100037,168,99943,268,100061,68,99935,168,100067,100,99926,200,100068,100,99921,100,100071,100,99914,100,100098,100,99910,100,100143,100,99907,100
2019-06-28 09:36:10.000000000,100022,439,100006,539,100028,100,99965,200,100030,100,99964,200,100037,100,99943,200,100067,100,99935,100,100068,100,99926,200,100071,100,99921,100,100098,100,99914,100,100143,100,99910,100,100151,100,99907,100
2019-06-28 09:36:10.571030613,100022,439,100006,539,100028,100,99965,200,100030,100,99964,200,100037,100,99943,200,100067,100,99935,100,100068,100,99926,200,100071,100,99921,100,100098,100,99914,100,100143,100,99910,100,100151,100,99907,100
2019-06-28 09:36:20.000000000,100022,185,100006,285,100028,185,99965,285,100030,185,99964,285,100037,185,99943,285,100067,100,99935,100,100068,100,99926,200,100071,100,99921,100,100098,100,99914,100,100143,100,99910,100,100151,100,99907,100
2019-06-28 09:36:30.000000000,100022,168,100006,268,100028,168,99965,268,100030,168,99964,268,100037,168,99943,268,100067,168,99935,168,100068,100,99926,200,100071,100,99921,100,100098,100,99914,100,100143,100,99910,100,100151,100,99907,100
2019-06-28 09:36:32.233258170,100022,68,100006,268,100028,168,99965,268,100030,168,99964,268,100037,168,99943,268,100067,168,99935,168,100068,100,99926,200,100071,100,99921,100,100098,100,99910,100,100143,100,99907,100,100151,100,99892,100
2019-06-28 09:36:40.000000000,100028,270,100006,370,100030,270,99965,370,100037,100,99964,200,100067,100,99943,200,100068,100,99935,100,100071,100,99926,200,100098,100,99921,100,100143,100,99910,100,100151,100,99907,100,100165,100,99892,100
2019-06-28 09:36:47.118655753,100028,270,100007,100,100030,270,100006,370,100037,100,99965,370,100067,100,99964,200,100068,100,99943,200,100071,100,99935,100,100098,100,99926,200,100143,100,99921,100,100151,100,99910,100,100165,100,99907,100
2019-06-28 09:36:50.000000000,100028,185,100007,185,100030,185,100006,285,100037,185,99965,285,100067,185,99964,285,100068,100,99943,200,100071,100,99935,100,100098,100,99926,200,100143,100,99921,100,100151,100,99910,100,100165,100,99907,100
2019-06-28 09:37:00.000000000,100028,270,100007,270,100030,270,100006,370,100037,100,99965,200,100067,100,99964,200,100068,100,99943,200,100071,100,99935,100,100098,100,99926,200,100143,100,99921,100,100151,100,99910,100,100165,100,99907,100
2019-06-28 09:37:01.004436817,100028,270,100007,370,100030,270,100006,370,100037,100,99965,200,100067,100,99964,100,100068,100,99943,200,100071,100,99935,100,100098,100,99926,200,100143,100,99921,100,100151,100,99910,100,100165,100,99907,100
2019-06-28 09:37:07.401643589,100028,270,100007,370,100030,270,100006,370,100037,100,99965,200,100067,100,99964,100,100068,100,99943,200,100071,100,99935,100,100098,100,99926,200,100143,100,99921,100,100151,100,99910,100,100165,100,99907,100
2019-06-28 09:37:10.000000000,100028,168,100007,268,100030,168,100006,268,100037,168,99965,268,100067,168,99964,168,100068,168,99943,268,100071,100,99935,100,100098,100,99926,200,100143,100,99921,100,100151,100,99910,100,100165,100,99907,100
2019-06-28 09:37:17.791077259,100028,68,100007,268,100030,168,100006,268,100037,168,99965,268,100067,168,99964,168,100068,168,99943,268,100071,100,99935,100,100098,100,99926,200,100143,100,99921,100,100151,100,99910,100,100165,100,99907,100
2019-06-28 09:37:20.000000000,100030,439,100007,539,100037,100,100006,200,100067,100,99965,200,100068,100,99964,100,100071,100,99943,200,100098,100,99935,100,100143,100,99926,200,100151,100,99921,100,100165,100,99910,100,100170,100,99907,100
2019-06-28 09:37:30.000000000,100030,215,100007,315,100037,212,100006,312,100067,212,99965,312,100068,100,99964,100,100071,100,99943,200,100098,100,99935,100,100143,100,99926,200,100151,100,99921,100,100165,100,99910,100,100170,100,99907,100
2019-06-28 09:37:40.000000000,100030,270,100007,370,100037,270,100006,370,100067,100,99965,200,100068,100,99964,100,100071,100,99943,200,100098,100,99935,100,100143,100,99926,200,100151,100,99921,100,100165,100,99910,100,100170,100,99907,100
2019-06-28 09:37:47.964634471,100030,170,100007,370,100037,270,100006,370,100067,100,99965,200,100068,100,99964,100,100071,100,99943,200,100098,100,99935,100,100143,100,99926,200,100151,100,99910,100,100165,100,99907,100,100170,100,99892,100
2019-06-28 09:37:50.000000000,100037,185,100007,285,100067,185,100006,285,100068,185,99965,285,100071,185,99964,185,100098,100,99943,200,100143,100,99935,100,100151,100,99926,200,100165,100,99910,100,100170,100,99907,100,100187,100,99892,100
2019-06-28 09:37:51.055782499,100037,185,100007,285,100067,185,100006,285,100068,185,99965,285,100071,185,99964,185,100098,100,99943,200,100143,100,99935,100,100144,100,99926,200,100151,100,99910,100,100165,100,99907,100,100170,100,99892,100
2019-06-28 09:38:00.000000000,100037,168,100007,268,100067,168,100006,268,100068,168,99965,268,100071,168,99964,168,100098,168,99943,268,100143,100,99935,100,100144,100,99926,200,100151,100,99910,100,100165,100,99907,100,100170,100,99892,100
2019-06-28 09:38:01.017279209,100037,168,100007,268,100067,168,100006,268,100068,168,99965,268,100071,168,99964,168,100098,168,99943,268,100143,100,99935,100,100144,100,99926,200,100151,100,99910,100,100165,100,99907,100,100170,100,99892,100
2019-06-28 09:38:10.000000000,100037,270,100007,370,100067,270,100006,370,100068,100,99965,200,100071,100,99964,100,100098,100,99943,200,100143,100,99935,100,100144,100,99926,200,100151,100,99910,100,100165,100,99907,100,100170,100,99892,100
2019-06-28 09:38:20.000000000,100037,215,100007,315,100067,212,100006,312,100068,212,99965,312,100071,100,99964,100,100098,100,99943,200,100143,100,99935,100,100144,100,99926,200,100151,100,99910,100,100165,100,99907,100,100170,100,99892,100
2019-06-28 09:38:30.000000000,100037,270,100007,370,100067,270,100006,370,100068,100,99965,200,100071,100,99964,100,100098,100,99943,200,100143,100,99935,100,100144,100,99926,200,100151,100,99910,100,100165,100,99907,100,100170,100,99892,100
2019-06-28 09:38:40.000000000,100037,439,100007,539,100067,100,100006,200,100068,100,99965,200,100071,100,99964,100,100098,100,99943,200,100143,100,99935,100,100144,100,99926,200,100151,100,99910,100,100165,100,99907,100,100170,100,99892,100
2019-06-28 09:38:42.042506395,100037,439,100007,539,100067,100,100006,200,100068,100,99965,200,100071,100,99964,100,100098,100,99943,200,100143,100,99935,100,100144,100,99926,200,100151,100,99910,100,100165,100,99907,100,100170,100,99892,100
2019-06-28 09:38:50.000000000,100037,439,100007,539,100067,100,100006,200,100068,100,99965,200,100071,100,99964,100,100098,100,99943,200,100143,100,99935,100,100144,100,99926,200,100151,100,99910,100,100165,100,99907,100,100170,100,99892,100
2019-06-28 09:38:50.576817762,100037,339,100007,539,100067,100,100006,200,100068,100,99965,200,100071,100,99964,100,100098,100,99943,200,100143,100,99935,100,100144,100,99926,200,100151,100,99910,100,100165,100,99907,100,100170,100,99892,100
2019-06-28 09:38:53.628292661,100037,239,100007,539,100067,100,100006,200,100068,100,99965,200,100071,100,99964,100,100098,100,99943,200,100143,100,99935,100,100144,100,99926,200,100151,100,99910,100,100165,100,99907,100,100187,100,99892,100
2019-06-28 09:38:55.682982392,100037,139,100007,539,100067,100,100006,200,100068,100,99965,100,100071,100,99964,100,100098,100,99943,200,100143,100,99935,100,100144,100,99926,200,100151,100,99910,100,100165,100,99907,100,100187,100,99892,100
2019-06-28 09:39:00.000000000,100067,168,100007,268,100068,168,100006,268,100071,168,99965,168,100098,168,99964,168,100143,168,99943,268,100144,100,99935,100,100151,100,99926,200,100165,100,99910,100,100187,100,99907,100,100222,100,99892,100
2019-06-28 09:39:07.256928773,100067,68,100007,268,100068,168,100006,268,100071,168,99965,168,100098,168,99964,168,100143,168,99943,268,100144,100,99935,100,100151,100,99926,200,100165,100,99910,100,100187,100,99907,100,100222,100,99892,100
2019-06-28 09:39:10.000000000,100068,168,100007,268,100071,168,100006,268,100098,168,99965,168,100143,168,99964,168,100144,168,99943,268,100151,100,99935,100,100165,100,99926,200,100187,100,99910,100,100222,100,99907,100,100306,100,99892,100
2019-06-28 09:39:20.000000000,100068,168,100007,268,100071,168,100006,268,100098,168,99965,168,100143,168,99964,168,100144,168,99943,268,100151,100,99935,100,100165,100,99926,200,100187,100,99910,100,100222,100,99907,100,100306,100,99892,100
2019-06-28 09:39:25.692587384,100068,168,100007,268,100071,168,100006,268,100098,168,99965,168,100143,168,99964,168,100144,168,99943,268,100151,100,99942,100,100165,100,99935,100,100222,100,99926,200,100306,100,99910,100,100331,100,99907,100
2019-06-28 09:39:30.000000000,100068,270,100007,370,100071,270,100006,370,100098,100,99965,100,100143,100,99964,100,100144,100,99943,200,100151,100,99942,100,100165,100,99935,100,100222,100,99926,200,100306,100,99910,100,100331,100,99907,100
2019-06-28 09:39:36.773729158,100068,270,100007,370,100071,270,100006,370,100098,100,99965,100,100143,100,99964,100,100144,100,99943,200,100151,100,99942,100,100165,100,99935,100,100223,100,99926,200,100306,100,99910,100,100331,100,99907,100
2019-06-28 09:39:37.382320823,100068,170,100007,370,100071,270,100006,370,100098,100,99965,100,100143,100,99964,100,100144,100,99943,200,100151,100,99942,100,100165,100,99935,100,100223,100,99926,200,100306,100,99910,100,100331,100,99907,100
2019-06-28 09:39:40.000000000,100071,439,100007,539,100098,100,100006,200,100143,100,99965,100,100144,100,99964,100,100151,100,99943,200,100165,100,99942,100,100223,100,99935,100,100306,100,99926,200,100331,100,99910,100,100386,100,99907,100
2019-06-28 09:39:50.000000000,100071,185,100007,285,100098,185,100006,285,100143,185,99965,185,100144,185,99964,185,100151,100,99943,200,100165,100,99942,100,100223,100,99935,100,100306,100,99926,200,100331,100,99910,100,100386,100,99907,100
2019-06-28 09:40:00.000000000,100071,270,100007,370,100098,270,100006,370,100143,100,99965,100,100144,100,99964,100,100151,100,99943,200,100165,100,99942,100,100223,100,99935,100,100306,100,99926,200,100331,100,99910,100,100386,100,99907,100
2019-06-28 09:40:07.346248562,100071,270,100007,270,100098,270,100006,370,100143,100,99965,100,100144,100,99964,100,100151,100,99943,200,100165,100,99942,100,100223,100,99935,100,100306,100,99926,200,100331,100,99910,100,100386,100,99907,100
2019-06-28 09:40:10.000000000,100071,168,100007,168,100098,168,100006,268,100143,168,99965,168,100144,168,99964,168,100151,168,99943,268,100165,100,99942,100,100223,100,99935,100,100306,100,99926,200,100331,100,99910,100,100386,100,99907,100
2019-06-28 09:40:20.000000000,100071,215,100007,215,100098,212,100006,312,100143,212,99965,212,100144,100,99964,100,100151,100,99943,200,100165,100,99942,100,100223,100,99935,100,100306,100,99926,200,100331,100,99910,100,100386,100,99907,100
2019-06-28 09:40:30.000000000,100071,439,100007,439,100098,100,100006,200,100143,100,99965,100,100144,100,99964,100,100151,100,99943,200,100165,100,99942,100,100223,100,99935,100,100306,100,99926,200,100331,100,99910,100,100386,100,99907,100
2019-06-28 09:40:34.352126655,100071,339,100007,339,100098,100,100006,200,100143,100,99965,100,100144,100,99964,100,100151,100,99943,200,100165,100,99942,100,100223,100,99935,100,100306,100,99926,200,100331,100,99910,100,100386,100,99907,100
2019-06-28 09:40:38.880332975,100071,339,100007,339,100098,100,100006,200,100143,100,99965,100,100144,100,99964,100,100151,100,99943,200,100165,100,99942,100,100223,100,99935,100,100306,100,99926,200,100331,100,99910,100,100386,100,99907,100
2019-06-28 09:40:39.545926291,100071,339,100007,239,100098,100,100006,200,100143,100,99965,100,100144,100,99964,100,100151,100,99943,200,100165,100,99942,100,100223,100,99935,100,100306,100,99926,200,100331,100,99910,100,100386,100,99907,100
2019-06-28 09:40:40.000000000,100098,185,100006,285,100143,185,99965,185,100144,185,99964,185,100151,185,99943,285,100165,100,99942,100,100223,100,99935,100,100306,100,99926,200,100331,100,99910,100,100386,100,99907,100,100476,100,99892,100
2019-06-28 09:40:50.000000000,100098,168,100006,268,100143,168,99965,168,100144,168,99964,168,100151,168,99943,268,100165,168,99942,168,100223,100,99935,100,100306,100,99926,200,100331,100,99910,100,100386,100,99907,100,100476,100,99892,100
2019-06-28 09:41:00.000000000,100098,215,100006,315,100143,212,99965,212,100144,212,99964,212,100151,100,99943,200,100165,100,99942,100,100223,100,99935,100,100306,100,99926,200,100331,100,99910,100,100386,100,99907,100,100476,100,99892,100
2019-06-28 09:41:10.000000000,100098,270,100006,370,100143,270,99965,270,100144,100,99964,100,100151,100,99943,200,100165,100,99942,100,100223,100,99935,100,100306,100,99926,200,100331,100,99910,100,100386,100,99907,100,100476,100,99892,100
2019-06-28 09:41:20.000000000,100098,215,100006,315,100143,212,99965,212,100144,212,99964,212,100151,100,99943,200,100165,100,99942,100,100223,100,99935,100,100306,100,99926,200,100331,100,99910,100,100386,100,99907,100,100476,100,99892,100
2019-06-28 09:41:30.000000000,100098,439,100006,539,100143,100,99965,100,100144,100,99964,100,100151,100,99943,200,100165,100,99942,100,100223,100,99935,100,100306,100,99926,200,100331,100,99910,100,100386,100,99907,100,100476,100,99892,100
2019-06-28 09:41:40.000000000,100098,270,100006,370,100143,270,99965,270,100144,100,99964,100,100151,100,99943,200,100165,100,99942,100,100223,100,99935,100,100306,100,99926,200,100331,100,99910,100,100386,100,99907,100,100476,100,99892,100
2019-06-28 09:41:49.193520775,100098,270,100008,100,100143,270,100006,370,100144,100,99965,270,100151,100,99964,100,100165,100,99943,200,100223,100,99942,100,100306,100,99935,100,100331,100,99926,200,100386,100,99910,100,100476,100,99907,100
2019-06-28 09:41:49.377885203,100098,270,100008,100,100143,270,100006,370,100144,100,99965,270,100151,100,99964,100,100165,100,99943,100,100223,100,99942,100,100306,100,99935,100,100331,100,99926,200,100386,100,99910,100,100476,100,99907,100
2019-06-28 09:41:50.000000000,100098,270,100008,270,100143,270,100006,370,100144,100,99965,100,100151,100,99964,100,100165,100,99943,100,100223,100,99942,100,100306,100,99935,100,100331,100,99926,200,100386,100,99910,100,100476,100,99907,100
2019-06-28 09:41:53.622643649,100098,270,100008,270,100143,270,100006,370,100144,100,99965,100,100151,100,99964,100,100165,100,99943,100,100223,100,99942,100,100244,100,99935,100,100306,100,99926,100,100331,100,99910,100,100386,100,99907,100
2019-06-28 09:41:59.680449586,100098,270,100008,270,100143,270,100006,370,100144,100,99965,100,100151,100,99964,100,100165,100,99943,100,100223,100,99942,100,100244,100,99935,100,100274,100,99926,100,100306,100,99910,100,100331,100,99907,100
2019-06-28 09:42:00.000000000,100098,185,100008,185,100143,185,100006,285,100144,185,99965,185,100151,185,99964,185,100165,100,99943,100,100223,100,99942,100,100244,100,99935,100,100274,100,99926,100,100306,100,99910,100,100331,100,99907,100
2019-06-28 09:42:09.956674533,100098,185,100008,85,100143,185,100006,285,100144,185,99965,185,100151,185,99964,185,100165,100,99943,100,100223,100,99942,100,100244,100,99935,100,100274,100,99926,100,100306,100,99910,100,100331,100,99907,100
2019-06-28 09:42:10.000000000,100098,168,100006,268,100143,168,99965,168,100144,168,99964,168,100151,168,99943,168,100165,168,99942,168,100223,100,99935,100,100244,100,99926,100,100274,100,99910,100,100306,100,99907,100,100331,100,99892,100
2019-06-28 09:42:20.000000000,100098,439,100006,539,100143,100,99965,100,100144,100,99964,100,100151,100,99943,100,100165,100,99942,100,100223,100,99935,100,100244,100,99926,100,100274,100,99910,100,100306,100,99907,100,100331,100,99892,100
2019-06-28 09:42:30.000000000,100098,270,100006,370,100143,270,99965,270,100144,100,99964,100,100151,100,99943,100,100165,100,99942,100,100223,100,99935,100,100244,100,99926,100,100274,100,99910,100,100306,100,99907,100,100331,100,99892,100
2019-06-28 09:42:40.000000000,100098,270,100006,370,100143,270,99965,270,100144,100,99964,100,100151,100,99943,100,100165,100,99942,100,100223,100,99935,100,100244,100,99926,100,100274,100,99910,100,100306,100,99907,100,100331,100,99892,100
2019-06-28 09:42:50.000000000,100098,168,100006,268,100143,168,99965,168,100144,168,99964,168,100151,168,99943,168,100165,168,99942,168,100223,100,99935,100,100244,100,99926,100,100274,100,99910,100,100306,100,99907,100,100331,100,99892,100
2019-06-28 09:42:53.978597564,100098,168,100006,268,100143,168,99965,168,100144,168,99964,168,100151,168,99943,168,100165,168,99942,168,100223,100,99926,100,100244,100,99910,100,100274,100,99907,100,100306,100,99892,100,100331,100,99852,100
2019-06-28 09:43:00.000000000,100098,168,100006,268,100143,168,99965,168,100144,168,99964,168,100151,168,99943,168,100165,168,99942,168,100223,100,99926,100,100244,100,99910,100,100274,100,99907,100,100306,100,99892,100,100331,100,99852,100
2019-06-28 09:43:08.890251680,100098,168,100006,268,100143,168,99965,168,100144,168,99964,168,100151,168,99943,168,100165,168,99942,168,100223,100,99926,100,100244,100,99910,100,100274,100,99907,100,100306,100,99892,100,100331,100,99852,100
2019-06-28 09:43:10.000000000,100098,270,100006,370,100143,270,99965,270,100144,100,99964,100,100151,100,99943,100,100165,100,99942,100,100223,100,99926,100,100244,100,99910,100,100274,100,99907,100,100306,100,99892,100,100331,100,99852,100
2019-06-28 09:43:14.645492831,100098,270,100006,370,100143,270,99965,270,100151,100,99964,100,100165,100,99943,100,100223,100,99942,100,100244,100,99926,100,100274,100,99910,100,100306,100,99907,100,100331,100,99892,100,100386,100,99852,100
2019-06-28 09:43:20.000000000,100098,185,100006,285,100143,185,99965,185,100151,185,99964,185,100165,185,99943,185,100223,100,99942,100,100244,100,99926,100,100274,100,99910,100,100306,100,99907,100,100331,100,99892,100,100386,100,99852,100
2019-06-28 09:43:21.275116752,100098,185,100006,285,100143,185,99965,185,100151,185,99964,185,100165,185,99943,185,100223,100,99942,100,100244,100,99926,100,100274,100,99910,100,100306,100,99907,100,100386,100,99892,100,100450,100,99852,100
2019-06-28 09:43:30.000000000,100098,185,100006,285,100143,185,99965,185,100151,185,99964,185,100165,185,99943,185,100223,100,99942,100,100244,100,99926,100,100274,100,99910,100,100306,100,99907,100,100386,100,99892,100,100450,100,99852,100
2019-06-28 09:43:40.000000000,100098,185,100006,285,100143,185,99965,185,100151,185,99964,185,100165,185,99943,185,100223,100,99942,100,100244,100,99926,100,100274,100,99910,100,100306,100,99907,100,100386,100,99892,100,100450,100,99852,100
2019-06-28 09:43:49.185961151,100098,85,100006,285,100143,185,99965,185,100151,185,99964,185,100165,185,99943,185,100223,100,99942,100,100244,100,99926,100,100274,100,99910,100,100306,100,99907,100,100386,100,99892,100,100450,100,99852,100
2019-06-28 09:43:50.000000000,100143,215,100006,315,100151,212,99965,212,100165,212,99964,212,100223,100,99943,100,100244,100,99942,100,100274,100,99926,100,100306,100,99910,100,100386,100,99907,100,100450,100,99892,100,100476,100,99852,100
2019-06-28 09:43:55.419545986,100143,215,100009,100,100151,212,100006,315,100165,212,99965,212,100223,100,99964,212,100244,100,99943,100,100274,100,99942,100,100306,100,99926,100,100386,100,99910,100,100450,100,99907,100,100476,100,99892,100
2019-06-28 09:44:00.000000000,100143,439,100009,439,100151,100,100006,200,100165,100,99965,100,100223,100,99964,100,100244,100,99943,100,100274,100,99942,100,100306,100,99926,100,100386,100,99910,100,100450,100,99907,100,100476,100,99892,100
2019-06-28 09:44:02.538180880,100143,339,100009,439,100151,100,100006,200,100165,100,99965,100,100223,100,99964,100,100244,100,99943,100,100274,100,99942,100,100306,100,99926,100,100386,100,99910,100,100450,100,99907,100,100476,100,99892,100
2019-06-28 09:44:04.608916434,100143,239,100009,439,100151,100,100006,200,100165,100,99965,100,100223,100,99964,100,100244,100,99943,100,100274,100,99942,100,100386,100,99926,100,100450,100,99910,100,100476,100,99907,100,100524,100,99892,100
2019-06-28 09:44:10.000000000,100151,270,100009,270,100165,270,100006,370,100223,100,99965,100,100244,100,99964,100,100274,100,99943,100,100386,100,99942,100,100450,100,99926,100,100476,100,99910,100,100524,100,99907,100,100535,100,99892,100
2019-06-28 09:44:20.000000000,100151,168,100009,168,100165,168,100006,268,100223,168,99965,168,100244,168,99964,168,100274,168,99943,168,100386,100,99942,100,100450,100,99926,100,100476,100,99910,100,100524,100,99907,100,100535,100,99892,100
2019-06-28 09:44:30.000000000,100151,185,100009,185,100165,185,100006,285,100223,185,99965,185,100244,185,99964,185,100274,100,99943,100,100386,100,99942,100,100450,100,99926,100,100476,100,99910,100,100524,100,99907,100,100535,100,99892,100
2019-06-28 09:44:40.000000000,100151,270,100009,270,100165,270,100006,370,100223,100,99965,100,100244,100,99964,100,100274,100,99943,100,100386,100,99942,100,100450,100,99926,100,100476,100,99910,100,100524,100,99907,100,100535,100,99892,100
2019-06-28 09:44:49.950001216,100151,270,100009,270,100165,270,100006,370,100197,100,99965,100,100223,100,99964,100,100244,100,99943,100,100274,100,99942,100,100386,100,99926,100,100450,100,99910,100,100476,100,99907,100,100524,100,99892,100
2019-06-28 09:44:50.000000000,100151,439,100009,439,100165,100,100006,200,100197,100,99965,100,100223,100,99964,100,100244,100,99943,100,100274,100,99942,100,100386,100,99926,100,100450,100,99910,100,100476,100,99907,100,100524,100,99892,100
2019-06-28 09:44:51.001880208,100151,439,100009,439,100165,100,100006,200,100197,100,99965,100,100223,100,99964,100,100244,100,99943,100,100273,100,99942,100,100274,100,99926,100,100450,100,99910,100,100476,100,99907,100,100524,100,99892,100
2019-06-28 09:45:00.000000000,100151,439,100009,439,100165,100,100006,200,100197,100,99965,100,100223,100,99964,100,100244,100,99943,100,100273,100,99942,100,100274,100,99926,100,100450,100,99910,100,100476,100,99907,100,100524,100,99892,100
2019-06-28 09:45:10.000000000,100151,439,100009,439,100165,100,100006,200,100197,100,99965,100,100223,100,99964,100,100244,100,99943,100,100273,100,99942,100,100274,100,99926,100,100450,100,99910,100,100476,100,99907,100,100524,100,99892,100
2019-06-28 09:45:12.200880272,100151,439,100149,100,100165,100,100009,439,100197,100,100006,200,100223,100,99965,100,100244,100,99964,100,100273,100,99943,100,100274,100,99942,100,100450,100,99926,100,100476,100,99910,100,100524,100,99907,100
2019-06-28 09:45:17.220473647,100151,439,100149,100,100165,100,100009,439,100173,100,100006,200,100197,100,99965,100,100223,100,99964,100,100244,100,99943,100,100273,100,99942,100,100274,100,99926,100,100450,100,99907,100,100476,100,99892,100
2019-06-28 09:45:17.744214974,100151,439,100009,439,100165,100,100006,200,100173,100,99965,100,100197,100,99964,100,100223,100,99943,100,100244,100,99942,100,100273,100,99926,100,100274,100,99907,100,100450,100,99892,100,100476,100,99852,100
2019-06-28 09:45:20.000000000,100151,168,100009,168,100165,168,100006,268,100173,168,99965,168,100197,168,99964,168,100223,168,99943,168,100244,100,99942,100,100273,100,99926,100,100274,100,99907,100,100450,100,99892,100,100476,100,99852,100
2019-06-28 09:45:28.010828201,100147,100,100009,168,100151,168,100006,268,100165,168,99965,168,100173,168,99964,168,100197,68,99943,168,100223,168,99942,100,100244,100,99926,100,100273,100,99907,100,100274,100,99892,100,100450,100,99852,100
2019-06-28 09:45:30.000000000,100147,270,100009,270,100151,270,100006,370,100165,100,99965,100,100173,100,99964,100,100223,100,99943,100,100244,100,99942,100,100273,100,99926,100,100274,100,99907,100,100450,100,99892,100,100476,100,99852,100
2019-06-28 09:45:40.000000000,100147,215,100009,215,100151,212,100006,312,100165,212,99965,212,100173,100,99964,100,100223,100,99943,100,100244,100,99942,100,100273,100,99926,100,100274,100,99907,100,100450,100,99892,100,100476,100,99852,100
2019-06-28 09:45:44.542489521,100059,100,100009,215,100147,215,100006,312,100151,212,99965,212,100165,212,99964,100,100173,100,99943,100,100223,100,99942,100,100244,100,99926,100,100273,100,99907,100,100274,100,99892,100,100450,100,99852,100
2019-06-28 09:45:50.000000000,100059,185,100009,185,100147,185,100006,285,100151,185,99965,185,100165,185,99964,185,100173,100,99943,100,100223,100,99942,100,100244,100,99926,100,100273,100,99907,100,100274,100,99892,100,100450,100,99852,100
2019-06-28 09:45:56.082147339,100059,185,100009,185,100147,185,100006,285,100151,185,99965,185,100165,185,99964,185,100173,100,99943,100,100223,100,99942,100,100244,100,99929,100,100273,100,99926,100,100274,100,99907,100,100450,100,99892,100
2019-06-28 09:46:00.000000000,100059,215,100009,215,100147,212,100006,312,100151,212,99965,212,100165,100,99964,100,100173,100,99943,100,100223,100,99942,100,100244,100,99929,100,100273,100,99926,100,100274,100,99907,100,100450,100,99892,100
2019-06-28 09:46:10.000000000,100059,270,100009,270,100147,270,100006,370,100151,100,99965,100,100165,100,99964,100,100173,100,99943,100,100223,100,99942,100,100244,100,99929,100,100273,100,99926,100,100274,100,99907,100,100450,100,99892,100
2019-06-28 09:46:20.000000000,100059,185,100009,185,100147,185,100006,285,100151,185,99965,185,100165,185,99964,185,100173,100,99943,100,100223,100,99942,100,100244,100,99929,100,100273,100,99926,100,100274,100,99907,100,100450,100,99892,100
2019-06-28 09:46:28.261370105,100059,185,100009,185,100147,185,100006,285,100151,185,99965,185,100165,185,99964,185,100173,100,99943,100,100223,100,99942,100,100244,100,99929,100,100273,100,99926,100,100274,100,99907,100,100450,100,99892,100
2019-06-28 09:46:30.000000000,100059,270,100009,270,100147,270,100006,370,100151,100,99965,100,100165,100,99964,100,100173,100,99943,100,100223,100,99942,100,100244,100,99929,100,100273,100,99926,100,100274,100,99907,100,100450,100,99892,100
2019-06-28 09:46:31.729282835,100059,270,100009,170,100147,270,100006,370,100151,100,99965,100,100165,100,99964,100,100173,100,99943,100,100223,100,99942,100,100244,100,99929,100,100273,100,99926,100,100274,100,99892,100,100450,100,99852,100
2019-06-28 09:46:36.201401433,100059,270,100009,70,100147,270,100006,370,100151,100,99965,100,100165,100,99964,100,100173,100,99943,100,100223,100,99929,100,100244,100,99926,100,100273,100,99892,100,100274,100,99852,100,100450,100,99846,100
2019-06-28 09:46:36.396869190,100059,270,100009,70,100147,270,100006,370,100151,100,99965,100,100165,100,99964,100,100173,100,99943,100,100223,100,99929,100,100244,100,99926,100,100273,100,99892,100,100274,100,99852,100,100450,100,99846,100
2019-06-28 09:46:40.000000000,100059,168,100006,268,100147,168,99965,168,100151,168,99964,168,100165,168,99943,168,100173,168,99929,168,100223,100,99926,100,100244,100,99892,100,100273,100,99852,100,100274,100,99846,100,100450,100,99832,100
2019-06-28 09:46:50.000000000,100059,270,100006,370,100147,270,99965,270,100151,100,99964,100,100165,100,99943,100,100173,100,99929,100,100223,100,99926,100,100244,100,99892,100,100273,100,99852,100,100274,100,99846,100,100450,100,99832,100
2019-06-28 09:46:56.624496452,100059,270,100006,370,100147,270,99965,270,100151,100,99964,100,100165,100,99943,100,100173,100,99929,100,100223,100,99926,100,100244,100,99892,100,100273,100,99852,100,100274,100,99846,100,100450,100,99832,100
2019-06-28 09:46:58.583228348,100009,100,100006,370,100059,270,99965,270,100147,270,99964,100,100151,100,99943,100,100165,100,99929,100,100173,100,99926,100,100223,100,99892,100,100244,100,99852,100,100273,100,99846,100,100274,100,99832,100
2019-06-28 09:47:00.000000000,100009,215,100006,315,100059,212,99965,212,100147,212,99964,212,100151,100,99943,100,100165,100,99929,100,100173,100,99926,100,100223,100,99892,100,100244,100,99852,100,100273,100,99846,100,100274,100,99832,100
2019-06-28 09:47:02.381806951,100009,215,100006,215,100059,212,99965,212,100147,212,99964,212,100151,100,99943,100,100165,100,99929,100,100173,100,99926,100,100223,100,99892,100,100244,100,99852,100,100273,100,99846,100,100274,100,99832,100
2019-06-28 09:47:10.000000000,100009,168,100006,168,100059,168,99965,168,100147,168,99964,168,100151,168,99943,168,100165,168,99929,168,100173,100,99926,100,100223,100,99892,100,100244,100,99852,100,100273,100,99846,100,100274,100,99832,100
2019-06-28 09:47:11.224705652,100009,168,100006,168,100059,168,99965,168,100147,168,99964,168,100151,168,99943,168,100165,168,99929,68,100173,100,99926,100,100223,100,99892,100,100244,100,99852,100,100273,100,99846,100,100274,100,99832,100
2019-06-28 09:47:18.751483515,100009,168,100006,168,100059,168,99965,168,100147,168,99964,168,100151,168,99943,168,100165,168,99929,68,100173,100,99926,100,100223,100,99892,100,100244,100,99852,100,100273,100,99846,100,100274,100,99832,100
2019-06-28 09:47:20.000000000,100009,168,100006,168,100059,168,99965,168,100147,168,99964,168,100151,168,99943,168,100165,168,99926,168,100173,100,99892,100,100223,100,99852,100,100244,100,99846,100,100273,100,99832,100,100274,100,99809,100
2019-06-28 09:47:25.214044447,100009,168,100006,68,100059,168,99965,168,100147,168,99964,168,100151,168,99943,168,100165,168,99926,168,100173,100,99892,100,100223,100,99852,100,100244,100,99846,100,100273,100,99832,100,100274,100,99809,100
2019-06-28 09:47:30.000000000,100009,215,99965,215,100059,212,99964,212,100147,212,99943,212,100151,100,99926,100,100165,100,99892,100,100173,100,99852,100,100223,100,99846,100,100244,100,99832,100,100273,100,99809,100,100274,100,99613,100
2019-06-28 09:47:35.876587030,100009,215,99965,215,100059,212,99964,212,100147,212,99943,212,100151,100,99926,100,100165,100,99892,100,100173,100,99852,100,100223,100,99846,100,100244,100,99832,100,100273,100,99812,100,100274,100,99809,100
2019-06-28 09:47:40.000000000,100009,439,99965,439,100059,100,99964,100,100147,100,99943,100,100151,100,99926,100,100165,100,99892,100,100173,100,99852,100,100223,100,99846,100,100244,100,99832,100,100273,100,99812,100,100274,100,99809,100
2019-06-28 09:47:50.000000000,100009,215,99965,215,100059,212,99964,212,100147,212,99943,212,100151,100,99926,100,100165,100,99892,100,100173,100,99852,100,100223,100,99846,100,100244,100,99832,100,100273,100,99812,100,100274,100,99809,100
2019-06-28 09:48:00.000000000,100009,439,99965,439,100059,100,99964,100,100147,100,99943,100,100151,100,99926,100,100165,100,99892,100,100173,100,99852,100,100223,100,99846,100,100244,100,99832,100,100273,100,99812,100,100274,100,99809,100
2019-06-28 09:48:10.000000000,100009,168,99965,168,100059,168,99964,168,100147,168,99943,168,100151,168,99926,168,100165,168,99892,168,100173,100,99852,100,100223,100,99846,100,100244,100,99832,100,100273,100,99812,100,100274,100,99809,100
2019-06-28 09:48:10.296932353,100009,168,99965,168,100018,100,99964,168,100059,168,99943,168,100147,168,99926,168,100151,168,99892,168,100165,168,99852,100,100173,100,99846,100,100223,100,99832,100,100244,100,99812,100,100273,100,99809,100
2019-06-28 09:48:14.310576633,99970,100,99965,168,100009,168,99964,168,100018,100,99943,168,100059,168,99926,168,100147,168,99892,168,100151,168,99852,100,100165,168,99846,100,100173,100,99832,100,100223,100,99812,100,100244,100,99809,100
2019-06-28 09:48:20.000000000,99970,215,99965,215,100009,212,99964,212,100018,212,99943,212,100059,100,99926,100,100147,100,99892,100,100151,100,99852,100,100165,100,99846,100,100173,100,99832,100,100223,100,99812,100,100244,100,99809,100
2019-06-28 09:48:30.000000000,99970,185,99965,185,100009,185,99964,185,100018,185,99943,185,100059,185,99926,185,100147,100,99892,100,100151,100,99852,100,100165,100,99846,100,100173,100,99832,100,100223,100,99812,100,100244,100,99809,100
2019-06-28 09:48:37.731297528,99970,185,99965,85,100009,185,99964,185,100018,185,99943,185,100059,185,99926,185,100147,100,99892,100,100151,100,99852,100,100165,100,99832,100,100173,100,99812,100,100223,100,99809,100,100244,100,99606,100
2019-06-28 09:48:40.000000000,99970,168,99964,168,100009,168,99943,168,100018,168,99926,168,100059,168,99892,168,100147,168,99852,168,100151,100,99832,100,100165,100,99812,100,100173,100,99809,100,100223,100,99606,100,100244,100,99517,100
2019-06-28 09:48:44.623467718,99970,168,99964,168,100009,168,99943,168,100018,168,99926,168,100059,168,99892,168,100147,68,99852,168,100151,100,99832,100,100165,100,99812,100,100173,100,99809,100,100223,100,99748,100,100244,100,99606,100
2019-06-28 09:48:50.000000000,99970,185,99964,185,100009,185,99943,185,100018,185,99926,185,100059,185,99892,185,100151,100,99852,100,100165,100,99832,100,100173,100,99812,100,100223,100,99809,100,100244,100,99748,100,100273,100,99606,100
2019-06-28 09:48:56.483778260,99970,185,99964,85,100009,185,99943,185,100018,185,99926,185,100059,185,99892,185,100151,100,99832,100,100165,100,99812,100,100173,100,99809,100,100223,100,99748,100,100244,100,99606,100,100273,100,99517,100
2019-06-28 09:49:00.000000000,99970,439,99943,439,100009,100,99926,100,100018,100,99892,100,100059,100,99832,100,100151,100,99812,100,100165,100,99809,100,100173,100,99748,100,100223,100,99606,100,100244,100,99517,100,100273,100,99478,100
2019-06-28 09:49:10.000000000,99970,185,99943,185,100009,185,99926,185,100018,185,99892,185,100059,185,99832,185,100151,100,99812,100,100165,100,99809,100,100173,100,99748,100,100223,100,99606,100,100244,100,99517,100,100273,100,99478,100
2019-06-28 09:49:20.000000000,99970,168,99943,168,100009,168,99926,168,100018,168,99892,168,100059,168,99832,168,100151,168,99812,168,100165,100,99809,100,100173,100,99748,100,100223,100,99606,100,100244,100,99517,100,100273,100,99478,100
2019-06-28 09:49:30.000000000,99970,439,99943,439,100009,100,99926,100,100018,100,99892,100,100059,100,99832,100,100151,100,99812,100,100165,100,99809,100,100173,100,99748,100,100223,100,99606,100,100244,100,99517,100,100273,100,99478,100
2019-06-28 09:49:35.087418509,99970,439,99966,100,100009,100,99943,439,100018,100,99926,100,100059,100,99892,100,100151,100,99832,100,100165,100,99812,100,100173,100,99809,100,100223,100,99748,100,100244,100,99606,100,100273,100,99517,100
2019-06-28 09:49:37.931968361,99970,439,99966,200,100009,100,99943,439,100018,100,99926,100,100059,100,99892,100,100151,100,99832,100,100165,100,99812,100,100173,100,99809,100,100223,100,99748,100,100244,100,99606,100,100273,100,99517,100
2019-06-28 09:49:40.000000000,99970,168,99966,268,100009,168,99943,168,100018,168,99926,168,100059,168,99892,168,100151,168,99832,168,100165,100,99812,100,100173,100,99809,100,100223,100,99748,100,100244,100,99606,100,100273,100,99517,100
2019-06-28 09:49:50.000000000,99970,215,99966,315,100009,212,99943,212,100018,212,99926,212,100059,100,99892,100,100151,100,99832,100,100165,100,99812,100,100173,100,99809,100,100223,100,99748,100,100244,100,99606,100,100273,100,99517,100
2019-06-28 09:50:00.000000000,99970,439,99966,539,100009,100,99943,100,100018,100,99926,100,100059,100,99892,100,100151,100,99832,100,100165,100,99812,100,100173,100,99809,100,100223,100,99748,100,100244,100,99606,100,100273,100,99517,100
2019-06-28 09:50:10.000000000,99970,185,99966,285,100009,185,99943,185,100018,185,99926,185,100059,185,99892,185,100151,100,99832,100,100165,100,99812,100,100173,100,99809,100,100223,100,99748,100,100244,100,99606,100,100273,100,99517,100
2019-06-28 09:50:20.000000000,99970,168,99966,268,100009,168,99943,168,100018,168,99926,168,100059,168,99892,168,100151,168,99832,168,100165,100,99812,100,100173,100,99809,100,100223,100,99748,100,100244,100,99606,100,100273,100,99517,100
2019-06-28 09:50:20.263868374,99970,168,99966,368,100009,168,99943,168,100018,168,99926,168,100059,168,99892,168,100151,168,99832,168,100165,100,99812,100,100173,100,99809,100,100223,100,99748,100,100244,100,99606,100,100273,100,99517,100
2019-06-28 09:50:30.000000000,99970,439,99966,639,100009,100,99943,100,100018,100,99926,100,100059,100,99892,100,100151,100,99832,100,100165,100,99812,100,100173,100,99809,100,100223,100,99748,100,100244,100,99606,100,100273,100,99517,100
2019-06-28 09:50:40.000000000,99970,168,99966,368,100009,168,99943,168,100018,168,99926,168,100059,168,99892,168,100151,168,99832,168,100165,100,99812,100,100173,100,99809,100,100223,100,99748,100,100244,100,99606,100,100273,100,99517,100
2019-06-28 09:50:50.000000000,99970,270,99966,470,100009,270,99943,270,100018,100,99926,100,100059,100,99892,100,100151,100,99832,100,100165,100,99812,100,100173,100,99809,100,100223,100,99748,100,100244,100,99606,100,100273,100,99517,100
2019-06-28 09:51:00.000000000,99970,215,99966,415,100009,212,99943,212,100018,212,99926,212,100059,100,99892,100,100151,100,99832,100,100165,100,99812,100,100173,100,99809,100,100223,100,99748,100,100244,100,99606,100,100273,100,99517,100
2019-06-28 09:51:10.000000000,99970,168,99966,368,100009,168,99943,168,100018,168,99926,168,100059,168,99892,168,100151,168,99832,168,100165,100,99812,100,100173,100,99809,100,100223,100,99748,100,100244,100,99606,100,100273,100,99517,100
2019-06-28 09:51:15.232004355,99970,168,99966,368,100009,168,99943,168,100018,168,99926,168,100059,168,99892,168,100151,168,99832,168,100165,100,99812,100,100173,100,99809,100,100223,100,99748,100,100244,100,99606,100,100273,100,99478,100
2019-06-28 09:51:20.000000000,99970,168,99966,368,100009,168,99943,168,100018,168,99926,168,100059,168,99892,168,100151,168,99832,168,100165,100,99812,100,100173,100,99809,100,100223,100,99748,100,100244,100,99606,100,100273,100,99478,100
2019-06-28 09:51:30.000000000,99970,270,99966,470,100009,270,99943,270,100018,100,99926,100,100059,100,99892,100,100151,100,99832,100,100165,100,99812,100,100173,100,99809,100,100223,100,99748,100,100244,100,99606,100,100273,100,99478,100
2019-06-28 09:51:31.070829952,99970,270,99966,370,100009,270,99943,270,100018,100,99926,100,100059,100,99892,100,100151,100,99832,100,100165,100,99812,100,100223,100,99809,100,100244,100,99748,100,100273,100,99606,100,100274,100,99478,100
2019-06-28 09:51:31.430863249,99970,270,99966,370,100009,270,99943,270,100018,100,99926,100,100059,100,99892,100,100151,100,99832,100,100165,100,99812,100,100223,100,99809,100,100244,100,99748,100,100273,100,99606,100,100274,100,99478,100
2019-06-28 09:51:40.000000000,99970,185,99966,285,100009,185,99943,185,100018,185,99926,185,100059,185,99892,185,100151,100,99832,100,100165,100,99812,100,100223,100,99809,100,100244,100,99748,100,100273,100,99606,100,100274,100,99478,100
2019-06-28 09:51:50.000000000,99970,215,99966,315,100009,212,99943,212,100018,212,99926,212,100059,100,99892,100,100151,100,99832,100,100165,100,99812,100,100223,100,99809,100,100244,100,99748,100,100273,100,99606,100,100274,100,99478,100
2019-06-28 09:51:52.133624671,99970,215,99966,215,100009,212,99943,212,100018,212,99926,212,100059,100,99892,100,100151,100,99832,100,100165,100,99812,100,100223,100,99809,100,100244,100,99748,100,100273,100,99606,100,100274,100,99478,100
2019-06-28 09:51:55.173437866,99970,215,99966,215,100009,212,99943,212,100018,212,99926,212,100059,100,99892,100,100165,100,99832,100,100223,100,99812,100,100244,100,99809,100,100273,100,99748,100,100274,100,99606,100,100476,100,99478,100
2019-06-28 09:51:56.110227821,99970,215,99966,115,100009,212,99943,212,100018,212,99926,212,100059,100,99892,100,100165,100,99832,100,100223,100,99812,100,100244,100,99809,100,100273,100,99748,100,100274,100,99606,100,100476,100,99478,100
2019-06-28 09:52:00.000000000,99970,439,99943,439,100009,100,99926,100,100018,100,99892,100,100059,100,99832,100,100165,100,99812,100,100223,100,99809,100,100244,100,99748,100,100273,100,99606,100,100274,100,99478,100,100476,100,99169,100
2019-06-28 09:52:04.688801553,99970,439,99943,339,100009,100,99926,100,100018,100,99892,100,100059,100,99832,100,100165,100,99809,100,100223,100,99748,100,100244,100,99606,100,100273,100,99478,100,100274,100,99169,100,100476,100,99166,100
2019-06-28 09:52:10.000000000,99970,270,99926,270,100009,270,99892,270,100018,100,99832,100,100059,100,99809,100,100165,100,99748,100,100223,100,99606,100,100244,100,99478,100,100273,100,99169,100,100274,100,99166,100,100476,100,99112,100
2019-06-28 09:52:13.064684873,99970,270,99926,170,100009,270,99892,270,100018,100,99832,100,100059,100,99809,100,100165,100,99748,100,100223,100,99606,100,100244,100,99478,100,100273,100,99169,100,100274,100,99166,100,100476,100,99112,100
2019-06-28 09:52:18.328189882,99943,100,99926,170,99970,270,99892,270,100009,270,99832,100,100018,100,99809,100,100059,100,99748,100,100165,100,99606,100,100223,100,99478,100,100244,100,99169,100,100273,100,99166,100,100274,100,99112,100
2019-06-28 09:52:20.000000000,99943,215,99892,215,99970,212,99832,212,100009,212,99809,212,100018,100,99748,100,100059,100,99606,100,100165,100,99478,100,100223,100,99169,100,100244,100,99166,100,100273,100,99112,100,100274,100,,
2019-06-28 09:52:27.979756853,99943,215,99892,115,99970,212,99832,212,100009,212,99809,212,100018,100,99748,100,100059,100,99606,100,100165,100,99478,100,100223,100,99169,100,100244,100,99166,100,100273,100,99112,100,100274,100,,
2019-06-28 09:52:30.000000000,99943,185,99832,185,99970,185,99809,185,100009,185,99748,185,100018,185,99606,185,100059,100,99478,100,100165,100,99169,100,100223,100,99166,100,100244,100,99112,100,100273,100,,,100274,100,,
2019-06-28 09:52:31.087371088,99943,185,99832,185,99970,185,99809,185,100009,185,99748,185,100018,185,99606,185,100059,100,99515,100,100165,100,99478,100,100223,100,99169,100,100244,100,99166,100,100273,100,99112,100,100274,100,,
2019-06-28 09:52:31.206141748,99943,185,99832,85,99970,185,99809,185,100009,185,99748,185,100018,185,99606,185,100059,100,99515,100,100165,100,99478,100,100223,100,99169,100,100244,100,99166,100,100273,100,99112,100,100274,100,,
2019-06-28 09:52:40.000000000,99943,439,99809,439,99970,100,99748,100,100009,100,99606,100,100018,100,99515,100,100059,100,99478,100,100165,100,99169,100,100223,100,99166,100,100244,100,99112,100,100273,100,,,100274,100,,
2019-06-28 09:52:50.000000000,99943,439,99809,439,99970,100,99748,100,100009,100,99606,100,100018,100,99515,100,100059,100,99478,100,100165,100,99169,100,100223,100,99166,100,100244,100,99112,100,100273,100,,,100274,100,,
2019-06-28 09:53:00.000000000,99943,185,99809,185,99970,185,99748,185,100009,185,99606,185,100018,185,99515,185,100059,100,99478,100,100165,100,99169,100,100223,100,99166,100,100244,100,99112,100,100273,100,,,100274,100,,
2019-06-28 09:53:10.000000000,99943,185,99809,185,99970,185,99748,185,100009,185,99606,185,100018,185,99515,185,100059,100,99478,100,100165,100,99169,100,100223,100,99166,100,100244,100,99112,100,100273,100,,,100274,100,,
2019-06-28 09:53:19.985497519,99943,185,99809,85,99970,185,99748,185,100009,185,99606,185,100018,185,99515,185,100059,100,99478,100,100165,100,99169,100,100223,100,99166,100,100244,100,99112,100,100273,100,,,100274,100,,
2019-06-28 09:53:20.000000000,99943,439,99748,439,99970,100,99606,100,100009,100,99515,100,100018,100,99478,100,100059,100,99169,100,100165,100,99166,100,100223,100,99112,100,100244,100,,,100273,100,,,100274,100,,
2019-06-28 09:53:30.000000000,99943,270,99748,270,99970,270,99606,270,100009,100,99515,100,100018,100,99478,100,100059,100,99169,100,100165,100,99166,100,100223,100,99112,100,100244,100,,,100273,100,,,100274,100,,
2019-06-28 09:53:36.409153096,99832,100,99748,270,99943,270,99606,270,99970,270,99515,100,100009,100,99478,100,100018,100,99169,100,100059,100,99166,100,100165,100,99112,100,100223,100,,,100244,100,,,100273,100,,
2019-06-28 09:53:40.000000000,99832,168,99748,168,99943,168,99606,168,99970,168,99515,168,100009,168,99478,168,100018,168,99169,168,100059,100,99166,100,100165,100,99112,100,100223,100,,,100244,100,,,100273,100,,
2019-06-28 09:53:50.000000000,99832,168,99748,168,99943,168,99606,168,99970,168,99515,168,100009,168,99478,168,100018,168,99169,168,100059,100,99166,100,100165,100,99112,100,100223,100,,,100244,100,,,100273,100,,
2019-06-28 09:53:56.499344116,99832,168,99748,68,99943,168,99606,168,99970,168,99515,168,100009,168,99478,168,100018,168,99169,168,100059,100,99166,100,100165,100,99112,100,100223,100,,,100244,100,,,100273,100,,
2019-06-28 09:54:00.000000000,99832,270,99606,270,99943,270,99515,270,99970,100,99478,100,100009,100,99169,100,100018,100,99166,100,100059,100,99112,100,100165,100,,,100223,100,,,100244,100,,,100273,100,,
2019-06-28 09:54:04.389827635,99809,100,99606,270,99832,270,99515,270,99943,270,99478,100,99970,100,99169,100,100018,100,99166,100,100059,100,99112,100,100165,100,,,100223,100,,,100244,100,,,100273,100,,
2019-06-28 09:54:08.191474522,99809,100,99606,270,99832,270,99515,270,99943,270,99478,100,99970,100,99169,100,100059,100,99166,100,100165,100,99112,100,100223,100,98995,100,100244,100,,,100273,100,,,100274,100,,
2019-06-28 09:54:10.000000000,99809,185,99606,185,99832,185,99515,185,99943,185,99478,185,99970,185,99169,185,100059,100,99166,100,100165,100,99112,100,100223,100,98995,100,100244,100,,,100273,100,,,100274,100,,
2019-06-28 09:54:20.000000000,99809,215,99606,215,99832,212,99515,212,99943,212,99478,212,99970,100,99169,100,100059,100,99166,100,100165,100,99112,100,100223,100,98995,100,100244,100,,,100273,100,,,100274,100,,
2019-06-28 09:54:29.431165716,99809,215,99606,115,99832,212,99515,212,99943,212,99478,212,99970,100,99169,100,100059,100,99166,100,100165,100,99112,100,100223,100,98995,100,100244,100,,,100273,100,,,100274,100,,
2019-06-28 09:54:30.000000000,99809,168,99515,168,99832,168,99478,168,99943,168,99169,168,99970,168,99166,168,100059,168,99112,168,100165,100,98995,100,100223,100,,,100244,100,,,100273,100,,,100274,100,,
2019-06-28 09:54:32.743172643,99809,168,99515,168,99832,168,99478,168,99943,168,99169,168,99970,168,99166,168,100059,168,99112,168,100165,100,99099,100,100223,100,98995,100,100244,100,,,100273,100,,,100274,100,,
2019-06-28 09:54:40.000000000,99809,168,99515,168,99832,168,99478,168,99943,168,99169,168,99970,168,99166,168,100059,168,99112,168,100165,100,99099,100,100223,100,98995,100,100244,100,,,100273,100,,,100274,100,,
2019-06-28 09:54:44.366924571,99809,168,99515,68,99832,168,99478,168,99943,168,99169,168,99970,168,99166,168,100059,168,99112,168,100165,100,99099,100,100223,100,98995,100,100244,100,,,100273,100,,,100274,100,,
2019-06-28 09:54:50.000000000,99809,270,99478,270,99832,270,99169,270,99943,100,99166,100,99970,100,99112,100,100059,100,99099,100,100165,100,98995,100,100223,100,,,100244,100,,,100273,100,,,100274,100,,
2019-06-28 09:55:00.000000000,99809,215,99478,215,99832,212,99169,212,99943,212,99166,212,99970,100,99112,100,100059,100,99099,100,100165,100,98995,100,100223,100,,,100244,100,,,100273,100,,,100274,100,,
2019-06-28 09:55:10.000000000,99809,270,99478,270,99832,270,99169,270,99943,100,99166,100,99970,100,99112,100,100059,100,99099,100,100165,100,98995,100,100223,100,,,100244,100,,,100273,100,,,100274,100,,
2019-06-28 09:55:20.000000000,99809,215,99478,215,99832,212,99169,212,99943,212,99166,212,99970,100,99112,100,100059,100,99099,100,100165,100,98995,100,100223,100,,,100244,100,,,100273,100,,,100274,100,,
2019-06-28 09:55:30.000000000,99809,185,99478,185,99832,185,99169,185,99943,185,99166,185,99970,185,99112,185,100059,100,99099,100,100165,100,98995,100,100223,100,,,100244,100,,,100273,100,,,100274,100,,
2019-06-28 09:55:32.224314857,99809,85,99478,185,99832,185,99169,185,99943,185,99166,185,99970,185,99112,185,100165,100,99099,100,100223,100,98995,100,100244,100,,,100273,100,,,100274,100,,,100476,100,,
2019-06-28 09:55:40.000000000,99832,168,99478,168,99943,168,99169,168,99970,168,99166,168,100165,168,99112,168,100223,168,99099,168,100244,100,98995,100,100273,100,,,100274,100,,,100476,100,,,100524,100,,
2019-06-28 09:55:40.311128945,99808,100,99478,168,99832,168,99169,168,99943,168,99166,168,99970,168,99112,168,100165,168,99099,168,100223,168,98995,100,100244,100,,,100273,100,,,100274,100,,,100476,100,,
2019-06-28 09:55:44.635659005,99808,100,99516,100,99832,168,99478,168,99943,168,99169,168,99970,168,99166,168,100165,168,99112,168,100223,168,99099,168,100244,100,98995,100,100273,100,,,100274,100,,,100476,100,,
2019-06-28 09:55:50.000000000,99808,439,99516,439,99832,100,99478,100,99943,100,99169,100,99970,100,99166,100,100165,100,99112,100,100223,100,99099,100,100244,100,98995,100,100273,100,,,100274,100,,,100476,100,,
2019-06-28 09:55:51.213493434,99808,339,99516,439,99832,100,99478,100,99943,100,99169,100,99970,100,99166,100,100165,100,99112,100,100223,100,99099,100,100244,100,98995,100,100273,100,,,100274,100,,,100476,100,,
2019-06-28 09:56:00.000000000,99832,439,99516,439,99943,100,99478,100,99970,100,99169,100,100165,100,99166,100,100223,100,99112,100,100244,100,99099,100,100273,100,98995,100,100274,100,,,100476,100,,,100524,100,,
2019-06-28 09:56:07.943519632,99832,439,99593,100,99943,100,99516,439,100165,100,99478,100,100223,100,99169,100,100244,100,99166,100,100273,100,99112,100,100274,100,99099,100,100476,100,98995,100,100524,100,,,100574,100,,
2019-06-28 09:56:10.000000000,99832,439,99593,439,99943,100,99516,100,100165,100,99478,100,100223,100,99169,100,100244,100,99166,100,100273,100,99112,100,100274,100,99099,100,100476,100,98995,100,100524,100,,,100574,100,,
2019-06-28 09:56:20.000000000,99832,215,99593,215,99943,212,99516,212,100165,212,99478,212,100223,100,99169,100,100244,100,99166,100,100273,100,99112,100,100274,100,99099,100,100476,100,98995,100,100524,100,,,100574,100,,
2019-06-28 09:56:30.000000000,99832,439,99593,439,99943,100,99516,100,100165,100,99478,100,100223,100,99169,100,100244,100,99166,100,100273,100,99112,100,100274,100,99099,100,100476,100,98995,100,100524,100,,,100574,100,,
2019-06-28 09:56:40.000000000,99832,439,99593,439,99943,100,99516,100,100165,100,99478,100,100223,100,99169,100,100244,100,99166,100,100273,100,99112,100,100274,100,99099,100,100476,100,98995,100,100524,100,,,100574,100,,
2019-06-28 09:56:50.000000000,99832,168,99593,168,99943,168,99516,168,100165,168,99478,168,100223,168,99169,168,100244,168,99166,168,100273,100,99112,100,100274,100,99099,100,100476,100,98995,100,100524,100,,,100574,100,,
2019-06-28 09:57:00.000000000,99832,185,99593,185,99943,185,99516,185,100165,185,99478,185,100223,185,99169,185,100244,100,99166,100,100273,100,99112,100,100274,100,99099,100,100476,100,98995,100,100524,100,,,100574,100,,
2019-06-28 09:57:03.660571753,99832,185,99808,100,99943,185,99593,185,100165,185,99516,185,100223,185,99478,185,100244,100,99169,185,100273,100,99166,100,100274,100,99112,100,100476,100,99099,100,100524,100,98995,100,100574,100,,
2019-06-28 09:57:10.000000000,99832,168,99808,168,99943,168,99593,168,100165,168,99516,168,100223,168,99478,168,100244,168,99169,168,100273,100,99166,100,100274,100,99112,100,100476,100,99099,100,100524,100,98995,100,100574,100,,
2019-06-28 09:57:19.202153451,99832,168,99808,168,99943,168,99593,168,100118,100,99516,168,100165,168,99478,168,100223,168,99169,168,100244,168,99166,100,100273,100,99112,100,100274,100,99099,100,100476,100,98995,100,100524,100,,
2019-06-28 09:57:20.000000000,99832,185,99808,185,99943,185,99593,185,100118,185,99516,185,100165,185,99478,185,100223,100,99169,100,100244,100,99166,100,100273,100,99112,100,100274,100,99099,100,100476,100,98995,100,100524,100,,
2019-06-28 09:57:24.098834581,99832,85,99808,185,99943,185,99593,185,100118,185,99516,185,100165,185,99478,185,100223,100,99169,100,100244,100,99166,100,100273,100,99112,100,100274,100,99099,100,100476,100,98995,100,100524,100,,
2019-06-28 09:57:27.458114651,99832,85,99808,185,99943,185,99593,185,100118,185,99516,185,100135,100,99478,185,100165,185,99169,100,100223,100,99166,100,100244,100,99112,100,100273,100,99099,100,100274,100,98995,100,100476,100,,
2019-06-28 09:57:30.000000000,99943,168,99808,168,100118,168,99593,168,100135,168,99516,168,100165,168,99478,168,100223,168,99169,168,100244,100,99166,100,100273,100,99112,100,100274,100,99099,100,100476,100,98995,100,100524,100,,
2019-06-28 09:57:31.152312112,99943,168,99808,168,100118,168,99593,168,100135,168,99516,168,100165,168,99478,168,100191,100,99169,168,100223,168,99112,100,100244,100,99099,100,100273,100,98995,100,100274,100,,,100476,100,,
2019-06-28 09:57:40.000000000,99943,270,99808,270,100118,270,99593,270,100135,100,99516,100,100165,100,99478,100,100191,100,99169,100,100223,100,99112,100,100244,100,99099,100,100273,100,98995,100,100274,100,,,100476,100,,
2019-06-28 09:57:50.000000000,99943,215,99808,215,100118,212,99593,212,100135,212,99516,212,100165,100,99478,100,100191,100,99169,100,100223,100,99112,100,100244,100,99099,100,100273,100,98995,100,100274,100,,,100476,100,,
2019-06-28 09:58:00.000000000,99943,215,99808,215,100118,212,99593,212,100135,212,99516,212,100165,100,99478,100,100191,100,99169,100,100223,100,99112,100,100244,100,99099,100,100273,100,98995,100,100274,100,,,100476,100,,
2019-06-28 09:58:09.919012369,99943,215,99808,215,100118,212,99593,212,100135,212,99516,212,100165,100,99478,100,100191,100,99169,100,100223,100,99112,100,100244,100,99099,100,100273,100,98995,100,100274,100,,,100476,100,,
2019-06-28 09:58:10.000000000,99943,270,99808,270,100118,270,99593,270,100135,100,99516,100,100165,100,99478,100,100191,100,99169,100,100223,100,99112,100,100244,100,99099,100,100273,100,98995,100,100274,100,,,100476,100,,
2019-06-28 09:58:20.000000000,99943,270,99808,270,100118,270,99593,270,100135,100,99516,100,100165,100,99478,100,100191,100,99169,100,100223,100,99112,100,100244,100,99099,100,100273,100,98995,100,100274,100,,,100476,100,,
2019-06-28 09:58:23.345632741,99943,270,99809,100,100118,270,99808,270,100135,100,99593,270,100165,100,99516,100,100191,100,99478,100,100223,100,99169,100,100244,100,99112,100,100273,100,99099,100,100274,100,98995,100,100476,100,,
2019-06-28 09:58:24.311624028,99943,270,99809,100,100118,270,99808,270,100135,100,99593,270,100165,100,99516,100,100191,100,99478,100,100223,100,99169,100,100244,100,99112,100,100273,100,99099,100,100274,100,98995,100,100476,100,,
2019-06-28 09:58:24.750706540,99943,270,99809,100,100118,270,99808,270,100135,100,99593,270,100165,100,99516,100,100191,100,99478,100,100223,100,99169,100,100244,100,99112,100,100273,100,99099,100,100274,100,98995,100,100476,100,,
2019-06-28 09:58:30.000000000,99943,439,99809,439,100118,100,99808,100,100135,100,99593,100,100165,100,99516,100,100191,100,99478,100,100223,100,99169,100,100244,100,99112,100,100273,100,99099,100,100274,100,98995,100,100476,100,,
2019-06-28 09:58:34.399997579,99943,439,99809,439,100118,100,99808,100,100135,100,99593,100,100165,100,99516,100,100191,100,99478,100,100223,100,99169,100,100244,100,99112,100,100273,100,99099,100,100274,100,98995,100,100476,100,,
2019-06-28 09:58:40.000000000,99943,168,99809,168,100118,168,99808,168,100135,168,99593,168,100165,168,99516,168,100191,168,99478,168,100223,100,99169,100,100244,100,99112,100,100273,100,99099,100,100274,100,98995,100,100476,100,,
2019-06-28 09:58:48.757952924,99943,68,99809,168,100118,168,99808,168,100135,168,99593,168,100165,168,99516,168,100191,168,99478,168,100223,100,99169,100,100244,100,99112,100,100273,100,99099,100,100274,100,98995,100,100476,100,,
2019-06-28 09:58:50.000000000,100118,439,99809,439,100135,100,99808,100,100165,100,99593,100,100191,100,99516,100,100223,100,99478,100,100244,100,99169,100,100273,100,99112,100,100274,100,99099,100,100476,100,98995,100,100524,100,,
2019-06-28 09:59:00.000000000,100118,185,99809,185,100135,185,99808,185,100165,185,99593,185,100191,185,99516,185,100223,100,99478,100,100244,100,99169,100,100273,100,99112,100,100274,100,99099,100,100476,100,98995,100,100524,100,,
2019-06-28 09:59:10.000000000,100118,168,99809,168,100135,168,99808,168,100165,168,99593,168,100191,168,99516,168,100223,168,99478,168,100244,100,99169,100,100273,100,99112,100,100274,100,99099,100,100476,100,98995,100,100524,100,,
2019-06-28 09:59:11.906924791,100118,68,99809,168,100135,168,99808,168,100165,168,99593,168,100191,168,99516,168,100223,168,99478,168,100244,100,99169,100,100273,100,99112,100,100274,100,99099,100,100476,100,98995,100,100524,100,,
2019-06-28 09:59:20.000000000,100135,270,99809,270,100165,270,99808,270,100191,100,99593,100,100223,100,99516,100,100244,100,99478,100,100273,100,99169,100,100274,100,99112,100,100476,100,99099,100,100524,100,98995,100,100599,100,,
2019-06-28 09:59:30.000000000,100135,168,99809,168,100165,168,99808,168,100191,168,99593,168,100223,168,99516,168,100244,168,99478,168,100273,100,99169,100,100274,100,99112,100,100476,100,99099,100,100524,100,98995,100,100599,100,,
2019-06-28 09:59:40.000000000,100135,270,99809,270,100165,270,99808,270,100191,100,99593,100,100223,100,99516,100,100244,100,99478,100,100273,100,99169,100,100274,100,99112,100,100476,100,99099,100,100524,100,98995,100,100599,100,,
2019-06-28 09:59:50.000000000,100135,168,99809,168,100165,168,99808,168,100191,168,99593,168,100223,168,99516,168,100244,168,99478,168,100273,100,99169,100,100274,100,99112,100,100476,100,99099,100,100524,100,98995,100,100599,100,,
2019-06-28 10:00:00.000000000,100135,168,99809,168,100165,168,99808,168,100191,168,99593,168,100223,168,99516,168,100244,168,99478,168,100273,100,99169,100,100274,100,99112,100,100476,100,99099,100,100524,100,98995,100,100599,100,,
2019-06-28 10:00:10.000000000,100135,270,99809,270,100165,270,99808,270,100191,100,99593,100,100223,100,99516,100,100244,100,99478,100,100273,100,99169,100,100274,100,99112,100,100476,100,99099,100,100524,100,98995,100,100599,100,,
2019-06-28 10:00:11.764984658,100135,270,99809,170,100165,270,99808,270,100191,100,99593,100,100223,100,99516,100,100244,100,99478,100,100273,100,99169,100,100274,100,99112,100,100476,100,99099,100,100524,100,98995,100,100599,100,,
2019-06-28 10:00:20.000000000,100135,215,99808,215,100165,212,99593,212,100191,212,99516,212,100223,100,99478,100,100244,100,99169,100,100273,100,99112,100,100274,100,99099,100,100476,100,98995,100,100524,100,,,100599,100,,
2019-06-28 10:00:29.816761529,100135,215,99808,215,100165,212,99593,212,100191,212,99516,212,100223,100,99478,100,100244,100,99169,100,100273,100,99112,100,100274,100,99099,100,100476,100,98995,100,100508,100,,,100524,100,,
2019-06-28 10:00:30.000000000,100135,270,99808,270,100165,270,99593,270,100191,100,99516,100,100223,100,99478,100,100244,100,99169,100,100273,100,99112,100,100274,100,99099,100,100476,100,98995,100,100508,100,,,100524,100,,
2019-06-28 10:00:37.369825600,100135,170,99808,270,100165,270,99593,270,100191,100,99516,100,100223,100,99478,100,100273,100,99169,100,100274,100,99112,100,100476,100,99099,100,100508,100,98995,100,100524,100,,,100599,100,,
2019-06-28 10:00:40.000000000,100165,439,99808,439,100191,100,99593,100,100223,100,99516,100,100273,100,99478,100,100274,100,99169,100,100476,100,99112,100,100508,100,99099,100,100524,100,98995,100,100599,100,,,100661,100,,
2019-06-28 10:00:50.000000000,100165,185,99808,185,100191,185,99593,185,100223,185,99516,185,100273,185,99478,185,100274,100,99169,100,100476,100,99112,100,100508,100,99099,100,100524,100,98995,100,100599,100,,,100661,100,,
2019-06-28 10:01:00.000000000,100165,270,99808,270,100191,270,99593,270,100223,100,99516,100,100273,100,99478,100,100274,100,99169,100,100476,100,99112,100,100508,100,99099,100,100524,100,98995,100,100599,100,,,100661,100,,
2019-06-28 10:01:09.234610062,100165,270,99808,270,100191,270,99593,270,100223,100,99516,100,100273,100,99478,100,100274,100,99169,100,100476,100,99112,100,100508,100,99099,100,100520,100,98995,100,100524,100,,,100599,100,,
2019-06-28 10:01:10.000000000,100165,439,99808,439,100191,100,99593,100,100223,100,99516,100,100273,100,99478,100,100274,100,99169,100,100476,100,99112,100,100508,100,99099,100,100520,100,98995,100,100524,100,,,100599,100,,
2019-06-28 10:01:20.000000000,100165,439,99808,439,100191,100,99593,100,100223,100,99516,100,100273,100,99478,100,100274,100,99169,100,100476,100,99112,100,100508,100,99099,100,100520,100,98995,100,100524,100,,,100599,100,,
2019-06-28 10:01:30.000000000,100165,439,99808,439,100191,100,99593,100,100223,100,99516,100,100273,100,99478,100,100274,100,99169,100,100476,100,99112,100,100508,100,99099,100,100520,100,98995,100,100524,100,,,100599,100,,
2019-06-28 10:01:40.000000000,100165,439,99808,439,100191,100,99593,100,100223,100,99516,100,100273,100,99478,100,100274,100,99169,100,100476,100,99112,100,100508,100,99099,100,100520,100,98995,100,100524,100,,,100599,100,,
2019-06-28 10:01:47.883700365,100165,439,99808,439,100191,100,99593,100,100223,100,99516,100,100273,100,99478,100,100274,100,99169,100,100476,100,99112,100,100508,100,99099,100,100520,100,98995,100,100524,100,,,100566,100,,
2019-06-28 10:01:50.000000000,100165,168,99808,168,100191,168,99593,168,100223,168,99516,168,100273,168,99478,168,100274,168,99169,168,100476,100,99112,100,100508,100,99099,100,100520,100,98995,100,100524,100,,,100566,100,,
2019-06-28 10:01:51.257030586,100165,168,99808,168,100191,168,99593,168,100223,168,99516,168,100273,168,99478,168,100274,168,99169,168,100422,100,99112,100,100476,100,99099,100,100508,100,98995,100,100520,100,,,100524,100,,
2019-06-28 10:01:59.675073787,100165,68,99808,168,100191,168,99593,168,100223,168,99516,168,100273,168,99478,168,100274,168,99169,168,100422,100,99112,100,100476,100,99099,100,100508,100,98995,100,100520,100,,,100524,100,,
2019-06-28 10:02:00.000000000,100191,185,99808,185,100223,185,99593,185,100273,185,99516,185,100274,185,99478,185,100422,100,99169,100,100476,100,99112,100,100508,100,99099,100,100520,100,98995,100,100524,100,,,100566,100,,
2019-06-28 10:02:00.679389133,100191,185,99808,185,100223,185,99593,185,100273,185,99516,185,100274,185,99478,185,100476,100,99169,100,100507,100,99112,100,100508,100,99099,100,100520,100,98995,100,100524,100,,,100566,100,,
2019-06-28 10:02:10.000000000,100191,270,99808,270,100223,270,99593,270,100273,100,99516,100,100274,100,99478,100,100476,100,99169,100,100507,100,99112,100,100508,100,99099,100,100520,100,98995,100,100524,100,,,100566,100,,
2019-06-28 10:02:10.772915544,100191,270,99808,270,100223,270,99593,270,100273,100,99516,100,100274,100,99478,100,100476,100,99169,100,100507,100,99099,100,100508,100,98995,100,100520,100,,,100524,100,,,100566,100,,
2019-06-28 10:02:20.000000000,100191,270,99808,270,100223,270,99593,270,100273,100,99516,100,100274,100,99478,100,100476,100,99169,100,100507,100,99099,100,100508,100,98995,100,100520,100,,,100524,100,,,100566,100,,
2019-06-28 10:02:29.378708520,100191,270,100135,100,100223,270,99808,270,100273,100,99593,270,100274,100,99516,100,100476,100,99478,100,100507,100,99169,100,100508,100,99099,100,100520,100,98995,100,100524,100,,,100566,100,,
2019-06-28 10:02:30.000000000,100191,215,100135,215,100223,212,99808,212,100273,212,99593,212,100274,100,99516,100,100476,100,99478,100,100507,100,99169,100,100508,100,99099,100,100520,100,98995,100,100524,100,,,100566,100,,
2019-06-28 10:02:33.893767844,100191,115,100135,215,100223,212,99808,212,100273,212,99593,212,100274,100,99516,100,100476,100,99478,100,100507,100,99169,100,100508,100,99099,100,100520,100,,,100524,100,,,100566,100,,
2019-06-28 10:02:40.000000000,100223,215,100135,215,100273,212,99808,212,100274,212,99593,212,100476,100,99516,100,100507,100,99478,100,100508,100,99169,100,100520,100,99099,100,100524,100,,,100566,100,,,100599,100,,
2019-06-28 10:02:50.000000000,100223,185,100135,185,100273,185,99808,185,100274,185,99593,185,100476,185,99516,185,100507,100,99478,100,100508,100,99169,100,100520,100,99099,100,100524,100,,,100566,100,,,100599,100,,
2019-06-28 10:02:59.958667184,100223,185,100135,185,100273,185,99808,185,100274,185,99593,185,100476,85,99516,185,100507,100,99478,100,100508,100,99169,100,100520,100,99099,100,100524,100,,,100566,100,,,100599,100,,
2019-06-28 10:03:00.000000000,100223,439,100135,439,100273,100,99808,100,100274,100,99593,100,100507,100,99516,100,100508,100,99478,100,100520,100,99169,100,100524,100,99099,100,100566,100,,,100599,100,,,100661,100,,
2019-06-28 10:03:10.000000000,100223,185,100135,185,100273,185,99808,185,100274,185,99593,185,100507,185,99516,185,100508,100,99478,100,100520,100,99169,100,100524,100,99099,100,100566,100,,,100599,100,,,100661,100,,
2019-06-28 10:03:15.340712109,100223,85,100135,185,100273,185,99808,185,100274,185,99593,185,100507,185,99516,185,100508,100,99478,100,100520,100,99169,100,100524,100,99099,100,100566,100,,,100599,100,,,100661,100,,
2019-06-28 10:03:17.592749532,100273,185,100223,15,100274,185,100135,185,100507,185,99808,185,100508,100,99593,85,100520,100,99516,185,100524,100,99478,100,100566,100,99169,100,100599,100,99099,100,100661,100,,,100701,100,,
2019-06-28 10:03:20.000000000,100273,215,100223,130,100274,212,100135,212,100507,212,99808,212,100508,100,99516,100,100520,100,99478,100,100524,100,99169,100,100566,100,99099,100,100599,100,,,100661,100,,,100701,100,,
2019-06-28 10:03:30.000000000,100273,185,100223,100,100274,185,100135,185,100507,185,99808,185,100508,185,99516,185,100520,100,99478,100,100524,100,99169,100,100566,100,99099,100,100599,100,,,100661,100,,,100701,100,,
2019-06-28 10:03:40.000000000,100273,168,100223,83,100274,168,100135,168,100507,168,99808,168,100508,168,99516,168,100520,168,99478,168,100524,100,99169,100,100566,100,99099,100,100599,100,,,100661,100,,,100701,100,,
2019-06-28 10:03:41.797146523,100273,68,100223,83,100274,168,100135,168,100507,168,99808,168,100508,168,99516,168,100520,168,99478,168,100524,100,99169,100,100566,100,99099,100,100599,100,,,100661,100,,,100701,100,,
2019-06-28 10:03:49.340335462,100274,168,100273,32,100507,168,100223,83,100508,168,100135,168,100520,168,99808,168,100524,100,99516,168,100566,100,99478,168,100599,100,99169,100,100661,100,99099,100,100701,100,,,100739,100,,
2019-06-28 10:03:50.000000000,100274,215,100273,147,100507,212,100223,127,100508,212,100135,212,100520,100,99808,100,100524,100,99516,100,100566,100,99478,100,100599,100,99169,100,100661,100,99099,100,100701,100,,,100739,100,,
2019-06-28 10:04:00.000000000,100274,215,100273,147,100507,212,100223,127,100508,212,100135,212,100520,100,99808,100,100524,100,99516,100,100566,100,99478,100,100599,100,99169,100,100661,100,99099,100,100701,100,,,100739,100,,
2019-06-28 10:04:10.000000000,100274,168,100273,100,100507,168,100223,83,100508,168,100135,168,100520,168,99808,168,100524,168,99516,168,100566,100,99478,100,100599,100,99169,100,100661,100,99099,100,100701,100,,,100739,100,,
2019-06-28 10:04:12.385500630,100274,168,100273,200,100507,168,100223,83,100508,168,100135,68,100520,168,99808,168,100524,168,99516,168,100566,100,99478,100,100599,100,99169,100,100661,100,99099,100,100701,100,,,100739,100,,
2019-06-28 10:04:20.000000000,100274,168,100273,200,100507,168,100223,83,100508,168,99808,168,100520,168,99516,168,100524,168,99478,168,100566,100,99169,100,100599,100,99099,100,100661,100,,,100701,100,,,100739,100,,
2019-06-28 10:04:30.000000000,100274,168,100273,200,100507,168,100223,83,100508,168,99808,168,100520,168,99516,168,100524,168,99478,168,100566,100,99169,100,100599,100,99099,100,100661,100,,,100701,100,,,100739,100,,
2019-06-28 10:04:40.000000000,100274,439,100273,471,100507,100,100223,15,100508,100,99808,100,100520,100,99516,100,100524,100,99478,100,100566,100,99169,100,100599,100,99099,100,100661,100,,,100701,100,,,100739,100,,
2019-06-28 10:04:40.584125697,100274,439,100273,471,100507,100,100223,15,100508,100,100088,100,100520,100,99808,100,100524,100,99516,100,100566,100,99478,100,100661,100,99169,100,100701,100,99099,100,100739,100,,,100775,100,,
2019-06-28 10:04:46.267069446,100274,439,100273,471,100304,100,100223,15,100507,100,100088,100,100508,100,99808,100,100520,100,99516,100,100524,100,99478,100,100566,100,99169,100,100661,100,99099,100,100701,100,,,100775,100,,
2019-06-28 10:04:50.000000000,100274,215,100273,247,100304,212,100223,127,100507,212,100088,212,100508,100,99808,100,100520,100,99516,100,100524,100,99478,100,100566,100,99169,100,100661,100,99099,100,100701,100,,,100775,100,,
2019-06-28 10:04:54.704204725,100274,215,100273,247,100304,212,100223,127,100306,100,100088,212,100507,212,99808,100,100508,100,99516,100,100520,100,99478,100,100524,100,99169,100,100566,100,99099,100,100661,100,,,100701,100,,
2019-06-28 10:05:00.000000000,100274,270,100273,302,100304,270,100223,185,100306,100,100088,100,100507,100,99808,100,100508,100,99516,100,100520,100,99478,100,100524,100,99169,100,100566,100,99099,100,100661,100,,,100701,100,,
2019-06-28 10:05:10.000000000,100274,215,100273,247,100304,212,100223,127,100306,212,100088,212,100507,100,99808,100,100508,100,99516,100,100520,100,99478,100,100524,100,99169,100,100566,100,99099,100,100661,100,,,100701,100,,
2019-06-28 10:05:12.702811416,100274,215,100273,147,100304,212,100223,127,100306,212,100088,212,100507,100,99808,100,100508,100,99516,100,100520,100,99478,100,100524,100,99169,100,100566,100,99099,100,100661,100,,,100701,100,,
2019-06-28 10:05:17.106220835,100274,215,100273,147,100304,212,100223,127,100306,212,100088,212,100507,100,100021,100,100508,100,99808,100,100520,100,99516,100,100524,100,99478,100,100566,100,99169,100,100661,100,99099,100,100701,100,,
2019-06-28 10:05:20.000000000,100274,185,100273,117,100304,185,100223,100,100306,185,100088,185,100507,185,100021,185,100508,100,99808,100,100520,100,99516,100,100524,100,99478,100,100566,100,99169,100,100661,100,99099,100,100701,100,,
2019-06-28 10:05:28.048000242,100274,185,100273,17,100304,185,100223,100,100306,185,100088,185,100507,185,100021,185,100508,100,99808,100,100520,100,99516,100,100524,100,99478,100,100566,100,99169,100,100661,100,99099,100,100701,100,,
2019-06-28 10:05:30.000000000,100274,439,100223,354,100304,100,100088,100,100306,100,100021,100,100507,100,99808,100,100508,100,99516,100,100520,100,99478,100,100524,100,99169,100,100566,100,99099,100,100661,100,,,100701,100,,
2019-06-28 10:05:40.000000000,100274,439,100223,354,100304,100,100088,100,100306,100,100021,100,100507,100,99808,100,100508,100,99516,100,100520,100,99478,100,100524,100,99169,100,100566,100,99099,100,100661,100,,,100701,100,,
2019-06-28 10:05:45.369020439,100273,100,100223,354,100274,439,100088,100,100304,100,100021,100,100306,100,99808,100,100507,100,99516,100,100508,100,99478,100,100520,100,99169,100,100524,100,99099,100,100566,100,,,100661,100,,
2019-06-28 10:05:46.017806048,100273,100,100223,354,100274,439,100088,100,100304,100,100046,100,100306,100,100021,100,100507,100,99808,100,100508,100,99516,100,100520,100,99478,100,100524,100,99169,100,100566,100,99099,100,100661,100,,
2019-06-28 10:05:50.000000000,100273,168,100223,83,100274,168,100088,168,100304,168,100046,168,100306,168,100021,168,100507,168,99808,168,100508,100,99516,100,100520,100,99478,100,100524,100,99169,100,100566,100,99099,100,100661,100,,
2019-06-28 10:06:00.000000000,100273,215,100223,130,100274,212,100088,212,100304,212,100046,212,100306,100,100021,100,100507,100,99808,100,100508,100,99516,100,100520,100,99478,100,100524,100,99169,100,100566,100,99099,100,100661,100,,
2019-06-28 10:06:10.000000000,100273,215,100223,130,100274,212,100088,212,100304,212,100046,212,100306,100,100021,100,100507,100,99808,100,100508,100,99516,100,100520,100,99478,100,100524,100,99169,100,100566,100,99099,100,100661,100,,
2019-06-28 10:06:20.000000000,100273,270,100223,185,100274,270,100088,270,100304,100,100046,100,100306,100,100021,100,100507,100,99808,100,100508,100,99516,100,100520,100,99478,100,100524,100,99169,100,100566,100,99099,100,100661,100,,
2019-06-28 10:06:30.000000000,100273,185,100223,100,100274,185,100088,185,100304,185,100046,185,100306,185,100021,185,100507,100,99808,100,100508,100,99516,100,100520,100,99478,100,100524,100,99169,100,100566,100,99099,100,100661,100,,
2019-06-28 10:06:40.000000000,100273,270,100223,185,100274,270,100088,270,100304,100,100046,100,100306,100,100021,100,100507,100,99808,100,100508,100,99516,100,100520,100,99478,100,100524,100,99169,100,100566,100,99099,100,100661,100,,
2019-06-28 10:06:41.792173881,100273,270,100223,85,100274,270,100088,270,100304,100,100046,100,100306,100,100021,100,100507,100,99808,100,100508,100,99516,100,100520,100,99478,100,100524,100,99169,100,100566,100,99099,100,100661,100,,
2019-06-28 10:06:50.000000000,100273,215,100088,215,100274,212,100046,212,100304,212,100021,212,100306,100,99808,100,100507,100,99516,100,100508,100,99478,100,100520,100,99169,100,100524,100,99099,100,100566,100,,,100661,100,,
2019-06-28 10:06:50.473769733,100273,215,100088,115,100274,212,100046,212,100304,212,100021,212,100306,100,99808,100,100507,100,99516,100,100508,100,99478,100,100520,100,99099,100,100524,100,,,100566,100,,,100661,100,,
2019-06-28 10:06:55.965024592,100273,215,100088,115,100274,212,100046,212,100304,212,100040,100,100306,100,100021,212,100507,100,99808,100,100508,100,99516,100,100520,100,99478,100,100524,100,99099,100,100566,100,,,100661,100,,
2019-06-28 10:07:00.000000000,100273,270,100046,270,100274,270,100040,270,100304,100,100021,100,100306,100,99808,100,100507,100,99516,100,100508,100,99478,100,100520,100,99099,100,100524,100,,,100566,100,,,100661,100,,
2019-06-28 10:07:04.019317931,100273,270,100046,170,100274,270,100040,270,100304,100,100021,100,100306,100,99808,100,100507,100,99516,100,100508,100,99478,100,100520,100,99099,100,100524,100,,,100566,100,,,100661,100,,
2019-06-28 10:07:05.919928536,100273,270,100046,70,100274,270,100040,270,100304,100,100021,100,100306,100,99808,100,100507,100,99516,100,100508,100,99478,100,100520,100,99099,100,100524,100,,,100566,100,,,100661,100,,
2019-06-28 10:07:10.000000000,100273,215,100040,215,100274,212,100021,212,100304,212,99808,212,100306,100,99516,100,100507,100,99478,100,100508,100,99099,100,100520,100,,,100524,100,,,100566,100,,,100661,100,,
2019-06-28 10:07:20.000000000,100273,185,100040,185,100274,185,100021,185,100304,185,99808,185,100306,185,99516,185,100507,100,99478,100,100508,100,99099,100,100520,100,,,100524,100,,,100566,100,,,100661,100,,
2019-06-28 10:07:30.000000000,100273,215,100040,215,100274,212,100021,212,100304,212,99808,212,100306,100,99516,100,100507,100,99478,100,100508,100,99099,100,100520,100,,,100524,100,,,100566,100,,,100661,100,,
2019-06-28 10:07:40.000000000,100273,168,100040,168,100274,168,100021,168,100304,168,99808,168,100306,168,99516,168,100507,168,99478,168,100508,100,99099,100,100520,100,,,100524,100,,,100566,100,,,100661,100,,
2019-06-28 10:07:50.000000000,100273,168,100040,168,100274,168,100021,168,100304,168,99808,168,100306,168,99516,168,100507,168,99478,168,100508,100,99099,100,100520,100,,,100524,100,,,100566,100,,,100661,100,,
2019-06-28 10:07:54.095282667,100273,168,100040,168,100274,168,100021,168,100304,168,99808,168,100306,168,99516,168,100507,168,99478,168,100508,100,99440,100,100520,100,99099,100,100524,100,,,100566,100,,,100661,100,,
2019-06-28 10:08:00.000000000,100273,215,100040,215,100274,212,100021,212,100304,212,99808,212,100306,100,99516,100,100507,100,99478,100,100508,100,99440,100,100520,100,99099,100,100524,100,,,100566,100,,,100661,100,,
2019-06-28 10:08:10.000000000,100273,439,100040,439,100274,100,100021,100,100304,100,99808,100,100306,100,99516,100,100507,100,99478,100,100508,100,99440,100,100520,100,99099,100,100524,100,,,100566,100,,,100661,100,,
2019-06-28 10:08:18.802488017,100273,439,100040,339,100274,100,100021,100,100304,100,99839,100,100306,100,99808,100,100507,100,99516,100,100508,100,99478,100,100520,100,99440,100,100524,100,99099,100,100566,100,,,100661,100,,
2019-06-28 10:08:20.000000000,100273,215,100021,215,100274,212,99839,212,100304,212,99808,212,100306,100,99516,100,100507,100,99478,100,100508,100,99440,100,100520,100,99099,100,100524,100,,,100566,100,,,100661,100,,
2019-06-28 10:08:30.000000000,100273,168,100021,168,100274,168,99839,168,100304,168,99808,168,100306,168,99516,168,100507,168,99478,168,100508,100,99440,100,100520,100,99099,100,100524,100,,,100566,100,,,100661,100,,
2019-06-28 10:08:40.000000000,100273,168,100021,168,100274,168,99839,168,100304,168,99808,168,100306,168,99516,168,100507,168,99478,168,100508,100,99440,100,100520,100,99099,100,100524,100,,,100566,100,,,100661,100,,
2019-06-28 10:08:50.000000000,100273,270,100021,270,100274,270,99839,270,100304,100,99808,100,100306,100,99516,100,100507,100,99478,100,100508,100,99440,100,100520,100,99099,100,100524,100,,,100566,100,,,100661,100,,
2019-06-28 10:08:54.696035125,100273,270,100046,100,100274,270,100021,270,100304,100,99839,270,100306,100,99808,100,100507,100,99516,100,100508,100,99478,100,100520,100,99440,100,100524,100,99099,100,100566,100,,,100661,100,,
2019-06-28 10:09:00.000000000,100273,270,100046,270,100274,270,100021,270,100304,100,99839,100,100306,100,99808,100,100507,100,99516,100,100508,100,99478,100,100520,100,99440,100,100524,100,99099,100,100566,100,,,100661,100,,
2019-06-28 10:09:05.428145364,100187,100,100046,270,100273,270,100021,270,100274,270,99839,100,100304,100,99808,100,100306,100,99516,100,100507,100,99478,100,100508,100,99440,100,100520,100,99099,100,100524,100,,,100566,100,,
2019-06-28 10:09:10.000000000,100187,439,100046,439,100273,100,100021,100,100274,100,99839,100,100304,100,99808,100,100306,100,99516,100,100507,100,99478,100,100508,100,99440,100,100520,100,99099,100,100524,100,,,100566,100,,
2019-06-28 10:09:11.345645580,100187,439,100046,539,100273,100,100021,100,100274,100,99839,100,100304,100,99808,100,100306,100,99516,100,100507,100,99478,100,100508,100,99440,100,100520,100,99099,100,100524,100,,,100566,100,,
2019-06-28 10:09:14.079706415,100187,439,100046,639,100273,100,100021,100,100274,100,99839,100,100304,100,99808,100,100306,100,99516,100,100507,100,99478,100,100508,100,99440,100,100520,100,99099,100,100524,100,,,100566,100,,
2019-06-28 10:09:14.494938005,100150,100,100046,639,100187,439,100021,100,100273,100,99839,100,100274,100,99808,100,100304,100,99516,100,100507,100,99478,100,100508,100,99440,100,100520,100,99099,100,100524,100,,,100566,100,,
2019-06-28 10:09:17.364585358,100150,100,100046,639,100187,439,100021,100,100273,100,99839,100,100274,100,99808,100,100304,100,99516,100,100507,100,99478,100,100508,100,99440,100,100520,100,99099,100,100524,100,,,100566,100,,
