,ask_price_1,ask_size_1,bid_price_1,bid_size_1,ask_price_2,ask_size_2,bid_price_2,bid_size_2,ask_price_3,ask_size_3,bid_price_3,bid_size_3,ask_price_4,ask_size_4,bid_price_4,bid_size_4,ask_price_5,ask_size_5,bid_price_5,bid_size_5,ask_price_6,ask_size_6,bid_price_6,bid_size_6,ask_price_7,ask_size_7,bid_price_7,bid_size_7,ask_price_8,ask_size_8,bid_price_8,bid_size_8,ask_price_9,ask_size_9,bid_price_9,bid_size_9,ask_price_10,ask_size_10,bid_price_10,bid_size_10
2019-06-28 09:30:00.000000003,,,100070,100,,,,,,,,,,,,,,,,,,,,,,,,,,,,,,,,,,,,
2019-06-28 09:30:00.000000004,,,,,,,,,,,,,,,,,,,,,,,,,,,,,,,,,,,,,,,,
2019-06-28 09:30:00.000000006,99950,100,,,,,,,,,,,,,,,,,,,,,,,,,,,,,,,,,,,,,,
2019-06-28 09:30:00.000000007,99950,100,,,99982,100,,,99995,100,,,,,,,,,,,,,,,,,,,,,,,,,,,,,,
2019-06-28 09:30:00.000000009,99950,100,,,99982,100,,,99995,100,,,100037,100,,,,,,,,,,,,,,,,,,,,,,,,,,
2019-06-28 09:30:00.000000010,99982,100,,,99995,100,,,100037,100,,,,,,,,,,,,,,,,,,,,,,,,,,,,,,
2019-06-28 09:30:00.000000011,99982,100,99950,100,99995,100,,,100037,100,,,,,,,,,,,,,,,,,,,,,,,,,,,,,,
2019-06-28 09:30:00.000000013,99982,100,99950,100,99995,100,99943,100,100033,100,,,100037,100,,,,,,,,,,,,,,,,,,,,,,,,,,
2019-06-28 09:30:00.000000014,99982,100,99950,200,99995,100,99943,100,100033,100,,,100037,100,,,,,,,,,,,,,,,,,,,,,,,,,,
2019-06-28 09:30:00.000000028,99982,100,99950,300,99995,100,99943,100,100033,100,,,100037,100,,,,,,,,,,,,,,,,,,,,,,,,,,
2019-06-28 09:30:00.000000034,99982,100,99950,300,99995,100,99943,100,100033,100,,,100037,100,,,100070,100,,,,,,,,,,,,,,,,,,,,,,
2019-06-28 09:30:00.000000035,99982,100,99950,300,99995,100,99943,100,100033,100,,,100037,100,,,100070,200,,,,,,,,,,,,,,,,,,,,,,
2019-06-28 09:30:00.000000037,99982,100,99971,100,99995,100,99950,400,100033,100,99943,100,100037,100,,,100070,400,,,100140,100,,,,,,,,,,,,,,,,,,
2019-06-28 09:30:00.000000040,99982,100,99971,100,99995,100,99950,400,100033,100,99943,100,100037,100,,,100070,500,,,100140,100,,,,,,,,,,,,,,,,,,
2019-06-28 09:30:00.000000041,99981,100,99971,100,99982,100,99950,500,99995,100,99943,100,100033,100,,,100037,100,,,100070,500,,,100140,100,,,,,,,,,,,,,,
2019-06-28 09:30:00.000000045,99982,100,99972,100,99995,100,99971,100,100033,100,99950,500,100037,100,99943,100,100070,500,,,100140,100,,,,,,,,,,,,,,,,,,
2019-06-28 09:30:00.000000049,99982,100,99972,100,99995,100,99971,100,100020,100,99951,100,100033,100,99950,500,100037,100,99943,100,100070,500,,,100140,100,,,,,,,,,,,,,,
2019-06-28 09:30:00.000000050,99982,100,99972,100,99995,100,99971,100,100020,100,99952,100,100033,100,99951,100,100037,100,99950,500,100070,500,99943,100,100140,100,99783,100,,,,,,,,,,,,
2019-06-28 09:30:00.000000052,99982,100,99972,100,99995,100,99971,100,100020,100,99952,100,100033,100,99951,100,100037,100,99950,500,100070,500,99943,100,100073,100,99783,100,100140,100,,,,,,,,,,
2019-06-28 09:30:00.000000053,99982,100,99971,100,99995,100,99952,100,100020,100,99951,100,100033,100,99950,500,100037,100,99943,100,100070,500,99783,100,100073,100,,,100140,100,,,,,,,,,,
2019-06-28 09:30:00.000000055,99982,100,99971,100,99995,100,99968,100,100020,100,99952,100,100033,100,99951,100,100037,100,99950,500,100070,500,99946,100,100073,100,99943,100,100140,100,99783,100,,,,,,,,
2019-06-28 09:30:00.000000056,99995,100,99972,100,100020,100,99971,100,100033,100,99968,100,100037,100,99952,100,100056,100,99951,100,100070,500,99950,500,100073,100,99946,100,100113,100,99943,100,100140,100,99783,100,,,,
2019-06-28 09:30:00.000000058,99995,100,99972,200,100020,100,99971,100,100033,100,99968,100,100037,100,99952,100,100056,100,99951,100,100070,500,99950,500,100073,100,99946,100,100113,100,99943,100,100140,100,99783,100,,,,
2019-06-28 09:30:00.000000059,99995,100,99972,100,100020,100,99971,100,100033,100,99968,100,100037,100,99952,100,100056,100,99951,100,100070,500,99950,500,100073,100,99946,100,100089,100,99943,100,100113,100,99783,100,100140,100,,
2019-06-28 09:30:00.000000061,99995,100,99972,100,100020,100,99971,100,100033,100,99968,100,100037,100,99952,100,100056,100,99951,100,100070,500,99950,500,100073,100,99946,100,100078,100,99943,100,100089,100,99783,100,100113,100,,
2019-06-28 09:30:00.000000064,99995,100,99973,100,100020,100,99972,100,100033,100,99971,100,100037,100,99968,100,100056,100,99952,100,100070,500,99951,100,100073,100,99950,500,100078,100,99946,100,100089,100,99943,100,100113,100,99783,100
2019-06-28 09:30:00.000000068,99984,100,99973,100,99995,100,99972,100,100020,100,99971,100,100033,100,99968,100,100037,100,99952,100,100056,100,99951,100,100070,500,99950,500,100073,100,99946,100,100078,100,99943,100,100089,100,99783,100
2019-06-28 09:30:00.000000070,99995,100,99972,100,100020,100,99971,100,100033,100,99968,100,100037,100,99952,100,100056,100,99951,100,100070,500,99950,500,100073,100,99946,100,100078,100,99943,100,100089,100,99783,100,100113,100,,
2019-06-28 09:30:00.000000072,99995,100,99975,100,100020,100,99972,100,100033,100,99971,100,100037,100,99968,100,100056,100,99952,100,100070,500,99951,100,100073,100,99950,500,100078,100,99946,100,100089,100,99943,100,100113,100,99783,100
2019-06-28 09:30:00.000000075,99995,100,99975,100,100020,100,99972,100,100033,100,99971,100,100037,100,99968,100,100056,100,99952,100,100070,500,99951,100,100073,100,99950,500,100078,100,99946,100,100089,100,99943,100,100113,100,99783,100
2019-06-28 09:30:00.000000076,99984,100,99975,100,99995,100,99972,100,100020,100,99971,100,100033,100,99968,100,100037,100,99952,100,100056,100,99951,100,100070,500,99950,500,100073,100,99946,100,100078,100,99943,100,100089,100,99783,100
2019-06-28 09:30:00.000000077,99995,100,99976,100,100020,100,99975,100,100033,100,99972,100,100037,100,99971,100,100039,100,99968,100,100056,100,99952,100,100070,500,99951,100,100073,100,99950,500,100078,100,99946,100,100089,100,99943,100
2019-06-28 09:30:00.000000078,99995,100,99976,100,100020,100,99975,100,100033,100,99972,200,100037,100,99971,100,100039,100,99968,100,100056,100,99952,100,100070,500,99951,100,100073,100,99950,500,100078,100,99946,100,100089,100,99943,100
2019-06-28 09:30:00.000000079,99995,100,99976,100,100020,100,99975,100,100033,100,99972,200,100037,100,99971,100,100039,100,99968,100,100056,100,99952,100,100070,500,99951,100,100073,100,99950,500,100078,100,99946,100,100081,100,99943,100
2019-06-28 09:30:00.000000080,99995,100,99976,100,100020,100,99975,100,100033,100,99972,200,100037,100,99971,100,100039,100,99968,100,100056,100,99952,100,100070,500,99951,100,100073,100,99950,500,100078,100,99946,100,100081,100,99943,100
2019-06-28 09:30:00.000000081,99995,100,99976,100,100020,100,99975,100,100033,100,99972,200,100037,100,99971,100,100039,100,99968,100,100056,100,99952,100,100070,500,99951,100,100073,100,99950,500,100078,100,99946,100,100081,100,99944,100
2019-06-28 09:30:00.000000083,99995,100,99976,100,100020,100,99975,100,100033,100,99972,200,100037,100,99971,100,100039,100,99968,100,100056,100,99952,100,100070,500,99951,100,100073,100,99950,500,100078,100,99946,100,100081,100,99944,100
2019-06-28 09:30:00.000000086,99995,100,99976,100,100020,100,99975,100,100033,100,99972,200,100037,100,99971,100,100039,100,99968,100,100056,100,99952,100,100070,500,99951,100,100073,100,99950,500,100078,100,99946,100,100081,100,99944,100
2019-06-28 09:30:00.000000089,99984,100,99976,100,99995,100,99975,100,100020,100,99972,200,100033,100,99971,100,100037,100,99968,100,100039,100,99952,100,100056,100,99951,100,100070,500,99950,500,100073,100,99946,100,100078,100,99944,100
2019-06-28 09:30:00.000000090,99984,100,99976,100,99995,100,99975,100,100020,100,99972,200,100026,100,99971,100,100033,100,99968,100,100037,100,99952,100,100039,100,99951,100,100056,100,99950,500,100070,500,99946,100,100073,100,99944,100
2019-06-28 09:30:00.000000092,99984,200,99976,100,99989,100,99975,100,99995,100,99972,200,100020,100,99971,100,100026,100,99968,100,100033,100,99952,100,100037,100,99951,100,100039,100,99950,500,100056,100,99946,100,100070,500,99944,100
2019-06-28 09:30:00.000000094,99989,100,99976,100,99995,100,99975,100,100020,100,99972,200,100026,100,99971,100,100033,100,99968,100,100037,100,99952,100,100039,100,99951,100,100056,100,99950,500,100070,500,99946,100,100073,100,99944,100
2019-06-28 09:30:00.000000096,99995,100,99976,100,100020,100,99975,100,100026,100,99972,200,100033,100,99971,100,100037,100,99968,100,100039,100,99952,100,100056,100,99951,100,100070,500,99950,500,100073,100,99946,100,100078,100,99944,100
2019-06-28 09:30:00.000000097,99995,100,99976,100,100020,100,99975,100,100026,100,99972,200,100033,100,99971,100,100037,100,99968,100,100039,100,99952,100,100056,100,99951,100,100070,500,99950,500,100073,100,99948,100,100078,100,99946,100
2019-06-28 09:30:00.000000099,99995,100,99976,100,100020,100,99975,100,100026,100,99972,200,100033,100,99971,100,100037,100,99968,100,100039,100,99960,100,100056,100,99952,100,100070,500,99951,100,100073,100,99950,500,100078,100,99948,100
2019-06-28 09:30:02.595066045,100020,100,99976,100,100026,100,99975,100,100033,100,99972,200,100037,100,99971,100,100039,100,99968,100,100056,100,99960,100,100070,500,99952,100,100073,100,99951,100,100078,100,99950,400,100081,100,99948,100
2019-06-28 09:30:10.000000000,100020,226,99976,226,100026,226,99975,226,100033,100,99972,200,100037,100,99971,100,100039,100,99968,100,100056,100,99960,100,100070,500,99952,100,100073,100,99951,100,100078,100,99950,400,100081,100,99948,100
2019-06-28 09:30:16.829529267,100020,226,99976,226,100026,226,99975,226,100033,100,99972,200,100037,100,99971,100,100039,100,99968,100,100056,100,99960,100,100070,500,99952,100,100073,100,99951,100,100078,100,99950,400,100081,100,99948,100
2019-06-28 09:30:20.000000000,100020,186,99976,186,100026,183,99975,183,100033,183,99972,283,100037,100,99971,100,100039,100,99968,100,100056,100,99960,100,100070,500,99952,100,100073,100,99951,100,100078,100,99950,400,100081,100,99948,100
2019-06-28 09:30:30.000000000,100020,352,99976,352,100026,100,99975,100,100033,100,99972,200,100037,100,99971,100,100039,100,99968,100,100056,100,99960,100,100070,500,99952,100,100073,100,99951,100,100078,100,99950,400,100081,100,99948,100
2019-06-28 09:30:40.000000000,100020,226,99976,226,100026,226,99975,226,100033,100,99972,200,100037,100,99971,100,100039,100,99968,100,100056,100,99960,100,100070,500,99952,100,100073,100,99951,100,100078,100,99950,400,100081,100,99948,100
2019-06-28 09:30:41.616709645,99995,100,99976,226,100020,226,99975,226,100026,226,99972,200,100033,100,99971,100,100037,100,99968,100,100039,100,99960,100,100056,100,99952,100,100070,500,99951,100,100073,100,99950,300,100078,100,99948,100
2019-06-28 09:30:44.094597571,99995,100,99976,226,100020,226,99975,226,100026,226,99972,200,100033,100,99971,100,100037,100,99968,100,100039,100,99960,100,100056,100,99952,100,100070,400,99951,100,100073,100,99950,300,100078,100,99948,100
2019-06-28 09:30:50.000000000,99995,150,99976,150,100020,150,99975,150,100026,150,99972,250,100033,150,99971,150,100037,150,99968,150,100039,100,99960,100,100056,100,99952,100,100070,400,99951,100,100073,100,99950,300,100078,100,99948,100
2019-06-28 09:31:00.000000000,99995,226,99976,226,100020,226,99975,226,100026,100,99972,200,100033,100,99971,100,100037,100,99968,100,100039,100,99960,100,100056,100,99952,100,100070,400,99951,100,100073,100,99950,300,100078,100,99948,100
2019-06-28 09:31:10.000000000,99995,150,99976,150,100020,150,99975,150,100026,150,99972,250,100033,150,99971,150,100037,150,99968,150,100039,100,99960,100,100056,100,99952,100,100070,400,99951,100,100073,100,99950,300,100078,100,99948,100
2019-06-28 09:31:17.362075913,99995,150,99976,150,100020,150,99975,150,100026,150,99972,250,100033,150,99971,150,100037,150,99968,150,100039,100,99960,100,100056,100,99952,100,100070,400,99951,100,100073,100,99950,300,100078,100,99948,100
2019-06-28 09:31:20.000000000,99995,352,99976,352,100020,100,99975,100,100026,100,99972,200,100033,100,99971,100,100037,100,99968,100,100039,100,99960,100,100056,100,99952,100,100070,400,99951,100,100073,100,99950,300,100078,100,99948,100
2019-06-28 09:31:30.000000000,99995,352,99976,352,100020,100,99975,100,100026,100,99972,200,100033,100,99971,100,100037,100,99968,100,100039,100,99960,100,100056,100,99952,100,100070,400,99951,100,100073,100,99950,300,100078,100,99948,100
2019-06-28 09:31:34.058561081,99995,452,99976,352,100020,100,99975,100,100026,100,99972,200,100033,100,99971,100,100037,100,99968,100,100039,100,99960,100,100056,100,99952,100,100070,400,99951,100,100073,100,99950,300,100078,100,99948,100
2019-06-28 09:31:40.000000000,99995,286,99976,186,100020,183,99975,183,100026,183,99972,283,100033,100,99971,100,100037,100,99968,100,100039,100,99960,100,100056,100,99952,100,100070,400,99951,100,100073,100,99950,300,100078,100,99948,100
2019-06-28 09:31:41.815908315,99995,286,99976,186,100020,183,99975,183,100026,183,99972,283,100033,100,99971,100,100037,100,99968,100,100039,100,99960,100,100056,100,99952,100,100070,400,99951,100,100073,100,99950,300,100078,100,99948,100
2019-06-28 09:31:50.000000000,99995,286,99976,186,100020,183,99975,183,100026,183,99972,283,100033,100,99971,100,100037,100,99968,100,100039,100,99960,100,100056,100,99952,100,100070,400,99951,100,100073,100,99950,300,100078,100,99948,100
2019-06-28 09:32:00.000000000,99995,263,99976,163,100020,163,99975,163,100026,163,99972,263,100033,163,99971,163,100037,100,99968,100,100039,100,99960,100,100056,100,99952,100,100070,400,99951,100,100073,100,99950,300,100078,100,99948,100
2019-06-28 09:32:10.000000000,99995,326,99976,226,100020,226,99975,226,100026,100,99972,200,100033,100,99971,100,100037,100,99968,100,100039,100,99960,100,100056,100,99952,100,100070,400,99951,100,100073,100,99950,300,100078,100,99948,100
2019-06-28 09:32:19.429936677,99995,326,99976,226,100020,226,99975,226,100026,100,99972,200,100033,100,99971,100,100039,100,99968,100,100056,100,99960,100,100070,400,99952,100,100073,100,99951,100,100078,100,99950,300,100081,100,99948,100
2019-06-28 09:32:20.000000000,99995,250,99976,150,100020,150,99975,150,100026,150,99972,250,100033,150,99971,150,100039,150,99968,150,100056,100,99960,100,100070,400,99952,100,100073,100,99951,100,100078,100,99950,300,100081,100,99948,100
2019-06-28 09:32:25.155282248,99995,350,99976,150,100020,150,99975,150,100026,150,99972,250,100033,150,99971,150,100039,150,99968,150,100056,100,99960,100,100070,400,99952,100,100073,100,99951,100,100078,100,99950,300,100081,100,99948,100
2019-06-28 09:32:26.582558266,99995,350,99976,150,100020,150,99975,150,100026,150,99972,250,100033,150,99971,150,100039,150,99968,150,100056,100,99960,100,100070,400,99952,100,100073,100,99951,100,100078,100,99950,300,100081,100,99948,100
2019-06-28 09:32:30.000000000,99995,552,99976,352,100020,100,99975,100,100026,100,99972,200,100033,100,99971,100,100039,100,99968,100,100056,100,99960,100,100070,400,99952,100,100073,100,99951,100,100078,100,99950,300,100081,100,99948,100
2019-06-28 09:32:31.824689747,99995,552,99976,352,100020,100,99975,100,100026,100,99972,200,100033,100,99971,100,100039,100,99968,100,100056,100,99960,100,100070,400,99952,100,100073,100,99950,300,100078,100,99948,100,100081,100,99943,100
2019-06-28 09:32:40.000000000,99995,386,99976,186,100020,183,99975,183,100026,183,99972,283,100033,100,99971,100,100039,100,99968,100,100056,100,99960,100,100070,400,99952,100,100073,100,99950,300,100078,100,99948,100,100081,100,99943,100
2019-06-28 09:32:46.064735705,99995,386,99976,86,100020,183,99975,183,100026,183,99972,283,100033,100,99971,100,100039,100,99968,100,100056,100,99960,100,100070,400,99952,100,100073,100,99950,300,100078,100,99948,100,100081,100,99943,100
2019-06-28 09:32:50.000000000,99995,426,99975,226,100020,226,99972,326,100026,100,99971,100,100033,100,99968,100,100039,100,99960,100,100056,100,99952,100,100070,400,99950,300,100073,100,99948,100,100078,100,99943,100,100081,100,99919,100
2019-06-28 09:33:00.000000000,99995,552,99975,352,100020,100,99972,200,100026,100,99971,100,100033,100,99968,100,100039,100,99960,100,100056,100,99952,100,100070,400,99950,300,100073,100,99948,100,100078,100,99943,100,100081,100,99919,100
2019-06-28 09:33:10.000000000,99995,426,99975,226,100020,226,99972,326,100026,100,99971,100,100033,100,99968,100,100039,100,99960,100,100056,100,99952,100,100070,400,99950,300,100073,100,99948,100,100078,100,99943,100,100081,100,99919,100
2019-06-28 09:33:11.223626437,99995,426,99975,126,100020,226,99972,326,100026,100,99971,100,100039,100,99968,100,100056,100,99960,100,100070,400,99952,100,100073,100,99950,300,100078,100,99948,100,100081,100,99943,100,100089,100,99919,100
2019-06-28 09:33:20.000000000,99995,350,99972,250,100020,150,99971,150,100026,150,99968,150,100039,150,99960,150,100056,150,99952,150,100070,400,99950,300,100073,100,99948,100,100078,100,99943,100,100081,100,99919,100,100089,100,99891,100
2019-06-28 09:33:21.584104821,99995,350,99972,150,100020,150,99971,150,100026,150,99968,150,100039,150,99960,150,100056,150,99952,150,100070,400,99950,300,100073,100,99948,100,100078,100,99943,100,100081,100,99919,100,100089,100,99891,100
2019-06-28 09:33:30.000000000,99995,552,99972,352,100020,100,99971,100,100026,100,99968,100,100039,100,99960,100,100056,100,99952,100,100070,400,99950,300,100073,100,99948,100,100078,100,99943,100,100081,100,99919,100,100089,100,99891,100
2019-06-28 09:33:40.000000000,99995,426,99972,226,100020,226,99971,226,100026,100,99968,100,100039,100,99960,100,100056,100,99952,100,100070,400,99950,300,100073,100,99948,100,100078,100,99943,100,100081,100,99919,100,100089,100,99891,100
2019-06-28 09:33:50.000000000,99995,386,99972,186,100020,183,99971,183,100026,183,99968,183,100039,100,99960,100,100056,100,99952,100,100070,400,99950,300,100073,100,99948,100,100078,100,99943,100,100081,100,99919,100,100089,100,99891,100
2019-06-28 09:33:50.620482434,99995,386,99972,86,100020,183,99971,183,100026,183,99968,183,100039,100,99960,100,100056,100,99952,100,100070,400,99950,300,100073,100,99948,100,100078,100,99943,100,100081,100,99919,100,100089,100,99891,100
2019-06-28 09:33:53.446512003,99995,386,99972,86,100020,83,99971,183,100026,183,99968,183,100039,100,99960,100,100056,100,99952,100,100070,400,99950,300,100073,100,99948,100,100078,100,99943,100,100081,100,99919,100,100089,100,99891,100
2019-06-28 09:34:00.000000000,99995,386,99971,186,100026,183,99968,183,100039,183,99960,183,100056,100,99952,100,100070,400,99950,300,100073,100,99948,100,100078,100,99943,100,100081,100,99919,100,100089,100,99891,100,100113,100,99886,100
2019-06-28 09:34:03.545701111,99972,100,99971,186,99995,386,99968,183,100026,183,99960,183,100039,183,99952,100,100056,100,99950,300,100070,400,99948,100,100073,100,99943,100,100078,100,99919,100,100081,100,99891,100,100089,100,99886,100
2019-06-28 09:34:10.000000000,99972,226,99971,226,99995,426,99968,226,100026,100,99960,100,100039,100,99952,100,100056,100,99950,300,100070,400,99948,100,100073,100,99943,100,100078,100,99919,100,100081,100,99891,100,100089,100,99886,100
2019-06-28 09:34:20.000000000,99972,352,99971,352,99995,300,99968,100,100026,100,99960,100,100039,100,99952,100,100056,100,99950,300,100070,400,99948,100,100073,100,99943,100,100078,100,99919,100,100081,100,99891,100,100089,100,99886,100
2019-06-28 09:34:27.342411243,99972,352,99971,252,99995,300,99968,100,100026,100,99960,100,100039,100,99952,100,100056,100,99950,300,100070,400,99948,100,100073,100,99943,100,100078,100,99891,100,100081,100,99886,100,100089,100,99883,100
2019-06-28 09:34:30.000000000,99972,186,99968,186,99995,383,99960,183,100026,183,99952,183,100039,100,99950,300,100056,100,99948,100,100070,400,99943,100,100073,100,99891,100,100078,100,99886,100,100081,100,99883,100,100089,100,99783,100
2019-06-28 09:34:32.531817111,99971,100,99968,186,99972,186,99960,183,99995,383,99952,183,100026,183,99950,300,100039,100,99948,100,100056,100,99943,100,100070,300,99891,100,100073,100,99886,100,100078,100,99883,100,100081,100,99783,100
2019-06-28 09:34:40.000000000,99971,352,99968,352,99972,100,99960,100,99995,300,99952,100,100026,100,99950,300,100039,100,99948,100,100056,100,99943,100,100070,300,99891,100,100073,100,99886,100,100078,100,99883,100,100081,100,99783,100
2019-06-28 09:34:43.222472428,99971,352,99968,352,99972,100,99960,100,99995,300,99952,100,100026,100,99950,300,100039,100,99948,100,100056,100,99943,100,100070,300,99891,100,100073,100,99886,100,100078,100,99883,100,100081,100,99783,100
2019-06-28 09:34:47.994421297,99971,352,99968,352,99972,100,99960,100,99995,300,99952,100,100026,100,99950,300,100039,100,99948,100,100056,100,99943,100,100070,300,99891,100,100073,100,99886,100,100078,100,99883,100,100081,100,99571,100
2019-06-28 09:34:50.000000000,99971,226,99968,226,99972,226,99960,226,99995,300,99952,100,100026,100,99950,300,100039,100,99948,100,100056,100,99943,100,100070,300,99891,100,100073,100,99886,100,100078,100,99883,100,100081,100,99571,100
2019-06-28 09:35:00.000000000,99971,163,99968,163,99972,163,99960,163,99995,363,99952,163,100026,163,99950,363,100039,100,99948,100,100056,100,99943,100,100070,300,99891,100,100073,100,99886,100,100078,100,99883,100,100081,100,99571,100
2019-06-28 09:35:10.000000000,99971,352,99968,352,99972,100,99960,100,99995,300,99952,100,100026,100,99950,300,100039,100,99948,100,100056,100,99943,100,100070,300,99891,100,100073,100,99886,100,100078,100,99883,100,100081,100,99571,100
2019-06-28 09:35:11.245797901,99971,352,99968,352,99972,100,99960,100,99995,200,99952,100,100026,100,99950,300,100039,100,99948,100,100056,100,99943,100,100070,300,99891,100,100073,100,99886,100,100078,100,99883,100,100081,100,99571,100
2019-06-28 09:35:20.000000000,99971,226,99968,226,99972,226,99960,226,99995,200,99952,100,100026,100,99950,300,100039,100,99948,100,100056,100,99943,100,100070,300,99891,100,100073,100,99886,100,100078,100,99883,100,100081,100,99571,100
2019-06-28 09:35:30.000000000,99971,150,99968,150,99972,150,99960,150,99995,250,99952,150,100026,150,99950,350,100039,150,99948,150,100056,100,99943,100,100070,300,99891,100,100073,100,99886,100,100078,100,99883,100,100081,100,99571,100
2019-06-28 09:35:30.849828740,99971,150,99968,150,99972,150,99960,150,99995,250,99952,150,100026,150,99950,350,100039,150,99948,150,100056,100,99943,100,100070,300,99891,100,100073,100,99886,100,100078,100,99883,100,100081,100,99571,100
2019-06-28 09:35:40.000000000,99971,352,99968,352,99972,100,99960,100,99995,200,99952,100,100026,100,99950,300,100039,100,99948,100,100056,100,99943,100,100070,300,99891,100,100073,100,99886,100,100078,100,99883,100,100081,100,99571,100
2019-06-28 09:35:50.000000000,99971,226,99968,226,99972,226,99960,226,99995,200,99952,100,100026,100,99950,300,100039,100,99948,100,100056,100,99943,100,100070,300,99891,100,100073,100,99886,100,100078,100,99883,100,100081,100,99571,100
2019-06-28 09:35:53.661411471,99971,226,99968,126,99972,226,99960,226,99995,200,99952,100,100026,100,99950,300,100039,100,99948,100,100056,100,99943,100,100070,300,99891,100,100073,100,99886,100,100078,100,99883,100,100081,100,99571,100
2019-06-28 09:35:57.604998388,99970,100,99968,126,99971,226,99960,226,99972,226,99952,100,99995,200,99950,300,100026,100,99948,100,100039,100,99943,100,100056,100,99891,100,100070,300,99886,100,100073,100,99883,100,100078,100,99571,100
2019-06-28 09:36:00.000000000,99970,186,99960,186,99971,183,99952,183,99972,183,99950,383,99995,200,99948,100,100026,100,99943,100,100039,100,99891,100,100056,100,99886,100,100070,300,99883,100,100073,100,99571,100,100078,100,99561,100
2019-06-28 09:36:10.000000000,99970,226,99960,226,99971,226,99952,226,99972,100,99950,300,99995,200,99948,100,100026,100,99943,100,100039,100,99891,100,100056,100,99886,100,100070,300,99883,100,100073,100,99571,100,100078,100,99561,100
2019-06-28 09:36:14.695859303,99970,226,99960,126,99971,226,99952,126,99972,100,99950,300,99995,200,99948,100,100026,100,99943,100,100039,100,99891,100,100056,100,99886,100,100070,300,99883,100,100073,100,99571,100,100078,100,99561,100
2019-06-28 09:36:17.595202836,99970,226,99960,126,99971,226,99952,126,99972,100,99950,300,99995,200,99948,100,100026,100,99943,100,100039,100,99891,100,100056,100,99886,100,100070,300,99883,100,100073,100,99571,100,100078,100,99294,100
2019-06-28 09:36:20.000000000,99970,226,99950,426,99971,226,99948,226,99972,100,99943,100,99995,200,99891,100,100026,100,99886,100,100039,100,99883,100,100056,100,99571,100,100070,300,99294,100,100073,100,99089,100,100078,100,99030,100
2019-06-28 09:36:29.612708658,99968,100,99950,426,99970,226,99948,226,99971,226,99943,100,99972,100,99891,100,99995,200,99886,100,100026,100,99883,100,100039,100,99571,100,100056,100,99294,100,100070,300,99089,100,100073,100,99030,100
2019-06-28 09:36:30.000000000,99968,163,99950,363,99970,163,99948,163,99971,163,99943,163,99972,163,99891,163,99995,200,99886,100,100026,100,99883,100,100039,100,99571,100,100056,100,99294,100,100070,300,99089,100,100073,100,99030,100
2019-06-28 09:36:40.000000000,99968,163,99950,363,99970,163,99948,163,99971,163,99943,163,99972,163,99891,163,99995,200,99886,100,100026,100,99883,100,100039,100,99571,100,100056,100,99294,100,100070,300,99089,100,100073,100,99030,100
2019-06-28 09:36:50.000000000,99968,226,99950,426,99970,226,99948,226,99971,100,99943,100,99972,100,99891,100,99995,200,99886,100,100026,100,99883,100,100039,100,99571,100,100056,100,99294,100,100070,300,99089,100,100073,100,99030,100
2019-06-28 09:37:00.000000000,99968,186,99950,386,99970,183,99948,183,99971,183,99943,183,99972,100,99891,100,99995,200,99886,100,100026,100,99883,100,100039,100,99571,100,100056,100,99294,100,100070,300,99089,100,100073,100,99030,100
2019-06-28 09:37:00.756315376,99968,186,99950,386,99970,183,99948,183,99971,183,99943,183,99972,100,99891,100,99995,100,99886,100,100026,100,99883,100,100039,100,99571,100,100056,100,99294,100,100070,300,99089,100,100073,100,99030,100
2019-06-28 09:37:10.000000000,99968,150,99950,350,99970,150,99948,150,99971,150,99943,150,99972,150,99891,150,99995,150,99886,150,100026,100,99883,100,100039,100,99571,100,100056,100,99294,100,100070,300,99089,100,100073,100,99030,100
2019-06-28 09:37:20.000000000,99968,226,99950,426,99970,226,99948,226,99971,100,99943,100,99972,100,99891,100,99995,100,99886,100,100026,100,99883,100,100039,100,99571,100,100056,100,99294,100,100070,300,99089,100,100073,100,99030,100
2019-06-28 09:37:24.026112755,99968,226,99950,326,99970,226,99948,226,99971,100,99943,100,99972,100,99891,100,99995,100,99886,100,100026,100,99883,100,100039,100,99571,100,100056,100,99294,100,100070,300,99089,100,100073,100,99030,100
2019-06-28 09:37:30.000000000,99968,186,99950,286,99970,183,99948,183,99971,183,99943,183,99972,100,99891,100,99995,100,99886,100,100026,100,99883,100,100039,100,99571,100,100056,100,99294,100,100070,300,99089,100,100073,100,99030,100
2019-06-28 09:37:40.000000000,99968,226,99950,326,99970,226,99948,226,99971,100,99943,100,99972,100,99891,100,99995,100,99886,100,100026,100,99883,100,100039,100,99571,100,100056,100,99294,100,100070,300,99089,100,100073,100,99030,100
2019-06-28 09:37:48.447719724,99960,100,99950,326,99968,226,99948,226,99970,226,99943,100,99971,100,99891,100,99972,100,99886,100,99995,100,99883,100,100026,100,99571,100,100039,100,99294,100,100056,100,99089,100,100070,300,99030,100
2019-06-28 09:37:50.000000000,99960,150,99950,250,99968,150,99948,150,99970,150,99943,150,99971,150,99891,150,99972,150,99886,150,99995,100,99883,100,100026,100,99571,100,100039,100,99294,100,100056,100,99089,100,100070,300,99030,100
2019-06-28 09:38:00.000000000,99960,352,99950,452,99968,100,99948,100,99970,100,99943,100,99971,100,99891,100,99972,100,99886,100,99995,100,99883,100,100026,100,99571,100,100039,100,99294,100,100056,100,99089,100,100070,300,99030,100
2019-06-28 09:38:10.000000000,99960,163,99950,263,99968,163,99948,163,99970,163,99943,163,99971,163,99891,163,99972,100,99886,100,99995,100,99883,100,100026,100,99571,100,100039,100,99294,100,100056,100,99089,100,100070,300,99030,100
2019-06-28 09:38:18.854599574,99960,163,99950,163,99968,163,99948,163,99970,163,99943,163,99971,163,99891,163,99972,100,99886,100,99995,100,99883,100,100026,100,99294,100,100039,100,99089,100,100056,100,99030,100,100070,300,98938,100
2019-06-28 09:38:20.000000000,99960,352,99950,352,99968,100,99948,100,99970,100,99943,100,99971,100,99891,100,99972,100,99886,100,99995,100,99883,100,100026,100,99294,100,100039,100,99089,100,100056,100,99030,100,100070,300,98938,100
2019-06-28 09:38:21.442025900,99960,352,99950,352,99968,100,99948,100,99970,100,99891,100,99971,100,99886,100,99972,100,99883,100,99995,100,99294,100,100026,100,99089,100,100039,100,99030,100,100056,100,99020,100,100070,300,98938,100
2019-06-28 09:38:30.000000000,99960,186,99950,186,99968,183,99948,183,99970,183,99891,183,99971,100,99886,100,99972,100,99883,100,99995,100,99294,100,100026,100,99089,100,100039,100,99030,100,100056,100,99020,100,100070,300,98938,100
2019-06-28 09:38:34.917037025,99960,186,99950,86,99968,183,99948,183,99970,183,99891,183,99971,100,99886,100,99972,100,99883,100,99995,100,99294,100,100026,100,99089,100,100039,100,99030,100,100056,100,99020,100,100070,300,98938,100
2019-06-28 09:38:40.000000000,99960,226,99948,226,99968,226,99891,226,99970,100,99886,100,99971,100,99883,100,99972,100,99294,100,99995,100,99089,100,100026,100,99030,100,100039,100,99020,100,100056,100,98938,100,100070,300,,
2019-06-28 09:38:50.000000000,99960,226,99948,226,99968,226,99891,226,99970,100,99886,100,99971,100,99883,100,99972,100,99294,100,99995,100,99089,100,100026,100,99030,100,100039,100,99020,100,100056,100,98938,100,100070,300,,
2019-06-28 09:39:00.000000000,99960,150,99948,150,99968,150,99891,150,99970,150,99886,150,99971,150,99883,150,99972,150,99294,150,99995,100,99089,100,100026,100,99030,100,100039,100,99020,100,100056,100,98938,100,100070,300,,
2019-06-28 09:39:07.376948061,99960,150,99948,50,99968,150,99891,150,99970,150,99886,150,99971,150,99883,150,99972,150,99294,150,99995,100,99089,100,100026,100,99030,100,100056,100,99020,100,100070,300,98938,100,100073,100,,
2019-06-28 09:39:10.000000000,99960,163,99891,163,99968,163,99886,163,99970,163,99883,163,99971,163,99294,163,99972,100,99089,100,99995,100,99030,100,100026,100,99020,100,100056,100,98938,100,100070,300,,,100073,100,,
2019-06-28 09:39:20.000000000,99960,150,99891,150,99968,150,99886,150,99970,150,99883,150,99971,150,99294,150,99972,150,99089,150,99995,100,99030,100,100026,100,99020,100,100056,100,98938,100,100070,300,,,100073,100,,
2019-06-28 09:39:22.003615856,99960,150,99891,150,99968,50,99886,150,99970,150,99883,150,99971,150,99294,150,99972,150,99089,150,99995,100,99030,100,100026,100,99020,100,100056,100,98938,100,100070,300,,,100073,100,,
2019-06-28 09:39:30.000000000,99960,226,99891,226,99970,226,99886,226,99971,100,99883,100,99972,100,99294,100,99995,100,99089,100,100026,100,99030,100,100056,100,99020,100,100070,300,98938,100,100073,100,,,100078,100,,
2019-06-28 09:39:33.428895971,99950,100,99891,226,99960,226,99886,226,99970,126,99883,100,99971,100,99294,100,99972,100,99089,100,99995,100,99030,100,100026,100,99020,100,100056,100,98938,100,100070,300,,,100073,100,,
2019-06-28 09:39:35.078231112,99950,100,99891,126,99960,226,99886,226,99970,126,99883,100,99971,100,99294,100,99972,100,99131,100,99995,100,99089,100,100026,100,99030,100,100056,100,99020,100,100070,300,98938,100,100073,100,,
2019-06-28 09:39:40.000000000,99950,186,99886,186,99960,183,99883,183,99971,183,99294,183,99972,100,99131,100,99995,100,99089,100,100026,100,99030,100,100056,100,99020,100,100070,300,98938,100,100073,100,,,100078,100,,
2019-06-28 09:39:46.293623175,99950,186,99886,186,99960,183,99883,183,99971,183,99294,183,99995,100,99131,100,100026,100,99089,100,100056,100,99030,100,100070,300,99020,100,100073,100,98938,100,100078,100,,,100081,100,,
2019-06-28 09:39:50.000000000,99950,352,99886,352,99960,100,99883,100,99971,100,99294,100,99995,100,99131,100,100026,100,99089,100,100056,100,99030,100,100070,300,99020,100,100073,100,98938,100,100078,100,,,100081,100,,
2019-06-28 09:39:59.674197738,99950,352,99886,352,99960,100,99883,100,99971,100,99449,100,99995,100,99294,100,100026,100,99131,100,100056,100,99089,100,100070,300,99030,100,100073,100,99020,100,100078,100,98938,100,100081,100,,
2019-06-28 09:40:00.000000000,99950,226,99886,226,99960,226,99883,226,99971,100,99449,100,99995,100,99294,100,100026,100,99131,100,100056,100,99089,100,100070,300,99030,100,100073,100,99020,100,100078,100,98938,100,100081,100,,
2019-06-28 09:40:10.000000000,99950,226,99886,226,99960,226,99883,226,99971,100,99449,100,99995,100,99294,100,100026,100,99131,100,100056,100,99089,100,100070,300,99030,100,100073,100,99020,100,100078,100,98938,100,100081,100,,
2019-06-28 09:40:20.000000000,99950,226,99886,226,99960,226,99883,226,99971,100,99449,100,99995,100,99294,100,100026,100,99131,100,100056,100,99089,100,100070,300,99030,100,100073,100,99020,100,100078,100,98938,100,100081,100,,
2019-06-28 09:40:30.000000000,99950,163,99886,163,99960,163,99883,163,99971,163,99449,163,99995,163,99294,163,100026,100,99131,100,100056,100,99089,100,100070,300,99030,100,100073,100,99020,100,100078,100,98938,100,100081,100,,
2019-06-28 09:40:33.981016920,99950,163,99886,63,99960,163,99883,163,99971,163,99449,163,99995,163,99294,163,100026,100,99131,100,100056,100,99089,100,100070,300,99030,100,100073,100,99020,100,100078,100,98938,100,100081,100,,
2019-06-28 09:40:40.000000000,99950,163,99883,163,99960,163,99449,163,99971,163,99294,163,99995,163,99131,163,100026,100,99089,100,100056,100,99030,100,100070,300,99020,100,100073,100,98938,100,100078,100,,,100081,100,,
2019-06-28 09:40:42.600980313,99950,163,99883,63,99960,163,99449,163,99971,163,99294,163,99995,163,99131,163,100026,100,99089,100,100056,100,99030,100,100070,300,99020,100,100073,100,98938,100,100078,100,,,100081,100,,
2019-06-28 09:40:50.000000000,99950,352,99449,352,99960,100,99294,100,99971,100,99131,100,99995,100,99089,100,100026,100,99030,100,100056,100,99020,100,100070,300,98938,100,100073,100,,,100078,100,,,100081,100,,
2019-06-28 09:40:54.796889423,99891,100,99449,352,99950,352,99294,100,99960,100,99131,100,99971,100,99089,100,99995,100,99030,100,100026,100,99020,100,100056,100,98938,100,100070,300,,,100073,100,,,100078,100,,
2019-06-28 09:41:00.000000000,99891,352,99449,352,99950,100,99294,100,99960,100,99131,100,99971,100,99089,100,99995,100,99030,100,100026,100,99020,100,100056,100,98938,100,100070,300,,,100073,100,,,100078,100,,
2019-06-28 09:41:05.763960279,99891,352,99449,352,99950,100,99440,100,99960,100,99294,100,99971,100,99131,100,99995,100,99089,100,100026,100,99030,100,100056,100,99020,100,100070,300,98938,100,100073,100,,,100078,100,,
2019-06-28 09:41:07.306864844,99891,352,99449,352,99947,100,99440,100,99950,100,99294,100,99960,100,99131,100,99971,100,99089,100,99995,100,99030,100,100026,100,99020,100,100056,100,98938,100,100070,300,,,100073,100,,
2019-06-28 09:41:10.000000000,99891,186,99449,186,99947,183,99440,183,99950,183,99294,183,99960,100,99131,100,99971,100,99089,100,99995,100,99030,100,100026,100,99020,100,100056,100,98938,100,100070,300,,,100073,100,,
2019-06-28 09:41:20.000000000,99891,226,99449,226,99947,226,99440,226,99950,100,99294,100,99960,100,99131,100,99971,100,99089,100,99995,100,99030,100,100026,100,99020,100,100056,100,98938,100,100070,300,,,100073,100,,
2019-06-28 09:41:30.000000000,99891,352,99449,352,99947,100,99440,100,99950,100,99294,100,99960,100,99131,100,99971,100,99089,100,99995,100,99030,100,100026,100,99020,100,100056,100,98938,100,100070,300,,,100073,100,,
2019-06-28 09:41:40.000000000,99891,163,99449,163,99947,163,99440,163,99950,163,99294,163,99960,163,99131,163,99971,100,99089,100,99995,100,99030,100,100026,100,99020,100,100056,100,98938,100,100070,300,,,100073,100,,
2019-06-28 09:41:47.056145990,99891,163,99449,163,99947,163,99440,163,99950,163,99294,163,99960,163,99131,163,99971,100,99089,100,99995,100,99030,100,100026,100,99020,100,100056,100,98938,100,100070,300,98888,100,100073,100,,
2019-06-28 09:41:50.000000000,99891,226,99449,226,99947,226,99440,226,99950,100,99294,100,99960,100,99131,100,99971,100,99089,100,99995,100,99030,100,100026,100,99020,100,100056,100,98938,100,100070,300,98888,100,100073,100,,
2019-06-28 09:41:51.067026488,99891,226,99449,126,99947,226,99440,226,99950,100,99294,100,99960,100,99131,100,99971,100,99089,100,99995,100,99030,100,100026,100,99020,100,100056,100,98938,100,100070,300,98888,100,100073,100,,
2019-06-28 09:41:56.472429924,99891,226,99449,26,99947,226,99440,226,99950,100,99294,100,99960,100,99131,100,99971,100,99089,100,99995,100,99030,100,100026,100,99020,100,100056,100,98938,100,100070,300,,,100073,100,,
2019-06-28 09:41:57.460049968,99449,74,99440,226,99891,226,99294,100,99947,226,99131,100,99950,100,99089,100,99960,100,99030,100,99971,100,99020,100,99995,100,98938,100,100026,100,,,100056,100,,,100070,300,,
2019-06-28 09:41:58.560035312,99449,74,99440,226,99891,226,99294,100,99947,226,99131,100,99950,100,99089,100,99960,100,99030,100,99971,100,99020,100,99995,100,98938,100,100026,100,98728,100,100056,100,,,100070,300,,
2019-06-28 09:42:00.000000000,99449,200,99440,226,99891,226,99294,226,99947,100,99131,100,99950,100,99089,100,99960,100,99030,100,99971,100,99020,100,99995,100,98938,100,100026,100,98728,100,100056,100,,,100070,300,,
2019-06-28 09:42:10.000000000,99449,160,99440,186,99891,183,99294,183,99947,183,99131,183,99950,100,99089,100,99960,100,99030,100,99971,100,99020,100,99995,100,98938,100,100026,100,98728,100,100056,100,,,100070,300,,
2019-06-28 09:42:11.951614166,99449,160,99440,186,99891,183,99294,183,99947,183,99131,183,99950,100,99089,100,99960,100,99030,100,99971,100,99020,100,99995,100,98938,100,100026,100,98807,100,100056,100,98728,100,100070,300,,
2019-06-28 09:42:16.783391564,99449,160,99440,186,99891,183,99294,183,99947,183,99131,183,99950,100,99089,100,99960,100,99030,100,99971,100,99020,100,99995,100,98938,100,100026,100,98807,100,100056,100,98728,100,100070,300,98544,100
2019-06-28 09:42:20.000000000,99449,326,99440,352,99891,100,99294,100,99947,100,99131,100,99950,100,99089,100,99960,100,99030,100,99971,100,99020,100,99995,100,98938,100,100026,100,98807,100,100056,100,98728,100,100070,300,98544,100
2019-06-28 09:42:30.000000000,99449,137,99440,163,99891,163,99294,163,99947,163,99131,163,99950,163,99089,163,99960,100,99030,100,99971,100,99020,100,99995,100,98938,100,100026,100,98807,100,100056,100,98728,100,100070,300,98544,100
2019-06-28 09:42:31.350312214,99440,37,99294,163,99449,137,99131,163,99891,163,99089,163,99947,163,99030,100,99950,163,99020,100,99960,100,98938,100,99971,100,98807,100,99995,100,98728,100,100026,100,98544,100,100056,100,,
2019-06-28 09:42:40.000000000,99440,163,99294,226,99449,200,99131,226,99891,100,99089,100,99947,100,99030,100,99950,100,99020,100,99960,100,98938,100,99971,100,98807,100,99995,100,98728,100,100026,100,98544,100,100056,100,,
2019-06-28 09:42:43.962096947,99440,163,99294,126,99449,200,99131,226,99891,100,99089,100,99947,100,99030,100,99950,100,99020,100,99960,100,98938,100,99971,100,98807,100,99995,100,98728,100,100026,100,98544,100,100056,100,,
2019-06-28 09:42:50.000000000,99440,100,99131,163,99449,137,99089,163,99891,163,99030,163,99947,163,99020,163,99950,100,98938,100,99960,100,98807,100,99971,100,98728,100,99995,100,98544,100,100026,100,,,100056,100,,
2019-06-28 09:42:54.360682262,99132,100,99131,163,99440,100,99089,163,99449,137,99030,163,99891,163,99020,163,99947,163,98938,100,99950,100,98728,100,99960,100,98544,100,99971,100,,,99995,100,,,100026,100,,
2019-06-28 09:42:55.155285081,99440,100,99131,163,99449,137,99089,163,99891,163,99030,163,99947,163,99020,63,99950,100,98938,100,99960,100,98728,100,99971,100,98544,100,99995,100,,,100026,100,,,100056,100,,
2019-06-28 09:43:00.000000000,99440,87,99131,150,99449,124,99089,150,99891,150,99030,150,99947,150,98938,150,99950,150,98728,150,99960,100,98544,100,99971,100,,,99995,100,,,100026,100,,,100056,100,,
2019-06-28 09:43:00.749739803,99440,87,99188,100,99449,124,99131,150,99891,150,99089,150,99947,150,99030,150,99950,150,98938,150,99960,100,98728,150,99971,100,98544,100,99995,100,,,100026,100,,,100056,100,,
2019-06-28 09:43:10.000000000,99440,123,99188,186,99449,157,99131,183,99891,183,99089,183,99947,100,99030,100,99950,100,98938,100,99960,100,98728,100,99971,100,98544,100,99995,100,,,100026,100,,,100056,100,,
2019-06-28 09:43:11.445907052,99397,100,99188,186,99440,123,99131,183,99449,157,99089,183,99891,183,99030,100,99947,100,98728,100,99950,100,98544,100,99960,100,,,99971,100,,,99995,100,,,100026,100,,
2019-06-28 09:43:20.000000000,99397,186,99188,186,99440,120,99131,183,99449,157,99089,183,99891,100,99030,100,99947,100,98728,100,99950,100,98544,100,99960,100,,,99971,100,,,99995,100,,,100026,100,,
2019-06-28 09:43:24.540679050,99211,100,99188,186,99397,186,99131,183,99440,120,99089,183,99449,157,99030,100,99891,100,98728,100,99947,100,98544,100,99950,100,,,99960,100,,,99971,100,,,99995,100,,
2019-06-28 09:43:30.000000000,99211,150,99188,150,99397,150,99131,150,99440,87,99089,150,99449,124,99030,150,99891,150,98728,150,99947,100,98544,100,99950,100,,,99960,100,,,99971,100,,,99995,100,,
2019-06-28 09:43:40.000000000,99211,226,99188,226,99397,226,99131,226,99440,37,99089,100,99449,74,99030,100,99891,100,98728,100,99947,100,98544,100,99950,100,,,99960,100,,,99971,100,,,99995,100,,
2019-06-28 09:43:50.000000000,99211,150,99188,150,99397,150,99131,150,99440,87,99089,150,99449,124,99030,150,99891,150,98728,150,99947,100,98544,100,99950,100,,,99960,100,,,99971,100,,,99995,100,,
2019-06-28 09:44:00.000000000,99211,352,99188,352,99397,100,99131,100,99440,37,99089,100,99449,74,99030,100,99891,100,98728,100,99947,100,98544,100,99950,100,,,99960,100,,,99971,100,,,99995,100,,
2019-06-28 09:44:06.984557388,99211,352,99188,352,99397,100,99132,100,99440,37,99131,100,99449,74,99089,100,99891,100,99030,100,99947,100,98728,100,99950,100,98544,100,99960,100,,,99971,100,,,99995,100,,
2019-06-28 09:44:10.000000000,99211,352,99188,352,99397,100,99132,100,99440,37,99131,100,99449,74,99089,100,99891,100,99030,100,99947,100,98728,100,99950,100,98544,100,99960,100,,,99971,100,,,99995,100,,
2019-06-28 09:44:14.890098324,99211,252,99188,352,99397,100,99132,100,99440,37,99131,100,99449,74,99089,100,99891,100,99030,100,99947,100,98728,100,99950,100,98544,100,99960,100,,,99971,100,,,99995,100,,
2019-06-28 09:44:15.154720588,99211,252,99188,352,99397,100,99132,100,99440,37,99131,100,99449,74,99089,100,99484,100,98728,100,99891,100,98544,100,99947,100,,,99950,100,,,99960,100,,,99971,100,,
2019-06-28 09:44:20.000000000,99397,186,99188,186,99440,120,99132,183,99449,157,99131,183,99484,100,99089,100,99891,100,98728,100,99947,100,98544,100,99950,100,,,99960,100,,,99971,100,,,99995,100,,
2019-06-28 09:44:30.000000000,99397,352,99188,352,99440,37,99132,100,99449,74,99131,100,99484,100,99089,100,99891,100,98728,100,99947,100,98544,100,99950,100,,,99960,100,,,99971,100,,,99995,100,,
2019-06-28 09:44:37.309828261,99397,252,99188,352,99440,37,99132,100,99449,74,99131,100,99484,100,99089,100,99891,100,98728,100,99947,100,98544,100,99950,100,,,99960,100,,,99971,100,,,99995,100,,
2019-06-28 09:44:40.000000000,99440,123,99188,186,99449,157,99132,183,99484,183,99131,183,99891,100,99089,100,99947,100,98728,100,99950,100,98544,100,99960,100,,,99971,100,,,99995,100,,,100026,100,,
2019-06-28 09:44:43.488272187,99440,123,99188,186,99449,157,99132,183,99484,183,99131,183,99694,100,99089,100,99891,100,98728,100,99947,100,98544,100,99950,100,,,99960,100,,,99971,100,,,99995,100,,
2019-06-28 09:44:50.000000000,99440,163,99188,226,99449,200,99132,226,99484,100,99131,100,99694,100,99089,100,99891,100,98728,100,99947,100,98544,100,99950,100,,,99960,100,,,99971,100,,,99995,100,,
2019-06-28 09:45:00.000000000,99440,289,99188,352,99449,74,99132,100,99484,100,99131,100,99694,100,99089,100,99891,100,98728,100,99947,100,98544,100,99950,100,,,99960,100,,,99971,100,,,99995,100,,
2019-06-28 09:45:10.000000000,99440,123,99188,186,99449,157,99132,183,99484,183,99131,183,99694,100,99089,100,99891,100,98728,100,99947,100,98544,100,99950,100,,,99960,100,,,99971,100,,,99995,100,,
2019-06-28 09:45:19.625164424,99440,123,99188,186,99449,157,99132,183,99484,183,99131,183,99694,100,98728,100,99891,100,98544,100,99947,100,,,99950,100,,,99960,100,,,99971,100,,,99995,100,,
2019-06-28 09:45:20.000000000,99440,163,99188,226,99449,200,99132,226,99484,100,99131,100,99694,100,98728,100,99891,100,98544,100,99947,100,,,99950,100,,,99960,100,,,99971,100,,,99995,100,,
2019-06-28 09:45:30.000000000,99440,100,99188,163,99449,137,99132,163,99484,163,99131,163,99694,163,98728,163,99891,100,98544,100,99947,100,,,99950,100,,,99960,100,,,99971,100,,,99995,100,,
2019-06-28 09:45:33.137106026,99440,100,99188,163,99449,137,99132,163,99484,163,99131,163,99694,163,98728,163,99891,100,98544,100,99892,100,,,99947,100,,,99950,100,,,99960,100,,,99971,100,,
2019-06-28 09:45:40.000000000,99440,123,99188,186,99449,157,99132,183,99484,183,99131,183,99694,100,98728,100,99891,100,98544,100,99892,100,,,99947,100,,,99950,100,,,99960,100,,,99971,100,,
2019-06-28 09:45:50.000000000,99440,100,99188,163,99449,137,99132,163,99484,163,99131,163,99694,163,98728,163,99891,100,98544,100,99892,100,,,99947,100,,,99950,100,,,99960,100,,,99971,100,,
2019-06-28 09:45:51.811415833,99449,137,99188,163,99484,163,99132,163,99694,163,99131,163,99891,100,98728,163,99892,100,98544,100,99947,100,,,99950,100,,,99960,100,,,99971,100,,,99995,100,,
2019-06-28 09:45:52.970717790,99449,137,99397,100,99484,163,99188,163,99694,163,99132,163,99891,100,99131,163,99892,100,98728,163,99947,100,98544,100,99950,100,,,99960,100,,,99971,100,,,99995,100,,
2019-06-28 09:45:53.006053930,99449,137,99397,100,99484,163,99188,163,99694,163,99132,63,99891,100,99131,163,99892,100,98728,163,99947,100,98544,100,99950,100,,,99960,100,,,99971,100,,,99995,100,,
2019-06-28 09:45:54.789183314,99449,137,99397,100,99484,163,99188,163,99694,163,99132,63,99891,100,99131,163,99892,100,98728,163,99946,100,98544,100,99947,100,,,99950,100,,,99960,100,,,99971,100,,
2019-06-28 09:46:00.000000000,99449,160,99397,186,99484,183,99188,183,99694,183,99131,183,99891,100,98728,100,99892,100,98544,100,99946,100,,,99947,100,,,99950,100,,,99960,100,,,99971,100,,
2019-06-28 09:46:10.000000000,99449,200,99397,226,99484,226,99188,226,99694,100,99131,100,99891,100,98728,100,99892,100,98544,100,99946,100,,,99947,100,,,99950,100,,,99960,100,,,99971,100,,
2019-06-28 09:46:14.310352428,99449,100,99397,226,99484,226,99188,226,99694,100,99131,100,99891,100,98728,100,99892,100,98544,100,99946,100,,,99947,100,,,99950,100,,,99960,100,,,99971,100,,
2019-06-28 09:46:20.000000000,99484,150,99397,150,99694,150,99188,150,99891,150,99131,150,99892,150,98728,150,99946,150,98544,150,99947,100,,,99950,100,,,99960,100,,,99971,100,,,99995,100,,
2019-06-28 09:46:22.047113256,99484,50,99397,150,99694,150,99188,150,99891,150,99131,150,99892,150,98728,150,99946,150,98544,150,99947,100,,,99950,100,,,99960,100,,,99971,100,,,99995,100,,
2019-06-28 09:46:30.000000000,99694,352,99397,352,99891,100,99188,100,99892,100,99131,100,99946,100,98728,100,99947,100,98544,100,99950,100,,,99960,100,,,99971,100,,,99995,100,,,100019,100,,
2019-06-28 09:46:40.000000000,99694,226,99397,226,99891,226,99188,226,99892,100,99131,100,99946,100,98728,100,99947,100,98544,100,99950,100,,,99960,100,,,99971,100,,,99995,100,,,100019,100,,
2019-06-28 09:46:45.382718692,99694,226,99449,100,99891,226,99397,226,99892,100,99188,226,99946,100,99131,100,99947,100,98728,100,99950,100,98544,100,99960,100,,,99971,100,,,99995,100,,,100019,100,,
2019-06-28 09:46:50.000000000,99694,186,99449,186,99891,183,99397,183,99892,183,99188,183,99946,100,99131,100,99947,100,98728,100,99950,100,98544,100,99960,100,,,99971,100,,,99995,100,,,100019,100,,
2019-06-28 09:47:00.000000000,99694,226,99449,226,99891,226,99397,226,99892,100,99188,100,99946,100,99131,100,99947,100,98728,100,99950,100,98544,100,99960,100,,,99971,100,,,99995,100,,,100019,100,,
2019-06-28 09:47:01.148400531,99694,226,99449,226,99891,226,99397,226,99892,100,99188,100,99946,100,99131,100,99947,100,98728,100,99950,100,98544,100,99960,100,,,99971,100,,,99995,100,,,100019,100,,
2019-06-28 09:47:10.000000000,99694,163,99449,163,99891,163,99397,163,99892,163,99188,163,99946,163,99131,163,99947,100,98728,100,99950,100,98544,100,99960,100,,,99971,100,,,99995,100,,,100019,100,,
2019-06-28 09:47:13.082744179,99694,163,99449,163,99891,163,99397,163,99892,163,99188,163,99916,100,99131,163,99946,163,98544,100,99947,100,,,99950,100,,,99960,100,,,99971,100,,,99995,100,,
2019-06-28 09:47:20.000000000,99694,150,99449,150,99891,150,99397,150,99892,150,99188,150,99916,150,99131,150,99946,150,98544,150,99947,100,,,99950,100,,,99960,100,,,99971,100,,,99995,100,,
2019-06-28 09:47:30.000000000,99694,150,99449,150,99891,150,99397,150,99892,150,99188,150,99916,150,99131,150,99946,150,98544,150,99947,100,,,99950,100,,,99960,100,,,99971,100,,,99995,100,,
2019-06-28 09:47:33.060572395,99694,150,99449,150,99891,150,99397,150,99892,150,99188,150,99916,150,99131,150,99946,150,98544,150,99947,100,,,99950,100,,,99960,100,,,99995,100,,,100019,100,,
2019-06-28 09:47:40.000000000,99694,186,99449,186,99891,183,99397,183,99892,183,99188,183,99916,100,99131,100,99946,100,98544,100,99947,100,,,99950,100,,,99960,100,,,99995,100,,,100019,100,,
2019-06-28 09:47:42.042048534,99694,186,99449,186,99891,183,99397,183,99892,183,99188,183,99916,100,99131,100,99946,100,98544,100,99947,100,,,99950,100,,,99960,100,,,99989,100,,,99995,100,,
2019-06-28 09:47:43.020932057,99694,186,99449,186,99891,183,99397,183,99892,183,99188,183,99916,100,99131,100,99946,100,98544,100,99947,100,,,99950,100,,,99960,100,,,99989,100,,,99995,100,,
2019-06-28 09:47:46.690444383,99694,186,99449,186,99891,183,99397,183,99892,183,99188,183,99916,100,99131,100,99946,100,98544,100,99947,100,,,99950,100,,,99960,100,,,99989,100,,,99995,100,,
2019-06-28 09:47:50.000000000,99694,150,99449,150,99891,150,99397,150,99892,150,99188,150,99916,150,99131,150,99946,150,98544,150,99947,100,,,99950,100,,,99960,100,,,99989,100,,,99995,100,,
2019-06-28 09:47:51.950700423,99694,150,99449,150,99891,150,99397,150,99892,150,99188,150,99916,150,99131,150,99946,150,98544,150,99947,100,,,99950,100,,,99960,100,,,99989,100,,,99995,100,,
2019-06-28 09:47:52.905629868,99694,50,99449,150,99891,150,99397,150,99892,150,99188,150,99916,150,99131,150,99946,150,98544,150,99947,100,,,99950,100,,,99960,100,,,99989,100,,,99995,100,,
2019-06-28 09:48:00.000000000,99891,226,99449,226,99892,226,99397,226,99916,100,99188,100,99946,100,99131,100,99947,100,98544,100,99950,100,,,99960,100,,,99989,100,,,99995,100,,,100019,100,,
2019-06-28 09:48:10.000000000,99891,226,99449,226,99892,226,99397,226,99916,100,99188,100,99946,100,99131,100,99947,100,98544,100,99950,100,,,99960,100,,,99989,100,,,99995,100,,,100019,100,,
2019-06-28 09:48:20.000000000,99891,150,99449,150,99892,150,99397,150,99916,150,99188,150,99946,150,99131,150,99947,150,98544,150,99950,100,,,99960,100,,,99989,100,,,99995,100,,,100019,100,,
2019-06-28 09:48:30.000000000,99891,352,99449,352,99892,100,99397,100,99916,100,99188,100,99946,100,99131,100,99947,100,98544,100,99950,100,,,99960,100,,,99989,100,,,99995,100,,,100019,100,,
2019-06-28 09:48:35.952119448,99891,352,99484,100,99892,100,99449,252,99916,100,99397,100,99946,100,99188,100,99947,100,99131,100,99950,100,98544,100,99960,100,,,99989,100,,,99995,100,,,100019,100,,
2019-06-28 09:48:40.000000000,99891,226,99484,226,99892,226,99397,226,99916,100,99188,100,99946,100,99131,100,99947,100,98544,100,99950,100,,,99960,100,,,99989,100,,,99995,100,,,100019,100,,
2019-06-28 09:48:41.940369834,99891,226,99484,226,99892,226,99397,226,99916,100,99188,100,99946,100,99131,100,99947,100,98544,100,99950,100,,,99960,100,,,99989,100,,,99995,100,,,100019,100,,
2019-06-28 09:48:47.766932404,99891,226,99484,226,99892,226,99397,226,99916,100,99188,100,99946,100,99131,100,99947,100,98544,100,99950,100,,,99960,100,,,99989,100,,,99995,100,,,100019,100,,
2019-06-28 09:48:49.974404459,99891,226,99484,326,99892,226,99397,226,99916,100,99188,100,99946,100,99131,100,99947,100,98544,100,99950,100,,,99960,100,,,99989,100,,,99995,100,,,100019,100,,
2019-06-28 09:48:50.000000000,99891,186,99484,286,99892,183,99397,183,99916,183,99188,183,99946,100,99131,100,99947,100,98544,100,99950,100,,,99960,100,,,99989,100,,,99995,100,,,100019,100,,
2019-06-28 09:48:55.403641307,99891,186,99484,186,99892,183,99397,183,99916,183,99188,183,99946,100,99131,100,99947,100,98544,100,99950,100,,,99960,100,,,99989,100,,,99995,100,,,100019,100,,
2019-06-28 09:49:00.000000000,99891,150,99484,150,99892,150,99397,150,99916,150,99188,150,99946,150,99131,150,99947,150,98544,150,99950,100,,,99960,100,,,99989,100,,,99995,100,,,100019,100,,
2019-06-28 09:49:05.928369894,99891,150,99484,250,99892,150,99397,150,99916,150,99188,150,99946,150,99131,150,99947,150,98544,150,99950,100,,,99960,100,,,99989,100,,,99995,100,,,100019,100,,
2019-06-28 09:49:10.000000000,99891,150,99484,250,99892,150,99397,150,99916,150,99188,150,99946,150,99131,150,99947,150,98544,150,99950,100,,,99960,100,,,99989,100,,,99995,100,,,100019,100,,
2019-06-28 09:49:13.483891944,99891,150,99484,250,99892,150,99397,150,99916,150,99188,150,99946,150,99131,150,99947,150,98544,150,99950,100,,,99960,100,,,99989,100,,,99995,100,,,100019,100,,
2019-06-28 09:49:20.000000000,99891,150,99484,250,99892,150,99397,150,99916,150,99188,150,99946,150,99131,150,99947,150,98544,150,99950,100,,,99960,100,,,99989,100,,,99995,100,,,100019,100,,
2019-06-28 09:49:30.000000000,99891,352,99484,452,99892,100,99397,100,99916,100,99188,100,99946,100,99131,100,99947,100,98544,100,99950,100,,,99960,100,,,99989,100,,,99995,100,,,100019,100,,
2019-06-28 09:49:38.713037017,99891,352,99484,452,99892,100,99397,100,99916,100,99188,100,99946,100,99131,100,99947,100,98544,100,99950,100,,,99960,100,,,99989,100,,,99995,100,,,100019,100,,
2019-06-28 09:49:40.000000000,99891,163,99484,263,99892,163,99397,163,99916,163,99188,163,99946,163,99131,163,99947,100,98544,100,99950,100,,,99960,100,,,99989,100,,,99995,100,,,100019,100,,
2019-06-28 09:49:50.000000000,99891,226,99484,326,99892,226,99397,226,99916,100,99188,100,99946,100,99131,100,99947,100,98544,100,99950,100,,,99960,100,,,99989,100,,,99995,100,,,100019,100,,
2019-06-28 09:49:52.088417792,99891,226,99484,426,99892,226,99397,226,99916,100,99188,100,99946,100,99131,100,99947,100,98544,100,99950,100,,,99960,100,,,99989,100,,,99995,100,,,100019,100,,
2019-06-28 09:49:58.850494300,99891,126,99484,426,99892,226,99397,226,99916,100,99188,100,99946,100,99131,100,99947,100,98544,100,99950,100,,,99960,100,,,99989,100,,,99995,100,,,100019,100,,
2019-06-28 09:50:00.000000000,99892,352,99484,552,99916,100,99397,100,99946,100,99188,100,99947,100,99131,100,99950,100,98544,100,99960,100,,,99989,100,,,99995,100,,,100019,100,,,100026,100,,
2019-06-28 09:50:05.126294082,99892,252,99484,552,99916,100,99397,100,99947,100,99188,100,99950,100,99131,100,99960,100,98544,100,99989,100,,,99995,100,,,100019,100,,,100026,100,,,100070,200,,
2019-06-28 09:50:07.869480856,99892,252,99484,552,99916,100,99397,100,99947,100,99188,100,99950,100,99131,100,99960,100,98544,100,99989,100,,,99995,100,,,100019,100,,,100026,100,,,100070,200,,
2019-06-28 09:50:09.667663244,99892,152,99484,552,99916,100,99397,100,99947,100,99188,100,99950,100,99131,100,99960,100,98544,100,99989,100,,,99995,100,,,100019,100,,,100026,100,,,100070,200,,
2019-06-28 09:50:10.000000000,99916,163,99484,363,99947,163,99397,163,99950,163,99188,163,99960,163,99131,163,99989,100,98544,100,99995,100,,,100019,100,,,100026,100,,,100070,200,,,100081,100,,
2019-06-28 09:50:20.000000000,99916,163,99484,363,99947,163,99397,163,99950,163,99188,163,99960,163,99131,163,99989,100,98544,100,99995,100,,,100019,100,,,100026,100,,,100070,200,,,100081,100,,
2019-06-28 09:50:30.000000000,99916,352,99484,552,99947,100,99397,100,99950,100,99188,100,99960,100,99131,100,99989,100,98544,100,99995,100,,,100019,100,,,100026,100,,,100070,200,,,100081,100,,
2019-06-28 09:50:40.000000000,99916,352,99484,552,99947,100,99397,100,99950,100,99188,100,99960,100,99131,100,99989,100,98544,100,99995,100,,,100019,100,,,100026,100,,,100070,200,,,100081,100,,
2019-06-28 09:50:50.000000000,99916,150,99484,350,99947,150,99397,150,99950,150,99188,150,99960,150,99131,150,99989,150,98544,150,99995,100,,,100019,100,,,100026,100,,,100070,200,,,100081,100,,
2019-06-28 09:50:51.350840400,99916,150,99892,100,99947,150,99484,350,99950,150,99397,150,99960,150,99188,150,99989,150,99131,150,99995,100,98544,150,100019,100,,,100026,100,,,100070,200,,,100081,100,,
2019-06-28 09:51:00.000000000,99916,352,99892,352,99947,100,99484,300,99950,100,99397,100,99960,100,99188,100,99989,100,99131,100,99995,100,98544,100,100019,100,,,100026,100,,,100070,200,,,100081,100,,
2019-06-28 09:51:10.000000000,99916,150,99892,150,99947,150,99484,350,99950,150,99397,150,99960,150,99188,150,99989,150,99131,150,99995,100,98544,100,100019,100,,,100026,100,,,100070,200,,,100081,100,,
2019-06-28 09:51:14.100002645,99916,50,99892,150,99947,150,99484,350,99950,150,99397,150,99960,150,99188,150,99989,150,99131,150,99995,100,98544,100,100019,100,,,100026,100,,,100070,200,,,100081,100,,
2019-06-28 09:51:20.000000000,99947,150,99892,150,99950,150,99484,350,99960,150,99397,150,99989,150,99188,150,99995,150,99131,150,100019,100,98544,100,100026,100,,,100070,200,,,100081,100,,,100089,100,,
2019-06-28 09:51:22.584398721,99947,50,99892,150,99950,150,99484,350,99960,150,99397,150,99989,150,99188,150,99995,150,99131,150,100019,100,98544,100,100026,100,,,100070,200,,,100081,100,,,100089,100,,
2019-06-28 09:51:30.000000000,99950,150,99892,150,99960,150,99484,350,99989,150,99397,150,99995,150,99188,150,100019,150,99131,150,100026,100,98544,100,100070,200,,,100081,100,,,100089,100,,,100113,100,,
2019-06-28 09:51:40.000000000,99950,226,99892,226,99960,226,99484,426,99989,100,99397,100,99995,100,99188,100,100019,100,99131,100,100026,100,98544,100,100070,200,,,100081,100,,,100089,100,,,100113,100,,
2019-06-28 09:51:50.000000000,99950,163,99892,163,99960,163,99484,363,99989,163,99397,163,99995,163,99188,163,100019,100,99131,100,100026,100,98544,100,100070,200,,,100081,100,,,100089,100,,,100113,100,,
2019-06-28 09:52:00.000000000,99950,226,99892,226,99960,226,99484,426,99989,100,99397,100,99995,100,99188,100,100019,100,99131,100,100026,100,98544,100,100070,200,,,100081,100,,,100089,100,,,100113,100,,
2019-06-28 09:52:04.541579844,99950,126,99892,226,99960,226,99484,426,99989,100,99397,100,99995,100,99188,100,100019,100,99131,100,100026,100,98544,100,100070,200,,,100089,100,,,100113,100,,,100119,100,,
2019-06-28 09:52:10.000000000,99960,186,99892,186,99989,183,99484,383,99995,183,99397,183,100019,100,99188,100,100026,100,99131,100,100070,200,98544,100,100089,100,,,100113,100,,,100119,100,,,100173,100,,
2019-06-28 09:52:18.021763796,99960,186,99947,100,99989,183,99892,186,99995,183,99484,383,100019,100,99397,183,100026,100,99188,100,100070,200,99131,100,100089,100,98544,100,100113,100,,,100119,100,,,100173,100,,
2019-06-28 09:52:20.000000000,99960,226,99947,226,99989,226,99892,226,99995,100,99484,300,100019,100,99397,100,100026,100,99188,100,100070,200,99131,100,100089,100,98544,100,100113,100,,,100119,100,,,100173,100,,
2019-06-28 09:52:27.426905614,99960,226,99947,226,99989,226,99892,226,99995,100,99890,100,100019,100,99484,300,100026,100,99397,100,100070,200,99188,100,100089,100,99131,100,100113,100,,,100119,100,,,100173,100,,
2019-06-28 09:52:30.000000000,99960,150,99947,150,99989,150,99892,150,99995,150,99890,150,100019,150,99484,350,100026,150,99397,150,100070,200,99188,100,100089,100,99131,100,100113,100,,,100119,100,,,100173,100,,
2019-06-28 09:52:33.657619983,99960,150,99947,50,99989,150,99892,150,99995,150,99890,150,100019,150,99484,350,100026,150,99397,150,100070,200,99188,100,100089,100,99131,100,100113,100,,,100119,100,,,100173,100,,
2019-06-28 09:52:39.522416936,99960,150,99947,50,99989,150,99892,150,99995,150,99890,150,100019,150,99697,100,100026,150,99484,350,100070,200,99397,150,100089,100,99188,100,100113,100,99131,100,100119,100,,,100173,100,,
2019-06-28 09:52:40.000000000,99960,352,99892,352,99989,100,99890,100,99995,100,99697,100,100019,100,99484,300,100026,100,99397,100,100070,200,99188,100,100089,100,99131,100,100113,100,,,100119,100,,,100173,100,,
2019-06-28 09:52:50.000000000,99960,226,99892,226,99989,226,99890,226,99995,100,99697,100,100019,100,99484,300,100026,100,99397,100,100070,200,99188,100,100089,100,99131,100,100113,100,,,100119,100,,,100173,100,,
2019-06-28 09:53:00.000000000,99960,163,99892,163,99989,163,99890,163,99995,163,99697,163,100019,163,99484,363,100026,100,99397,100,100070,200,99188,100,100089,100,99131,100,100113,100,,,100119,100,,,100173,100,,
2019-06-28 09:53:10.000000000,99960,163,99892,163,99989,163,99890,163,99995,163,99697,163,100019,163,99484,363,100026,100,99397,100,100070,200,99188,100,100089,100,99131,100,100113,100,,,100119,100,,,100173,100,,
2019-06-28 09:53:20.000000000,99960,226,99892,226,99989,226,99890,226,99995,100,99697,100,100019,100,99484,300,100026,100,99397,100,100070,200,99188,100,100089,100,99131,100,100113,100,,,100119,100,,,100173,100,,
2019-06-28 09:53:29.724290154,99960,226,99892,226,99989,226,99890,226,99995,100,99697,100,100019,100,99635,100,100026,100,99484,300,100070,200,99397,100,100089,100,99188,100,100113,100,99131,100,100119,100,,,100173,100,,
2019-06-28 09:53:30.000000000,99960,150,99892,150,99989,150,99890,150,99995,150,99697,150,100019,150,99635,150,100026,150,99484,350,100070,200,99397,100,100089,100,99188,100,100113,100,99131,100,100119,100,,,100173,100,,
2019-06-28 09:53:31.949417162,99949,100,99892,150,99960,150,99890,150,99989,150,99697,150,99995,150,99635,150,100019,150,99484,350,100026,150,99397,100,100070,200,99188,100,100089,100,99131,100,100113,100,,,100119,100,,
2019-06-28 09:53:40.000000000,99949,150,99892,150,99960,150,99890,150,99989,150,99697,150,99995,150,99635,150,100019,150,99484,350,100026,100,99397,100,100070,200,99188,100,100089,100,99131,100,100113,100,,,100119,100,,
2019-06-28 09:53:50.000000000,99949,352,99892,352,99960,100,99890,100,99989,100,99697,100,99995,100,99635,100,100019,100,99484,300,100026,100,99397,100,100070,200,99188,100,100089,100,99131,100,100113,100,,,100119,100,,
2019-06-28 09:53:50.704414379,99949,452,99892,352,99960,100,99890,100,99989,100,99697,100,100019,100,99635,100,100026,100,99484,300,100070,200,99397,100,100089,100,99188,100,100113,100,99131,100,100119,100,,,100173,100,,
2019-06-28 09:53:59.383502428,99949,452,99892,252,99960,100,99890,100,99989,100,99697,100,100019,100,99635,100,100026,100,99484,300,100070,200,99397,100,100089,100,99188,100,100113,100,99131,100,100119,100,,,100173,100,,
2019-06-28 09:54:00.000000000,99949,250,99890,150,99960,150,99697,150,99989,150,99635,150,100019,150,99484,350,100026,150,99397,150,100070,200,99188,100,100089,100,99131,100,100113,100,,,100119,100,,,100173,100,,
2019-06-28 09:54:05.562956218,99949,250,99890,50,99960,150,99697,150,99989,150,99635,150,100019,150,99484,350,100026,150,99397,150,100070,200,99188,100,100089,100,99131,100,100113,100,,,100119,100,,,100173,100,,
2019-06-28 09:54:09.206651433,99949,250,99890,50,99960,150,99699,100,99989,50,99697,150,100019,150,99635,150,100026,150,99484,350,100070,200,99397,150,100089,100,99188,100,100113,100,99131,100,100119,100,,,100173,100,,
2019-06-28 09:54:10.000000000,99949,250,99699,150,99960,150,99697,150,100019,150,99635,150,100026,150,99484,350,100070,250,99397,150,100089,100,99188,100,100113,100,99131,100,100119,100,,,100173,100,,,100188,100,,
2019-06-28 09:54:11.022874394,99949,250,99699,50,99960,150,99697,150,100019,150,99654,100,100026,150,99635,150,100070,250,99484,350,100089,100,99397,150,100113,100,99188,100,100119,100,99131,100,100173,100,,,100188,100,,
2019-06-28 09:54:20.000000000,99949,286,99697,186,99960,183,99654,183,100019,183,99635,183,100026,100,99484,300,100070,200,99397,100,100089,100,99188,100,100113,100,99131,100,100119,100,,,100173,100,,,100188,100,,
2019-06-28 09:54:22.710550043,99949,286,99697,186,99960,183,99654,183,100019,183,99635,183,100026,100,99484,300,100070,100,99397,100,100089,100,99188,100,100113,100,99131,100,100119,100,,,100173,100,,,100188,100,,
2019-06-28 09:54:30.000000000,99949,452,99697,352,99960,100,99654,100,100019,100,99635,100,100026,100,99484,300,100070,100,99397,100,100089,100,99188,100,100113,100,99131,100,100119,100,,,100173,100,,,100188,100,,
2019-06-28 09:54:32.207303864,99949,452,99799,100,99960,100,99697,352,100019,100,99654,100,100026,100,99484,300,100070,100,99397,100,100089,100,99188,100,100113,100,99131,100,100119,100,,,100173,100,,,100188,100,,
2019-06-28 09:54:40.000000000,99949,250,99799,150,99960,150,99697,150,100019,150,99654,150,100026,150,99484,350,100070,150,99397,150,100089,100,99188,100,100113,100,99131,100,100119,100,,,100173,100,,,100188,100,,
2019-06-28 09:54:50.000000000,99949,286,99799,186,99960,183,99697,183,100019,183,99654,183,100026,100,99484,300,100070,100,99397,100,100089,100,99188,100,100113,100,99131,100,100119,100,,,100173,100,,,100188,100,,
2019-06-28 09:54:50.680995630,99949,286,99908,100,99960,183,99799,186,100019,183,99697,183,100026,100,99654,183,100070,100,99484,300,100089,100,99397,100,100113,100,99188,100,100119,100,99131,100,100173,100,,,100188,100,,
2019-06-28 09:54:53.844930993,99949,286,99908,100,99960,183,99799,186,100019,183,99697,183,100026,100,99654,183,100070,100,99484,200,100089,100,99397,100,100113,100,99188,100,100119,100,99131,100,100173,100,,,100188,100,,
2019-06-28 09:55:00.000000000,99949,286,99908,186,99960,183,99799,183,100019,183,99697,183,100026,100,99654,100,100070,100,99484,200,100089,100,99397,100,100113,100,99188,100,100119,100,99131,100,100173,100,,,100188,100,,
2019-06-28 09:55:10.000000000,99949,250,99908,150,99960,150,99799,150,100019,150,99697,150,100026,150,99654,150,100070,150,99484,250,100089,100,99397,100,100113,100,99188,100,100119,100,99131,100,100173,100,,,100188,100,,
2019-06-28 09:55:10.784486739,99949,150,99908,150,99960,150,99799,150,100019,150,99697,150,100026,150,99654,150,100070,150,99484,250,100089,100,99397,100,100113,100,99188,100,100119,100,99131,100,100173,100,,,100188,100,,
2019-06-28 09:55:20.000000000,99949,150,99908,150,99960,150,99799,150,100019,150,99697,150,100026,150,99654,150,100070,150,99484,250,100089,100,99397,100,100113,100,99188,100,100119,100,99131,100,100173,100,,,100188,100,,
2019-06-28 09:55:23.644852308,99949,150,99909,100,99960,150,99908,150,100019,150,99799,150,100026,150,99697,150,100070,150,99654,150,100089,100,99484,250,100113,100,99397,100,100119,100,99188,100,100173,100,99131,100,100188,100,,
2019-06-28 09:55:30.000000000,99949,226,99909,226,99960,226,99908,226,100019,100,99799,100,100026,100,99697,100,100070,100,99654,100,100089,100,99484,200,100113,100,99397,100,100119,100,99188,100,100173,100,99131,100,100188,100,,
2019-06-28 09:55:32.998917965,99949,126,99909,226,99960,226,99908,226,100019,100,99799,100,100026,100,99697,100,100070,100,99654,100,100089,100,99484,200,100113,100,99397,100,100119,100,99188,100,100173,100,99131,100,100188,100,,
2019-06-28 09:55:40.000000000,99960,150,99909,150,100019,150,99908,150,100026,150,99799,150,100070,150,99697,150,100089,150,99654,150,100113,100,99484,200,100119,100,99397,100,100173,100,99188,100,100188,100,99131,100,100474,100,,
2019-06-28 09:55:45.779733066,99960,150,99909,150,100019,150,99908,150,100026,150,99799,150,100070,150,99697,150,100089,150,99654,150,100113,100,99484,200,100119,100,99397,100,100173,100,99188,100,100188,100,99131,100,100235,100,,
2019-06-28 09:55:50.000000000,99960,186,99909,186,100019,183,99908,183,100026,183,99799,183,100070,100,99697,100,100089,100,99654,100,100113,100,99484,200,100119,100,99397,100,100173,100,99188,100,100188,100,99131,100,100235,100,,
2019-06-28 09:55:56.807810930,99960,186,99909,186,100019,183,99908,183,100026,183,99799,183,100070,100,99697,100,100089,100,99654,100,100113,100,99484,200,100119,100,99397,100,100173,100,99188,100,100188,100,99131,100,100235,100,,
2019-06-28 09:56:00.000000000,99960,150,99909,150,100019,150,99908,150,100026,150,99799,150,100070,150,99697,150,100089,150,99654,150,100113,100,99484,200,100119,100,99397,100,100173,100,99188,100,100188,100,99131,100,100235,100,,
2019-06-28 09:56:00.511978708,99960,150,99949,100,100019,150,99909,150,100026,150,99908,150,100070,150,99799,150,100089,150,99697,150,100113,100,99654,150,100119,100,99484,200,100173,100,99397,100,100188,100,99188,100,100235,100,99131,100
2019-06-28 09:56:10.000000000,99960,226,99949,226,100019,226,99909,226,100026,100,99908,100,100070,100,99799,100,100089,100,99697,100,100113,100,99654,100,100119,100,99484,200,100173,100,99397,100,100188,100,99188,100,100235,100,99131,100
2019-06-28 09:56:13.220295577,99960,126,99949,226,100019,226,99909,226,100026,100,99908,100,100070,100,99799,100,100089,100,99697,100,100113,100,99654,100,100119,100,99484,200,100173,100,99397,100,100188,100,99188,100,100235,100,99131,100
2019-06-28 09:56:18.397574778,99960,126,99949,226,100019,226,99909,226,100026,100,99908,100,100070,100,99799,100,100089,100,99697,100,100113,100,99654,100,100119,100,99484,200,100173,100,99397,100,100188,100,99188,100,100235,100,99131,100
2019-06-28 09:56:20.000000000,100019,352,99949,352,100026,100,99909,100,100070,100,99908,100,100089,100,99799,100,100113,100,99697,100,100119,100,99654,100,100173,100,99484,200,100188,100,99397,100,100235,100,99188,100,100280,100,99131,100
2019-06-28 09:56:23.315056718,100019,352,100017,100,100026,100,99949,352,100070,100,99909,100,100089,100,99908,100,100113,100,99697,100,100119,100,99654,100,100173,100,99484,200,100188,100,99397,100,100235,100,99188,100,100280,100,99131,100
2019-06-28 09:56:30.000000000,100019,186,100017,186,100026,183,99949,183,100070,183,99909,183,100089,100,99908,100,100113,100,99697,100,100119,100,99654,100,100173,100,99484,200,100188,100,99397,100,100235,100,99188,100,100280,100,99131,100
2019-06-28 09:56:40.000000000,100019,226,100017,226,100026,226,99949,226,100070,100,99909,100,100089,100,99908,100,100113,100,99697,100,100119,100,99654,100,100173,100,99484,200,100188,100,99397,100,100235,100,99188,100,100280,100,99131,100
2019-06-28 09:56:40.179998736,100019,226,100017,226,100026,226,99950,100,100070,100,99949,226,100089,100,99909,100,100113,100,99908,100,100119,100,99697,100,100173,100,99654,100,100188,100,99484,200,100235,100,99397,100,100280,100,99188,100
2019-06-28 09:56:41.737526164,100019,226,100017,226,100026,226,99950,100,100070,100,99949,226,100089,100,99909,100,100113,100,99908,100,100119,100,99697,100,100173,100,99654,100,100188,100,99484,200,100235,100,99397,100,100280,100,99188,100
2019-06-28 09:56:50.000000000,100019,186,100017,186,100026,183,99950,183,100070,183,99949,183,100089,100,99909,100,100113,100,99908,100,100119,100,99697,100,100173,100,99654,100,100188,100,99484,200,100235,100,99397,100,100280,100,99188,100
2019-06-28 09:57:00.000000000,100019,163,100017,163,100026,163,99950,163,100070,163,99949,163,100089,163,99909,163,100113,100,99908,100,100119,100,99697,100,100173,100,99654,100,100188,100,99484,200,100235,100,99397,100,100280,100,99188,100
2019-06-28 09:57:10.000000000,100019,352,100017,352,100026,100,99950,100,100070,100,99949,100,100089,100,99909,100,100113,100,99908,100,100119,100,99697,100,100173,100,99654,100,100188,100,99484,200,100235,100,99397,100,100280,100,99188,100
2019-06-28 09:57:15.844093514,100019,352,100017,352,100026,100,99950,100,100065,100,99949,100,100070,100,99909,100,100089,100,99908,100,100113,100,99697,100,100119,100,99654,100,100173,100,99484,200,100188,100,99397,100,100235,100,99188,100
2019-06-28 09:57:18.181548087,100019,352,100017,352,100026,100,99950,100,100065,100,99949,100,100070,100,99909,100,100089,100,99908,100,100113,100,99697,100,100119,100,99654,100,100173,100,99484,200,100188,100,99188,100,100235,100,99131,100
2019-06-28 09:57:20.000000000,100019,226,100017,226,100026,226,99950,226,100065,100,99949,100,100070,100,99909,100,100089,100,99908,100,100113,100,99697,100,100119,100,99654,100,100173,100,99484,200,100188,100,99188,100,100235,100,99131,100
2019-06-28 09:57:30.000000000,100019,150,100017,150,100026,150,99950,150,100065,150,99949,150,100070,150,99909,150,100089,150,99908,150,100113,100,99697,100,100119,100,99654,100,100173,100,99484,200,100188,100,99188,100,100235,100,99131,100
2019-06-28 09:57:35.328335032,100019,150,100017,50,100026,150,99950,150,100065,150,99949,150,100070,150,99909,150,100089,150,99908,150,100113,100,99697,100,100119,100,99654,100,100173,100,99484,200,100188,100,99188,100,100235,100,99131,100
2019-06-28 09:57:40.000000000,100019,226,99950,226,100026,226,99949,226,100065,100,99909,100,100070,100,99908,100,100089,100,99697,100,100113,100,99654,100,100119,100,99484,200,100173,100,99188,100,100188,100,99131,100,100235,100,,
2019-06-28 09:57:50.000000000,100019,352,99950,352,100026,100,99949,100,100065,100,99909,100,100070,100,99908,100,100089,100,99697,100,100113,100,99654,100,100119,100,99484,200,100173,100,99188,100,100188,100,99131,100,100235,100,,
2019-06-28 09:58:00.000000000,100019,150,99950,150,100026,150,99949,150,100065,150,99909,150,100070,150,99908,150,100089,150,99697,150,100113,100,99654,100,100119,100,99484,200,100173,100,99188,100,100188,100,99131,100,100235,100,,
2019-06-28 09:58:10.000000000,100019,352,99950,352,100026,100,99949,100,100065,100,99909,100,100070,100,99908,100,100089,100,99697,100,100113,100,99654,100,100119,100,99484,200,100173,100,99188,100,100188,100,99131,100,100235,100,,
2019-06-28 09:58:17.563858156,100019,352,99950,252,100026,100,99949,100,100065,100,99909,100,100070,100,99908,100,100089,100,99697,100,100113,100,99654,100,100119,100,99484,200,100173,100,99188,100,100188,100,99131,100,100235,100,,
2019-06-28 09:58:20.000000000,100019,150,99949,150,100026,150,99909,150,100065,150,99908,150,100070,150,99697,150,100089,150,99654,150,100113,100,99484,200,100119,100,99188,100,100173,100,99131,100,100188,100,,,100235,100,,
2019-06-28 09:58:30.000000000,100019,150,99949,150,100026,150,99909,150,100065,150,99908,150,100070,150,99697,150,100089,150,99654,150,100113,100,99484,200,100119,100,99188,100,100173,100,99131,100,100188,100,,,100235,100,,
2019-06-28 09:58:40.000000000,100019,163,99949,163,100026,163,99909,163,100065,163,99908,163,100070,163,99697,163,100089,100,99654,100,100113,100,99484,200,100119,100,99188,100,100173,100,99131,100,100188,100,,,100235,100,,
2019-06-28 09:58:50.000000000,100019,150,99949,150,100026,150,99909,150,100065,150,99908,150,100070,150,99697,150,100089,150,99654,150,100113,100,99484,200,100119,100,99188,100,100173,100,99131,100,100188,100,,,100235,100,,
2019-06-28 09:59:00.000000000,100019,150,99949,150,100026,150,99909,150,100065,150,99908,150,100070,150,99697,150,100089,150,99654,150,100113,100,99484,200,100119,100,99188,100,100173,100,99131,100,100188,100,,,100235,100,,
2019-06-28 09:59:02.984364566,100019,150,99949,50,100026,150,99909,150,100065,150,99908,150,100070,150,99697,150,100089,150,99654,150,100113,100,99484,200,100119,100,99188,100,100173,100,99131,100,100188,100,,,100235,100,,
2019-06-28 09:59:10.000000000,100019,352,99909,352,100026,100,99908,100,100065,100,99697,100,100070,100,99654,100,100089,100,99484,200,100113,100,99188,100,100119,100,99131,100,100173,100,,,100188,100,,,100235,100,,
2019-06-28 09:59:11.309763798,100019,352,99909,252,100026,100,99908,100,100065,100,99697,100,100070,100,99654,100,100089,100,99484,200,100113,100,99188,100,100119,100,99131,100,100173,100,,,100188,100,,,100235,100,,
2019-06-28 09:59:20.000000000,100019,226,99908,226,100026,226,99697,226,100065,100,99654,100,100070,100,99484,200,100089,100,99188,100,100113,100,99131,100,100119,100,,,100173,100,,,100188,100,,,100235,100,,
2019-06-28 09:59:30.000000000,100019,150,99908,150,100026,150,99697,150,100065,150,99654,150,100070,150,99484,250,100089,150,99188,150,100113,100,99131,100,100119,100,,,100173,100,,,100188,100,,,100235,100,,
2019-06-28 09:59:40.000000000,100019,186,99908,186,100026,183,99697,183,100065,183,99654,183,100070,100,99484,200,100089,100,99188,100,100113,100,99131,100,100119,100,,,100173,100,,,100188,100,,,100235,100,,
2019-06-28 09:59:50.000000000,100019,150,99908,150,100026,150,99697,150,100065,150,99654,150,100070,150,99484,250,100089,150,99188,150,100113,100,99131,100,100119,100,,,100173,100,,,100188,100,,,100235,100,,
2019-06-28 10:00:00.000000000,100019,186,99908,186,100026,183,99697,183,100065,183,99654,183,100070,100,99484,200,100089,100,99188,100,100113,100,99131,100,100119,100,,,100173,100,,,100188,100,,,100235,100,,
2019-06-28 10:00:06.040161633,100019,186,99914,100,100026,183,99908,186,100065,183,99697,183,100070,100,99654,183,100089,100,99484,200,100113,100,99188,100,100119,100,99131,100,100173,100,,,100188,100,,,100235,100,,
2019-06-28 10:00:10.000000000,100019,163,99914,163,100026,163,99908,163,100065,163,99697,163,100070,163,99654,163,100089,100,99484,200,100113,100,99188,100,100119,100,99131,100,100173,100,,,100188,100,,,100235,100,,
2019-06-28 10:00:20.000000000,100019,226,99914,226,100026,226,99908,226,100065,100,99697,100,100070,100,99654,100,100089,100,99484,200,100113,100,99188,100,100119,100,99131,100,100173,100,,,100188,100,,,100235,100,,
2019-06-28 10:00:20.238699104,100019,126,99914,226,100026,226,99908,226,100065,100,99697,100,100070,100,99654,100,100089,100,99484,200,100113,100,99188,100,100119,100,99131,100,100173,100,,,100188,100,,,100235,100,,
2019-06-28 10:00:22.021761793,100019,126,99935,100,100026,226,99914,226,100065,100,99908,226,100070,100,99697,100,100089,100,99654,100,100113,100,99484,200,100119,100,99188,100,100173,100,99131,100,100188,100,,,100235,100,,
2019-06-28 10:00:26.113103631,100019,26,99935,100,100026,226,99914,226,100065,100,99908,226,100070,100,99697,100,100089,100,99654,100,100119,100,99484,200,100173,100,99188,100,100188,100,99131,100,100235,100,,,100280,100,,
2019-06-28 10:00:30.000000000,100026,163,99935,163,100065,163,99914,163,100070,163,99908,163,100089,163,99697,163,100119,100,99654,100,100173,100,99484,200,100188,100,99188,100,100235,100,99131,100,100280,100,,,100474,100,,
2019-06-28 10:00:37.751686673,100026,163,100019,100,100065,163,99935,163,100070,163,99914,163,100089,163,99908,163,100119,100,99697,163,100173,100,99654,100,100188,100,99484,200,100235,100,99188,100,100280,100,99131,100,100474,100,,
2019-06-28 10:00:40.000000000,100026,150,100019,150,100065,150,99935,150,100070,150,99914,150,100089,150,99908,150,100119,150,99697,150,100173,100,99654,100,100188,100,99484,200,100235,100,99188,100,100280,100,99131,100,100474,100,,
2019-06-28 10:00:50.000000000,100026,163,100019,163,100065,163,99935,163,100070,163,99914,163,100089,163,99908,163,100119,100,99697,100,100173,100,99654,100,100188,100,99484,200,100235,100,99188,100,100280,100,99131,100,100474,100,,
2019-06-28 10:00:59.538427827,100026,163,100019,163,100065,163,99935,163,100070,163,99914,163,100089,163,99908,163,100119,100,99697,100,100173,100,99654,100,100188,100,99484,200,100235,100,99188,100,100280,100,99131,100,100474,100,,
2019-06-28 10:01:00.000000000,100026,352,100019,352,100065,100,99935,100,100070,100,99914,100,100089,100,99908,100,100119,100,99697,100,100173,100,99654,100,100188,100,99484,200,100235,100,99188,100,100280,100,99131,100,100474,100,,
2019-06-28 10:01:05.713556933,100026,352,100019,352,100065,100,99935,100,100070,100,99914,100,100119,100,99908,100,100173,100,99697,100,100188,100,99654,100,100235,100,99484,200,100280,100,99188,100,100474,100,99131,100,100498,100,,
2019-06-28 10:01:10.000000000,100026,186,100019,186,100065,183,99935,183,100070,183,99914,183,100119,100,99908,100,100173,100,99697,100,100188,100,99654,100,100235,100,99484,200,100280,100,99188,100,100474,100,99131,100,100498,100,,
2019-06-28 10:01:10.486719795,100026,186,100019,186,100065,183,99935,183,100070,183,99914,183,100119,100,99908,100,100173,100,99697,100,100188,100,99654,100,100235,100,99484,200,100280,100,99188,100,100474,100,99131,100,100498,100,,
2019-06-28 10:01:16.762224723,100026,86,100019,186,100065,183,99935,183,100070,183,99914,183,100119,100,99908,100,100173,100,99697,100,100188,100,99654,100,100235,100,99484,200,100280,100,99188,100,100474,100,99131,100,100498,100,,
2019-06-28 10:01:20.000000000,100065,163,100019,163,100070,163,99935,163,100119,163,99914,163,100173,163,99908,163,100188,100,99697,100,100235,100,99654,100,100280,100,99484,200,100474,100,99188,100,100498,100,99131,100,100597,100,,
2019-06-28 10:01:24.336138830,100065,163,100019,163,100070,163,99935,163,100119,163,99914,163,100173,163,99908,63,100188,100,99697,100,100235,100,99654,100,100280,100,99484,200,100474,100,99188,100,100498,100,99131,100,100575,100,,
2019-06-28 10:01:30.000000000,100065,186,100019,186,100070,183,99935,183,100119,183,99914,183,100173,100,99697,100,100188,100,99654,100,100235,100,99484,200,100280,100,99188,100,100474,100,99131,100,100498,100,,,100575,100,,
2019-06-28 10:01:40.000000000,100065,163,100019,163,100070,163,99935,163,100119,163,99914,163,100173,163,99697,163,100188,100,99654,100,100235,100,99484,200,100280,100,99188,100,100474,100,99131,100,100498,100,,,100575,100,,
2019-06-28 10:01:50.000000000,100065,352,100019,352,100070,100,99935,100,100119,100,99914,100,100173,100,99697,100,100188,100,99654,100,100235,100,99484,200,100280,100,99188,100,100474,100,99131,100,100498,100,,,100575,100,,
2019-06-28 10:02:00.000000000,100065,150,100019,150,100070,150,99935,150,100119,150,99914,150,100173,150,99697,150,100188,150,99654,150,100235,100,99484,200,100280,100,99188,100,100474,100,99131,100,100498,100,,,100575,100,,
2019-06-28 10:02:09.357214997,100070,150,100065,50,100119,150,100019,150,100173,150,99935,150,100188,150,99914,150,100235,100,99697,150,100280,100,99654,150,100474,100,99484,200,100498,100,99188,100,100575,100,99131,100,100597,100,,
2019-06-28 10:02:10.000000000,100070,226,100065,176,100119,226,100019,226,100173,100,99935,100,100188,100,99914,100,100235,100,99697,100,100280,100,99654,100,100474,100,99484,200,100498,100,99188,100,100575,100,99131,100,100597,100,,
2019-06-28 10:02:18.975459030,100070,226,100065,176,100119,226,100019,226,100173,100,99935,100,100188,100,99914,100,100235,100,99697,100,100280,100,99654,100,100474,100,99484,200,100498,100,99188,100,100575,100,99131,100,100597,100,,
2019-06-28 10:02:20.000000000,100070,163,100065,113,100119,163,100019,163,100173,163,99935,163,100188,163,99914,163,100235,100,99697,100,100280,100,99654,100,100474,100,99484,200,100498,100,99188,100,100575,100,99131,100,100597,100,,
2019-06-28 10:02:23.376948026,100070,163,100065,113,100119,163,100019,163,100173,163,99935,163,100188,163,99914,163,100235,100,99697,100,100280,100,99654,100,100474,100,99484,200,100498,100,99188,100,100575,100,99131,100,100597,100,,
2019-06-28 10:02:30.000000000,100070,226,100065,176,100119,226,100019,226,100173,100,99935,100,100188,100,99914,100,100235,100,99697,100,100280,100,99654,100,100474,100,99484,200,100498,100,99188,100,100575,100,99131,100,100597,100,,
2019-06-28 10:02:40.000000000,100070,226,100065,176,100119,226,100019,226,100173,100,99935,100,100188,100,99914,100,100235,100,99697,100,100280,100,99654,100,100474,100,99484,200,100498,100,99188,100,100575,100,99131,100,100597,100,,
2019-06-28 10:02:42.944765677,100070,126,100065,176,100119,226,100019,226,100173,100,99935,100,100188,100,99914,100,100235,100,99654,100,100280,100,99484,200,100474,100,99188,100,100498,100,99131,100,100575,100,,,100597,100,,
2019-06-28 10:02:50.000000000,100119,163,100065,113,100173,163,100019,163,100188,163,99935,163,100235,163,99914,163,100280,100,99654,100,100474,100,99484,200,100498,100,99188,100,100575,100,99131,100,100597,100,,,100639,100,,
2019-06-28 10:02:51.582953141,100119,163,100065,113,100173,163,100019,163,100188,163,99935,163,100235,163,99914,163,100280,100,99654,100,100474,100,99484,200,100498,100,99188,100,100552,100,99131,100,100575,100,,,100597,100,,
2019-06-28 10:02:53.650470421,100173,163,100119,37,100188,163,100065,113,100235,163,100019,163,100280,100,99935,163,100474,100,99914,163,100498,100,99654,100,100552,100,99484,200,100575,100,99188,100,100597,100,99131,100,100639,100,,
2019-06-28 10:02:59.764629176,100173,163,100119,37,100188,163,100065,113,100235,163,100019,163,100280,100,99935,163,100354,100,99914,163,100474,100,99654,100,100498,100,99484,200,100552,100,99188,100,100575,100,99131,100,100597,100,,
2019-06-28 10:03:00.000000000,100173,352,100119,289,100188,100,100065,50,100235,100,100019,100,100280,100,99935,100,100354,100,99914,100,100474,100,99654,100,100498,100,99484,200,100552,100,99188,100,100575,100,99131,100,100597,100,,
2019-06-28 10:03:10.000000000,100173,163,100119,100,100188,163,100065,113,100235,163,100019,163,100280,163,99935,163,100354,100,99914,100,100474,100,99654,100,100498,100,99484,200,100552,100,99188,100,100575,100,99131,100,100597,100,,
2019-06-28 10:03:12.893715377,100173,163,100119,100,100188,163,100070,100,100235,163,100065,113,100280,163,100019,163,100354,100,99935,163,100474,100,99914,100,100498,100,99654,100,100552,100,99484,200,100575,100,99188,100,100597,100,99131,100
2019-06-28 10:03:13.553861979,100173,163,100119,100,100188,163,100070,200,100235,163,100065,113,100280,163,100019,163,100354,100,99935,163,100474,100,99914,100,100498,100,99654,100,100552,100,99484,200,100575,100,99188,100,100597,100,99131,100
2019-06-28 10:03:20.000000000,100173,226,100119,163,100188,226,100070,326,100235,100,100065,50,100280,100,100019,100,100354,100,99935,100,100474,100,99914,100,100498,100,99654,100,100552,100,99484,200,100575,100,99188,100,100597,100,99131,100
2019-06-28 10:03:30.000000000,100173,163,100119,100,100188,163,100070,263,100235,163,100065,113,100280,163,100019,163,100354,100,99935,100,100474,100,99914,100,100498,100,99654,100,100552,100,99484,200,100575,100,99188,100,100597,100,99131,100
2019-06-28 10:03:36.314267603,100173,163,100119,100,100188,163,100070,263,100235,163,100065,113,100280,163,100019,163,100354,100,99935,100,100474,100,99914,100,100498,100,99654,100,100542,100,99484,200,100552,100,99188,100,100575,100,99131,100
2019-06-28 10:03:40.000000000,100173,163,100119,100,100188,163,100070,263,100235,163,100065,113,100280,163,100019,163,100354,100,99935,100,100474,100,99914,100,100498,100,99654,100,100542,100,99484,200,100552,100,99188,100,100575,100,99131,100
2019-06-28 10:03:40.339479809,100173,163,100119,100,100188,163,100070,363,100235,163,100065,113,100280,163,100019,163,100354,100,99935,100,100474,100,99914,100,100498,100,99654,100,100542,100,99484,200,100552,100,99188,100,100575,100,99131,100
2019-06-28 10:03:50.000000000,100173,163,100119,100,100188,163,100070,363,100235,163,100065,113,100280,163,100019,163,100354,100,99935,100,100474,100,99914,100,100498,100,99654,100,100542,100,99484,200,100552,100,99188,100,100575,100,99131,100
2019-06-28 10:04:00.000000000,100173,150,100119,87,100188,150,100070,350,100235,150,100065,100,100280,150,100019,150,100354,150,99935,150,100474,100,99914,100,100498,100,99654,100,100542,100,99484,200,100552,100,99188,100,100575,100,99131,100
2019-06-28 10:04:06.414812370,100173,150,100119,87,100188,150,100070,250,100235,150,100065,100,100280,150,100019,150,100354,150,99935,150,100474,100,99914,100,100498,100,99654,100,100542,100,99484,200,100552,100,99188,100,100575,100,99131,100
2019-06-28 10:04:10.000000000,100173,150,100119,87,100188,150,100070,250,100235,150,100065,100,100280,150,100019,150,100354,150,99935,150,100474,100,99914,100,100498,100,99654,100,100542,100,99484,200,100552,100,99188,100,100575,100,99131,100
2019-06-28 10:04:19.018181228,100118,13,100070,250,100173,150,100065,100,100188,150,100019,150,100235,150,99935,150,100280,150,99914,100,100354,150,99654,100,100474,100,99484,200,100498,100,99188,100,100542,100,99131,100,100552,100,,
2019-06-28 10:04:19.956687307,100118,13,100070,250,100173,150,100065,100,100188,150,100043,100,100235,50,100019,150,100280,150,99935,150,100354,150,99914,100,100474,100,99654,100,100498,100,99484,200,100542,100,99188,100,100552,100,99131,100
2019-06-28 10:04:20.000000000,100118,139,100070,326,100173,226,100065,176,100188,100,100043,100,100280,100,100019,100,100354,100,99935,100,100474,100,99914,100,100498,100,99654,100,100542,100,99484,200,100552,100,99188,100,100575,100,99131,100
2019-06-28 10:04:26.909579791,100118,39,100070,326,100173,226,100065,176,100188,100,100043,100,100280,100,100019,100,100354,100,99935,100,100474,100,99914,100,100498,100,99654,100,100542,100,99484,200,100552,100,99188,100,100575,100,99131,100
2019-06-28 10:04:30.000000000,100173,352,100070,452,100188,100,100065,50,100280,100,100043,100,100354,100,100019,100,100474,100,99935,100,100498,100,99914,100,100542,100,99654,100,100552,100,99484,200,100575,100,99188,100,100597,100,99131,100
2019-06-28 10:04:35.772949856,100173,352,100070,452,100188,100,100065,150,100280,100,100043,100,100354,100,100019,100,100474,100,99935,100,100498,100,99914,100,100542,100,99654,100,100552,100,99484,200,100575,100,99188,100,100597,100,99131,100
2019-06-28 10:04:40.000000000,100173,226,100070,326,100188,226,100065,276,100280,100,100043,100,100354,100,100019,100,100474,100,99935,100,100498,100,99914,100,100542,100,99654,100,100552,100,99484,200,100575,100,99188,100,100597,100,99131,100
2019-06-28 10:04:45.400817725,100173,226,100125,100,100188,226,100070,326,100280,100,100065,276,100354,100,100043,100,100474,100,100019,100,100498,100,99935,100,100542,100,99914,100,100552,100,99484,200,100575,100,99188,100,100597,100,99131,100
2019-06-28 10:04:50.000000000,100173,163,100125,163,100188,163,100070,263,100280,163,100065,213,100354,163,100043,163,100474,100,100019,100,100498,100,99935,100,100542,100,99914,100,100552,100,99484,200,100575,100,99188,100,100597,100,99131,100
2019-06-28 10:04:52.380241238,100173,163,100125,63,100188,163,100070,263,100280,163,100065,213,100354,163,100043,163,100474,100,100019,100,100498,100,99935,100,100542,100,99914,100,100552,100,99484,200,100575,100,99188,100,100597,100,99131,100
2019-06-28 10:05:00.000000000,100173,150,100070,250,100188,150,100065,200,100280,150,100043,150,100354,150,100019,150,100474,150,99935,150,100498,100,99914,100,100542,100,99484,200,100552,100,99188,100,100575,100,99131,100,100597,100,,
2019-06-28 10:05:07.737914884,100146,100,100070,250,100173,150,100065,200,100188,150,100043,150,100280,150,100019,150,100354,150,99935,150,100474,150,99914,100,100498,100,99484,200,100542,100,99188,100,100552,100,99131,100,100575,100,,
2019-06-28 10:05:10.000000000,100146,150,100070,250,100173,150,100065,200,100188,150,100043,150,100280,150,100019,150,100354,150,99935,150,100474,100,99914,100,100498,100,99484,200,100542,100,99188,100,100552,100,99131,100,100575,100,,
2019-06-28 10:05:17.175584986,100146,150,100126,100,100173,150,100070,250,100188,150,100065,200,100280,150,100043,150,100354,150,100019,150,100474,100,99935,150,100498,100,99914,100,100542,100,99484,200,100552,100,99188,100,100575,100,99131,100
2019-06-28 10:05:20.000000000,100146,186,100126,186,100173,183,100070,283,100188,183,100065,233,100280,100,100043,100,100354,100,100019,100,100474,100,99935,100,100498,100,99914,100,100542,100,99484,200,100552,100,99188,100,100575,100,99131,100
2019-06-28 10:05:30.000000000,100146,186,100126,186,100173,183,100070,283,100188,183,100065,233,100280,100,100043,100,100354,100,100019,100,100474,100,99935,100,100498,100,99914,100,100542,100,99484,200,100552,100,99188,100,100575,100,99131,100
2019-06-28 10:05:34.540762315,100146,186,100126,186,100173,183,100070,283,100188,183,100065,233,100222,100,100043,100,100280,100,100019,100,100354,100,99935,100,100474,100,99914,100,100498,100,99484,200,100542,100,99188,100,100552,100,99131,100
2019-06-28 10:05:40.000000000,100146,226,100126,226,100173,226,100070,326,100188,100,100065,150,100222,100,100043,100,100280,100,100019,100,100354,100,99935,100,100474,100,99914,100,100498,100,99484,200,100542,100,99188,100,100552,100,99131,100
2019-06-28 10:05:50.000000000,100146,150,100126,150,100173,150,100070,250,100188,150,100065,200,100222,150,100043,150,100280,150,100019,150,100354,100,99935,100,100474,100,99914,100,100498,100,99484,200,100542,100,99188,100,100552,100,99131,100
2019-06-28 10:05:53.528758000,100146,150,100126,150,100173,150,100070,250,100188,150,100065,200,100222,150,100043,150,100280,150,100019,150,100354,100,99935,100,100428,100,99914,100,100474,100,99484,200,100498,100,99188,100,100552,100,99131,100
2019-06-28 10:06:00.000000000,100146,150,100126,150,100173,150,100070,250,100188,150,100065,200,100222,150,100043,150,100280,150,100019,150,100354,100,99935,100,100428,100,99914,100,100474,100,99484,200,100498,100,99188,100,100552,100,99131,100
2019-06-28 10:06:10.000000000,100146,226,100126,226,100173,226,100070,326,100188,100,100065,150,100222,100,100043,100,100280,100,100019,100,100354,100,99935,100,100428,100,99914,100,100474,100,99484,200,100498,100,99188,100,100552,100,99131,100
2019-06-28 10:06:12.159733354,100146,226,100126,226,100173,226,100070,326,100188,100,100065,150,100222,100,100043,100,100263,100,100019,100,100280,100,99935,100,100354,100,99914,100,100428,100,99484,200,100474,100,99188,100,100498,100,99131,100
2019-06-28 10:06:20.000000000,100146,150,100126,150,100173,150,100070,250,100188,150,100065,200,100222,150,100043,150,100263,150,100019,150,100280,100,99935,100,100354,100,99914,100,100428,100,99484,200,100474,100,99188,100,100498,100,99131,100
2019-06-28 10:06:20.368317398,100146,150,100126,150,100173,150,100070,250,100188,150,100065,200,100222,150,100043,150,100263,150,100019,150,100280,100,99935,100,100289,100,99914,100,100354,100,99484,200,100428,100,99188,100,100474,100,99131,100
2019-06-28 10:06:30.000000000,100146,352,100126,352,100173,100,100070,200,100188,100,100065,150,100222,100,100043,100,100263,100,100019,100,100280,100,99935,100,100289,100,99914,100,100354,100,99484,200,100428,100,99188,100,100474,100,99131,100
2019-06-28 10:06:40.000000000,100146,352,100126,352,100173,100,100070,200,100188,100,100065,150,100222,100,100043,100,100263,100,100019,100,100280,100,99935,100,100289,100,99914,100,100354,100,99484,200,100428,100,99188,100,100474,100,99131,100
2019-06-28 10:06:50.000000000,100146,186,100126,186,100173,183,100070,283,100188,183,100065,233,100222,100,100043,100,100263,100,100019,100,100280,100,99935,100,100289,100,99914,100,100354,100,99484,200,100428,100,99188,100,100474,100,99131,100
2019-06-28 10:07:00.000000000,100146,352,100126,352,100173,100,100070,200,100188,100,100065,150,100222,100,100043,100,100263,100,100019,100,100280,100,99935,100,100289,100,99914,100,100354,100,99484,200,100428,100,99188,100,100474,100,99131,100
2019-06-28 10:07:10.000000000,100146,226,100126,226,100173,226,100070,326,100188,100,100065,150,100222,100,100043,100,100263,100,100019,100,100280,100,99935,100,100289,100,99914,100,100354,100,99484,200,100428,100,99188,100,100474,100,99131,100
2019-06-28 10:07:20.000000000,100146,352,100126,352,100173,100,100070,200,100188,100,100065,150,100222,100,100043,100,100263,100,100019,100,100280,100,99935,100,100289,100,99914,100,100354,100,99484,200,100428,100,99188,100,100474,100,99131,100
2019-06-28 10:07:30.000000000,100146,163,100126,163,100173,163,100070,263,100188,163,100065,213,100222,163,100043,163,100263,100,100019,100,100280,100,99935,100,100289,100,99914,100,100354,100,99484,200,100428,100,99188,100,100474,100,99131,100
2019-06-28 10:07:32.526236280,100146,163,100126,63,100173,163,100070,163,100188,163,100065,213,100222,163,100043,163,100263,100,100019,100,100280,100,99935,100,100289,100,99914,100,100354,100,99484,200,100428,100,99188,100,100474,100,99131,100
2019-06-28 10:07:40.000000000,100146,226,100070,226,100173,226,100065,276,100188,100,100043,100,100222,100,100019,100,100263,100,99935,100,100280,100,99914,100,100289,100,99484,200,100354,100,99188,100,100428,100,99131,100,100474,100,,
2019-06-28 10:07:44.923108904,100126,100,100070,226,100146,226,100065,276,100173,226,100043,100,100188,100,100019,100,100222,100,99935,100,100263,100,99914,100,100280,100,99484,200,100289,100,99188,100,100354,100,99131,100,100428,100,,
2019-06-28 10:07:50.000000000,100126,226,100070,226,100146,226,100065,276,100173,100,100043,100,100188,100,100019,100,100222,100,99935,100,100263,100,99914,100,100280,100,99484,200,100289,100,99188,100,100354,100,99131,100,100428,100,,
2019-06-28 10:07:56.900686408,100126,326,100070,226,100146,226,100065,276,100173,100,100043,100,100188,100,100019,100,100222,100,99935,100,100263,100,99914,100,100280,100,99484,200,100289,100,99188,100,100354,100,99131,100,100428,100,,
2019-06-28 10:08:00.000000000,100126,263,100070,163,100146,163,100065,213,100173,163,100043,163,100188,163,100019,163,100222,100,99935,100,100263,100,99914,100,100280,100,99484,200,100289,100,99188,100,100354,100,99131,100,100428,100,,
2019-06-28 10:08:10.000000000,100126,452,100070,352,100146,100,100065,150,100173,100,100043,100,100188,100,100019,100,100222,100,99935,100,100263,100,99914,100,100280,100,99484,200,100289,100,99188,100,100354,100,99131,100,100428,100,,
2019-06-28 10:08:20.000000000,100126,326,100070,226,100146,226,100065,276,100173,100,100043,100,100188,100,100019,100,100222,100,99935,100,100263,100,99914,100,100280,100,99484,200,100289,100,99188,100,100354,100,99131,100,100428,100,,
2019-06-28 10:08:30.000000000,100126,286,100070,186,100146,183,100065,233,100173,183,100043,183,100188,100,100019,100,100222,100,99935,100,100263,100,99914,100,100280,100,99484,200,100289,100,99188,100,100354,100,99131,100,100428,100,,
2019-06-28 10:08:40.000000000,100126,250,100070,150,100146,150,100065,200,100173,150,100043,150,100188,150,100019,150,100222,150,99935,150,100263,100,99914,100,100280,100,99484,200,100289,100,99188,100,100354,100,99131,100,100428,100,,
2019-06-28 10:08:50.000000000,100126,286,100070,186,100146,183,100065,233,100173,183,100043,183,100188,100,100019,100,100222,100,99935,100,100263,100,99914,100,100280,100,99484,200,100289,100,99188,100,100354,100,99131,100,100428,100,,
2019-06-28 10:09:00.000000000,100126,452,100070,352,100146,100,100065,150,100173,100,100043,100,100188,100,100019,100,100222,100,99935,100,100263,100,99914,100,100280,100,99484,200,100289,100,99188,100,100354,100,99131,100,100428,100,,
2019-06-28 10:09:10.000000000,100126,263,100070,163,100146,163,100065,213,100173,163,100043,163,100188,163,100019,163,100222,100,99935,100,100263,100,99914,100,100280,100,99484,200,100289,100,99188,100,100354,100,99131,100,100428,100,,
2019-06-28 10:09:20.000000000,100126,250,100070,150,100146,150,100065,200,100173,150,100043,150,100188,150,100019,150,100222,150,99935,150,100263,100,99914,100,100280,100,99484,200,100289,100,99188,100,100354,100,99131,100,100428,100,,
2019-06-28 10:09:30.000000000,100126,263,100070,163,100146,163,100065,213,100173,163,100043,163,100188,163,100019,163,100222,100,99935,100,100263,100,99914,100,100280,100,99484,200,100289,100,99188,100,100354,100,99131,100,100428,100,,
2019-06-28 10:09:40.000000000,100126,263,100070,163,100146,163,100065,213,100173,163,100043,163,100188,163,100019,163,100222,100,99935,100,100263,100,99914,100,100280,100,99484,200,100289,100,99188,100,100354,100,99131,100,100428,100,,
2019-06-28 10:09:46.661507153,100126,263,100070,163,100146,163,100065,213,100173,163,100043,163,100188,163,100019,163,100222,100,99935,100,100263,100,99914,100,100280,100,99484,200,100289,100,99188,100,100354,100,99131,100,100428,100,,
2019-06-28 10:09:50.000000000,100126,452,100070,352,100146,100,100065,150,100173,100,100043,100,100188,100,100019,100,100222,100,99935,100,100263,100,99914,100,100280,100,99484,200,100289,100,99188,100,100354,100,99131,100,100428,100,,
2019-06-28 10:09:58.533757177,100126,452,100070,352,100146,100,100065,150,100173,100,100043,100,100188,100,100019,100,100222,100,99935,100,100263,100,99914,100,100280,100,99484,200,100289,100,99188,100,100354,100,99131,100,100428,100,,
2019-06-28 10:10:00.000000000,100126,452,100070,352,100146,100,100065,150,100173,100,100043,100,100188,100,100019,100,100222,100,99935,100,100263,100,99914,100,100280,100,99484,200,100289,100,99188,100,100354,100,99131,100,100428,100,,
