,ask_price_1,ask_size_1,bid_price_1,bid_size_1,ask_price_2,ask_size_2,bid_price_2,bid_size_2,ask_price_3,ask_size_3,bid_price_3,bid_size_3,ask_price_4,ask_size_4,bid_price_4,bid_size_4,ask_price_5,ask_size_5,bid_price_5,bid_size_5,ask_price_6,ask_size_6,bid_price_6,bid_size_6,ask_price_7,ask_size_7,bid_price_7,bid_size_7,ask_price_8,ask_size_8,bid_price_8,bid_size_8,ask_price_9,ask_size_9,bid_price_9,bid_size_9,ask_price_10,ask_size_10,bid_price_10,bid_size_10
2019-06-28 09:30:00.000000000,100134,100,,,,,,,,,,,,,,,,,,,,,,,,,,,,,,,,,,,,,,
2019-06-28 09:30:00.000000001,100036,100,,,100092,100,,,100134,100,,,,,,,,,,,,,,,,,,,,,,,,,,,,,,
2019-06-28 09:30:00.000000002,100036,100,99814,100,100092,100,,,100134,100,,,,,,,,,,,,,,,,,,,,,,,,,,,,,,
2019-06-28 09:30:00.000000004,100077,100,99992,100,100092,100,99939,100,100134,100,99814,100,,,,,,,,,,,,,,,,,,,,,,,,,,,,
2019-06-28 09:30:00.000000005,100014,100,99992,100,100077,100,99939,100,100092,100,99814,100,100134,100,,,100178,100,,,,,,,,,,,,,,,,,,,,,,
2019-06-28 09:30:00.000000006,100014,100,99992,100,100053,100,99939,100,100077,100,99922,100,100092,100,99814,100,100134,100,,,100178,100,,,,,,,,,,,,,,,,,,
2019-06-28 09:30:00.000000007,100053,100,99992,100,100077,100,99939,100,100092,100,99922,100,100134,100,99814,100,100178,100,,,,,,,,,,,,,,,,,,,,,,
2019-06-28 09:30:00.000000009,100053,100,99992,100,100077,100,99939,100,100092,100,99922,100,100134,100,99895,100,100178,100,99814,100,,,99799,100,,,,,,,,,,,,,,,,
2019-06-28 09:30:00.000000012,100053,100,99992,100,100077,100,99939,100,100092,100,99922,100,100107,100,99895,100,100134,100,99814,100,100178,100,99799,100,,,,,,,,,,,,,,,,
2019-06-28 09:30:00.000000013,100036,100,99992,100,100053,100,99939,100,100077,100,99922,100,100092,100,99895,100,100107,100,99814,100,100134,100,99799,100,100178,100,,,,,,,,,,,,,,
2019-06-28 09:30:00.000000015,100007,100,99992,100,100036,100,99939,100,100053,100,99922,100,100077,100,99895,100,100092,100,99814,100,100107,100,99799,100,100134,100,,,100178,100,,,,,,,,,,
2019-06-28 09:30:00.000000016,100007,100,99992,100,100036,100,99939,100,100053,100,99922,100,100077,100,99896,100,100092,100,99895,100,100107,100,99814,100,100134,100,99799,100,100178,100,,,,,,,,,,
2019-06-28 09:30:00.000000018,100007,100,99992,100,100036,100,99939,100,100053,100,99922,100,100077,100,99896,100,100092,100,99895,100,100107,100,99892,100,100134,100,99814,100,100178,100,99799,100,,,,,,,,
2019-06-28 09:30:00.000000020,100007,100,99992,100,100036,100,99955,100,100053,100,99939,100,100077,100,99922,100,100092,100,99896,100,100107,100,99895,100,100134,100,99892,100,100178,100,99814,100,,,99799,100,,,,
2019-06-28 09:30:00.000000021,100007,100,99992,100,100011,100,99955,100,100036,100,99939,100,100053,100,99922,100,100077,100,99896,100,100092,100,99895,100,100107,100,99892,100,100134,100,99814,100,100178,100,99799,100,,,,
2019-06-28 09:30:00.000000023,100007,100,99992,100,100011,100,99968,100,100036,100,99955,100,100053,100,99939,100,100077,100,99922,100,100092,100,99896,100,100107,100,99895,100,100134,100,99892,100,100178,100,99814,100,,,99799,100
2019-06-28 09:30:00.000000026,100007,100,99992,100,100011,100,99968,100,100036,100,99955,100,100051,100,99939,100,100053,100,99922,100,100077,100,99896,100,100092,100,99895,100,100107,100,99892,100,100134,100,99814,100,100178,100,99799,100
2019-06-28 09:30:00.000000029,100007,100,99992,100,100011,100,99968,100,100036,100,99955,100,100051,100,99939,100,100053,100,99922,100,100077,100,99896,100,100092,100,99895,100,100107,100,99892,100,100129,100,99814,100,100134,100,99799,100
2019-06-28 09:30:00.000000030,100007,100,99992,100,100011,100,99968,100,100036,100,99955,100,100051,100,99939,100,100053,100,99922,100,100077,100,99896,100,100092,100,99895,100,100107,100,99892,100,100129,100,99814,100,100134,100,99799,100
2019-06-28 09:30:00.000000036,100007,100,99992,100,100011,100,99968,100,100036,100,99955,100,100051,100,99939,100,100053,100,99922,100,100077,100,99896,100,100092,100,99895,100,100095,100,99892,100,100107,100,99814,100,100129,100,99799,100
2019-06-28 09:30:00.000000042,100007,100,99992,100,100011,100,99968,100,100036,200,99955,100,100051,100,99939,100,100053,100,99922,100,100077,100,99896,100,100092,100,99895,100,100095,100,99892,100,100107,100,99814,100,100129,100,99799,100
2019-06-28 09:30:00.000000048,100007,100,99992,100,100011,100,99968,100,100036,200,99955,100,100051,100,99939,100,100053,100,99922,100,100073,100,99896,100,100077,100,99895,100,100092,100,99892,100,100095,100,99872,100,100107,100,99814,100
2019-06-28 09:30:00.000000050,100007,100,99992,100,100011,100,99972,100,100036,200,99968,100,100051,100,99955,100,100053,100,99939,100,100073,100,99922,100,100077,100,99896,100,100092,100,99895,100,100095,100,99892,100,100107,100,99872,100
2019-06-28 09:30:00.000000051,100007,100,99972,100,100011,100,99968,100,100036,200,99955,100,100051,100,99939,100,100053,100,99922,100,100073,100,99896,100,100077,100,99895,100,100092,100,99892,100,100095,100,99872,100,100107,100,99814,100
2019-06-28 09:30:00.000000055,100007,100,99992,100,100011,100,99972,100,100036,200,99968,100,100051,100,99955,100,100053,100,99939,100,100073,100,99922,100,100077,100,99896,100,100092,100,99895,100,100095,100,99892,100,100107,100,99872,100
2019-06-28 09:30:00.000000056,100007,100,99992,100,100011,100,99972,100,100036,200,99968,100,100051,100,99955,100,100053,100,99939,100,100064,100,99934,100,100073,100,99922,100,100077,100,99896,100,100092,100,99895,100,100095,100,99892,100
2019-06-28 09:30:00.000000059,100007,100,99972,100,100011,100,99968,100,100036,200,99955,100,100051,100,99939,100,100053,100,99934,100,100064,100,99922,100,100073,100,99896,100,100077,100,99895,100,100092,100,99892,100,100095,100,99872,100
2019-06-28 09:30:00.000000060,100011,100,99972,100,100036,200,99968,100,100051,100,99955,100,100053,100,99939,100,100064,100,99934,100,100073,100,99922,100,100077,100,99896,100,100092,100,99895,100,100095,100,99892,100,100107,100,99872,100
2019-06-28 09:30:00.000000064,100011,100,99986,100,100036,200,99972,100,100051,100,99968,100,100053,100,99955,100,100064,100,99939,100,100073,100,99934,100,100077,100,99922,100,100092,100,99896,100,100095,100,99895,100,100097,100,99892,100
2019-06-28 09:30:00.000000065,100011,100,99986,100,100036,200,99972,100,100051,100,99968,100,100053,100,99955,100,100064,100,99939,100,100073,100,99934,100,100077,100,99922,100,100092,100,99911,100,100095,100,99896,100,100097,100,99895,100
2019-06-28 09:30:00.000000067,100011,100,99986,100,100036,200,99978,100,100051,100,99972,100,100053,100,99968,100,100064,100,99955,100,100073,100,99939,100,100077,100,99934,100,100092,100,99922,100,100095,100,99911,100,100097,100,99896,100
2019-06-28 09:30:00.000000068,100011,100,99986,100,100018,100,99978,100,100036,200,99972,100,100051,100,99968,100,100053,100,99955,100,100064,100,99939,100,100073,100,99934,100,100077,100,99922,100,100092,100,99911,100,100095,100,99896,100
2019-06-28 09:30:00.000000069,100011,100,99986,100,100018,100,99978,100,100036,200,99972,100,100051,100,99968,100,100053,100,99955,100,100064,100,99939,100,100073,100,99934,100,100077,100,99922,100,100090,100,99911,100,100092,100,99896,100
2019-06-28 09:30:00.000000071,100011,100,99986,100,100018,100,99978,100,100036,200,99972,100,100051,100,99968,100,100053,100,99955,100,100064,100,99939,100,100073,100,99934,100,100077,100,99922,100,100090,100,99911,100,100092,100,99896,100
2019-06-28 09:30:00.000000074,100011,100,99986,100,100018,100,99978,100,100036,200,99972,200,100051,100,99968,100,100053,100,99955,100,100064,100,99939,100,100073,100,99934,100,100077,100,99922,100,100090,100,99911,100,100092,100,99896,100
2019-06-28 09:30:00.000000078,100011,100,99995,100,100018,100,99986,100,100036,200,99978,100,100051,100,99972,200,100053,100,99968,100,100064,100,99955,100,100073,100,99939,100,100077,100,99934,100,100090,100,99922,100,100092,100,99911,100
2019-06-28 09:30:00.000000080,100011,100,99995,100,100018,100,99986,100,100036,200,99978,100,100051,100,99972,200,100053,100,99968,100,100064,100,99955,100,100073,100,99939,100,100077,100,99934,100,100090,100,99922,100,100092,100,99911,100
2019-06-28 09:30:00.000000082,100011,100,99995,100,100018,100,99986,100,100036,200,99978,100,100051,100,99972,200,100053,100,99968,100,100064,100,99955,100,100073,100,99939,100,100077,100,99934,100,100090,100,99922,100,100092,100,99911,100
2019-06-28 09:30:00.000000084,100011,100,99995,100,100018,100,99986,100,100036,200,99978,100,100051,100,99972,200,100053,100,99968,100,100064,100,99955,100,100071,100,99954,100,100073,100,99939,100,100077,100,99934,100,100090,100,99922,100
2019-06-28 09:30:00.000000085,100001,100,99995,100,100011,100,99986,100,100018,100,99978,100,100036,200,99972,200,100051,100,99968,100,100053,100,99955,100,100064,100,99954,100,100071,100,99939,100,100073,100,99934,100,100077,100,99922,100
2019-06-28 09:30:00.000000087,100001,100,99995,100,100011,100,99992,100,100018,100,99986,100,100036,200,99978,100,100051,100,99972,200,100053,100,99968,100,100064,100,99955,100,100071,100,99954,100,100073,100,99939,100,100077,100,99934,100
2019-06-28 09:30:00.000000091,100001,100,99995,100,100011,100,99992,100,100018,100,99986,100,100036,200,99978,100,100051,100,99972,200,100053,100,99968,100,100064,100,99955,100,100071,100,99954,100,100073,100,99939,100,100077,100,99934,100
2019-06-28 09:30:00.000000096,100001,100,99995,100,100011,100,99992,100,100018,100,99986,100,100036,200,99978,100,100051,100,99972,200,100053,100,99968,100,100064,100,99955,100,100071,200,99954,100,100073,100,99939,100,100077,100,99934,100
2019-06-28 09:30:00.000000097,100001,100,99995,100,100011,100,99992,100,100018,100,99986,100,100036,200,99978,100,100051,100,99972,200,100053,100,99968,100,100064,100,99955,100,100071,200,99954,100,100073,100,99939,100,100077,100,99934,100
2019-06-28 09:30:00.000000099,100001,100,99995,100,100011,100,99992,100,100018,100,99986,100,100021,100,99978,100,100036,200,99972,200,100051,100,99968,100,100053,100,99955,100,100064,100,99954,100,100071,200,99939,100,100073,100,99934,100
2019-06-28 09:30:10.000000000,100001,584,99995,584,100011,100,99992,100,100018,100,99986,100,100021,100,99978,100,100036,200,99972,200,100051,100,99968,100,100053,100,99955,100,100064,100,99954,100,100071,200,99939,100,100073,100,99934,100
2019-06-28 09:30:13.784644092,100001,584,99995,484,100011,100,99992,100,100018,100,99986,100,100021,100,99978,100,100036,200,99972,200,100053,100,99968,100,100064,100,99955,100,100071,200,99954,100,100073,100,99939,100,100077,100,99934,100
2019-06-28 09:30:20.000000000,100001,197,99992,197,100011,197,99986,197,100018,197,99978,197,100021,197,99972,297,100036,297,99968,197,100053,100,99955,100,100064,100,99954,100,100071,200,99939,100,100073,100,99934,100,100077,100,99922,100
2019-06-28 09:30:30.000000000,100001,265,99992,265,100011,260,99986,260,100018,260,99978,260,100021,100,99972,200,100036,200,99968,100,100053,100,99955,100,100064,100,99954,100,100071,200,99939,100,100073,100,99934,100,100077,100,99922,100
2019-06-28 09:30:40.000000000,100001,584,99992,584,100011,100,99986,100,100018,100,99978,100,100021,100,99972,200,100036,200,99968,100,100053,100,99955,100,100064,100,99954,100,100071,200,99939,100,100073,100,99934,100,100077,100,99922,100
2019-06-28 09:30:44.184799116,100001,584,99992,484,100011,100,99986,100,100018,100,99978,100,100021,100,99972,200,100036,200,99968,100,100053,100,99955,100,100064,100,99954,100,100071,200,99939,100,100073,100,99934,100,100077,100,99922,100
2019-06-28 09:30:50.000000000,100001,265,99986,265,100011,260,99978,260,100018,260,99972,360,100021,100,99968,100,100036,200,99955,100,100053,100,99954,100,100064,100,99939,100,100071,200,99934,100,100073,100,99922,100,100077,100,99911,100
2019-06-28 09:31:00.000000000,100001,584,99986,584,100011,100,99978,100,100018,100,99972,200,100021,100,99968,100,100036,200,99955,100,100053,100,99954,100,100064,100,99939,100,100071,200,99934,100,100073,100,99922,100,100077,100,99911,100
2019-06-28 09:31:10.000000000,100001,265,99986,265,100011,260,99978,260,100018,260,99972,360,100021,100,99968,100,100036,200,99955,100,100053,100,99954,100,100064,100,99939,100,100071,200,99934,100,100073,100,99922,100,100077,100,99911,100
2019-06-28 09:31:13.313746346,100001,265,99986,265,100011,260,99978,260,100018,260,99972,360,100021,100,99968,100,100036,200,99955,100,100053,100,99954,100,100064,100,99939,100,100071,100,99934,100,100073,100,99922,100,100077,100,99911,100
2019-06-28 09:31:20.000000000,100001,197,99986,197,100011,197,99978,197,100018,197,99972,297,100021,197,99968,197,100036,297,99955,197,100053,100,99954,100,100064,100,99939,100,100071,100,99934,100,100073,100,99922,100,100077,100,99911,100
2019-06-28 09:31:27.041536634,99995,100,99986,197,100001,197,99978,197,100011,197,99972,297,100018,197,99968,197,100021,197,99955,197,100036,297,99954,100,100053,100,99939,100,100064,100,99934,100,100071,100,99922,100,100073,100,99911,100
2019-06-28 09:31:30.000000000,99995,342,99986,342,100001,342,99978,342,100011,100,99972,200,100018,100,99968,100,100021,100,99955,100,100036,200,99954,100,100053,100,99939,100,100064,100,99934,100,100071,100,99922,100,100073,100,99911,100
2019-06-28 09:31:39.226632869,99995,342,99986,242,100001,342,99978,342,100011,100,99972,200,100018,100,99968,100,100021,100,99955,100,100036,200,99954,100,100053,100,99939,100,100064,100,99934,100,100071,100,99922,100,100073,100,99911,100
2019-06-28 09:31:40.000000000,99995,265,99978,265,100001,260,99972,360,100011,260,99968,260,100018,100,99955,100,100021,100,99954,100,100036,200,99939,100,100053,100,99934,100,100064,100,99922,100,100071,100,99911,100,100073,100,99900,100
2019-06-28 09:31:50.000000000,99995,584,99978,584,100001,100,99972,200,100011,100,99968,100,100018,100,99955,100,100021,100,99954,100,100036,200,99939,100,100053,100,99934,100,100064,100,99922,100,100071,100,99911,100,100073,100,99900,100
2019-06-28 09:31:52.403738697,99995,584,99978,484,100001,100,99972,200,100011,100,99968,100,100018,100,99955,100,100021,100,99954,100,100036,200,99939,100,100053,100,99934,100,100064,100,99922,100,100071,100,99911,100,100073,100,99900,100
2019-06-28 09:32:00.000000000,99995,342,99972,442,100001,342,99968,342,100011,100,99955,100,100018,100,99954,100,100021,100,99939,100,100036,200,99934,100,100053,100,99922,100,100064,100,99911,100,100071,100,99900,100,100073,100,99896,100
2019-06-28 09:32:06.200724567,99995,342,99972,342,100001,342,99968,342,100011,100,99955,100,100018,100,99954,100,100021,100,99939,100,100036,200,99934,100,100053,100,99922,100,100064,100,99911,100,100071,100,99900,100,100073,100,99896,100
2019-06-28 09:32:10.000000000,99995,197,99972,197,100001,197,99968,197,100011,197,99955,197,100018,197,99954,197,100021,197,99939,197,100036,200,99934,100,100053,100,99922,100,100064,100,99911,100,100071,100,99900,100,100073,100,99896,100
2019-06-28 09:32:20.000000000,99995,584,99972,584,100001,100,99968,100,100011,100,99955,100,100018,100,99954,100,100021,100,99939,100,100036,200,99934,100,100053,100,99922,100,100064,100,99911,100,100071,100,99900,100,100073,100,99896,100
2019-06-28 09:32:29.015401138,99995,584,99972,484,100001,100,99968,100,100011,100,99955,100,100018,100,99954,100,100021,100,99939,100,100036,200,99934,100,100053,100,99922,100,100064,100,99911,100,100071,100,99900,100,100073,100,99896,100
2019-06-28 09:32:30.000000000,99995,342,99968,342,100001,342,99955,342,100011,100,99954,100,100018,100,99939,100,100021,100,99934,100,100036,200,99922,100,100053,100,99911,100,100064,100,99900,100,100071,100,99896,100,100073,100,99895,100
2019-06-28 09:32:40.000000000,99995,197,99968,197,100001,197,99955,197,100011,197,99954,197,100018,197,99939,197,100021,197,99934,197,100036,200,99922,100,100053,100,99911,100,100064,100,99900,100,100071,100,99896,100,100073,100,99895,100
2019-06-28 09:32:50.000000000,99995,265,99968,265,100001,260,99955,260,100011,260,99954,260,100018,100,99939,100,100021,100,99934,100,100036,200,99922,100,100053,100,99911,100,100064,100,99900,100,100071,100,99896,100,100073,100,99895,100
2019-06-28 09:33:00.000000000,99995,342,99968,342,100001,342,99955,342,100011,100,99954,100,100018,100,99939,100,100021,100,99934,100,100036,200,99922,100,100053,100,99911,100,100064,100,99900,100,100071,100,99896,100,100073,100,99895,100
2019-06-28 09:33:06.678860224,99995,342,99968,342,100001,342,99955,342,100011,100,99954,100,100018,100,99939,100,100021,100,99934,100,100036,200,99922,100,100053,100,99911,100,100071,100,99900,100,100073,100,99896,100,100077,100,99895,100
2019-06-28 09:33:10.000000000,99995,342,99968,342,100001,342,99955,342,100011,100,99954,100,100018,100,99939,100,100021,100,99934,100,100036,200,99922,100,100053,100,99911,100,100071,100,99900,100,100073,100,99896,100,100077,100,99895,100
2019-06-28 09:33:20.000000000,99995,197,99968,197,100001,197,99955,197,100011,197,99954,197,100018,197,99939,197,100021,197,99934,197,100036,200,99922,100,100053,100,99911,100,100071,100,99900,100,100073,100,99896,100,100077,100,99895,100
2019-06-28 09:33:28.215494337,99995,197,99968,97,100001,197,99955,197,100011,197,99954,197,100018,197,99939,197,100021,197,99934,197,100036,200,99922,100,100053,100,99911,100,100071,100,99900,100,100073,100,99896,100,100077,100,99895,100
2019-06-28 09:33:30.000000000,99995,221,99955,221,100001,221,99954,221,100011,221,99939,221,100018,221,99934,221,100021,100,99922,100,100036,200,99911,100,100053,100,99900,100,100071,100,99896,100,100073,100,99895,100,100077,100,99892,100
2019-06-28 09:33:40.000000000,99995,342,99955,342,100001,342,99954,342,100011,100,99939,100,100018,100,99934,100,100021,100,99922,100,100036,200,99911,100,100053,100,99900,100,100071,100,99896,100,100073,100,99895,100,100077,100,99892,100
2019-06-28 09:33:41.835718428,99995,342,99955,342,100001,342,99954,342,100011,100,99939,100,100018,100,99934,100,100021,100,99922,100,100036,200,99911,100,100053,100,99900,100,100071,100,99896,100,100073,100,99895,100,100077,100,99892,100
2019-06-28 09:33:50.000000000,99995,197,99955,197,100001,197,99954,197,100011,197,99939,197,100018,197,99934,197,100021,197,99922,197,100036,200,99911,100,100053,100,99900,100,100071,100,99896,100,100073,100,99895,100,100077,100,99892,100
2019-06-28 09:33:50.471200478,99995,197,99955,97,100001,197,99954,197,100011,197,99939,197,100018,197,99934,197,100021,197,99922,197,100036,200,99911,100,100053,100,99900,100,100073,100,99896,100,100077,100,99895,100,100092,100,99892,100
2019-06-28 09:33:52.850332346,99955,3,99954,197,99995,197,99939,197,100001,197,99934,197,100011,197,99922,197,100018,197,99911,100,100021,197,99900,100,100036,200,99896,100,100053,100,99895,100,100073,100,99892,100,100077,100,99881,100
2019-06-28 09:33:54.358170215,99955,3,99954,197,99995,197,99939,197,100001,197,99934,197,100011,197,99922,197,100018,197,99911,100,100021,197,99900,100,100025,100,99896,100,100036,200,99895,100,100053,100,99892,100,100073,100,99881,100
2019-06-28 09:33:57.138874550,99955,3,99954,197,99995,197,99939,197,100001,197,99934,197,100011,197,99922,197,100018,197,99911,100,100021,197,99900,100,100025,100,99896,100,100036,200,99895,100,100053,100,99892,100,100073,100,99881,100
2019-06-28 09:34:00.000000000,99955,100,99954,197,99995,197,99939,197,100001,197,99934,197,100011,197,99922,197,100018,197,99911,197,100021,100,99900,100,100025,100,99896,100,100036,200,99895,100,100053,100,99892,100,100073,100,99881,100
2019-06-28 09:34:10.000000000,99955,124,99954,221,99995,221,99939,221,100001,221,99934,221,100011,221,99922,221,100018,100,99911,100,100021,100,99900,100,100025,100,99896,100,100036,200,99895,100,100053,100,99892,100,100073,100,99881,100
2019-06-28 09:34:20.000000000,99955,168,99954,265,99995,260,99939,260,100001,260,99934,260,100011,100,99922,100,100018,100,99911,100,100021,100,99900,100,100025,100,99896,100,100036,200,99895,100,100053,100,99892,100,100073,100,99881,100
2019-06-28 09:34:30.000000000,99955,168,99954,265,99995,260,99939,260,100001,260,99934,260,100011,100,99922,100,100018,100,99911,100,100021,100,99900,100,100025,100,99896,100,100036,200,99895,100,100053,100,99892,100,100073,100,99881,100
2019-06-28 09:34:30.099957175,99955,168,99954,265,99995,260,99939,260,100001,260,99934,260,100011,100,99922,100,100018,100,99911,100,100021,100,99900,100,100025,100,99896,100,100036,200,99895,100,100053,100,99892,100,100073,100,99881,100
2019-06-28 09:34:38.888294055,99955,168,99954,165,99995,260,99939,260,100001,260,99934,260,100011,100,99922,100,100018,100,99911,100,100021,100,99900,100,100025,100,99896,100,100036,200,99895,100,100053,100,99892,100,100073,100,99881,100
2019-06-28 09:34:40.000000000,99955,100,99939,197,99995,197,99934,197,100001,197,99922,197,100011,197,99911,197,100018,197,99900,197,100021,100,99896,100,100025,100,99895,100,100036,200,99892,100,100053,100,99881,100,100073,100,99872,100
2019-06-28 09:34:50.000000000,99955,245,99939,342,99995,342,99934,342,100001,100,99922,100,100011,100,99911,100,100018,100,99900,100,100021,100,99896,100,100025,100,99895,100,100036,200,99892,100,100053,100,99881,100,100073,100,99872,100
2019-06-28 09:35:00.000000000,99955,487,99939,584,99995,100,99934,100,100001,100,99922,100,100011,100,99911,100,100018,100,99900,100,100021,100,99896,100,100025,100,99895,100,100036,200,99892,100,100053,100,99881,100,100073,100,99872,100
2019-06-28 09:35:06.201924469,99955,487,99939,584,99995,100,99934,100,100011,100,99922,100,100018,100,99911,100,100021,100,99900,100,100025,100,99896,100,100036,200,99895,100,100053,100,99892,100,100073,100,99881,100,100077,100,99872,100
2019-06-28 09:35:10.000000000,99955,100,99939,197,99995,197,99934,197,100011,197,99922,197,100018,197,99911,197,100021,197,99900,197,100025,100,99896,100,100036,200,99895,100,100053,100,99892,100,100073,100,99881,100,100077,100,99872,100
2019-06-28 09:35:17.186360462,99955,100,99939,197,99995,197,99934,197,100011,197,99922,197,100018,197,99911,197,100021,197,99900,197,100025,100,99896,100,100036,200,99895,100,100053,100,99892,100,100073,100,99881,100,100077,100,99872,100
2019-06-28 09:35:20.000000000,99955,100,99939,197,99995,197,99934,197,100011,197,99922,197,100018,197,99911,197,100021,197,99900,197,100025,100,99896,100,100036,200,99895,100,100053,100,99892,100,100073,100,99881,100,100077,100,99872,100
2019-06-28 09:35:22.135159848,99955,100,99939,97,99995,197,99934,197,100011,197,99922,197,100018,197,99911,197,100021,197,99900,197,100025,100,99896,100,100036,200,99895,100,100053,100,99892,100,100073,100,99881,100,100077,100,99872,100
2019-06-28 09:35:26.135707435,99954,100,99939,97,99955,100,99934,197,99995,197,99922,197,100011,197,99911,197,100018,197,99900,197,100021,197,99896,100,100025,100,99895,100,100036,200,99892,100,100053,100,99881,100,100073,100,99872,100
2019-06-28 09:35:30.000000000,99954,584,99934,584,99955,3,99922,100,99995,100,99911,100,100011,100,99900,100,100018,100,99896,100,100021,100,99895,100,100025,100,99892,100,100036,200,99881,100,100053,100,99872,100,100073,100,99865,100
2019-06-28 09:35:34.102054511,99954,584,99934,484,99955,3,99922,100,99995,100,99911,100,100011,100,99900,100,100018,100,99896,100,100021,100,99895,100,100025,100,99892,100,100036,200,99881,100,100053,100,99872,100,100073,100,99865,100
2019-06-28 09:35:40.000000000,99954,265,99922,265,99955,163,99911,260,99995,260,99900,260,100011,100,99896,100,100018,100,99895,100,100021,100,99892,100,100025,100,99881,100,100036,200,99872,100,100053,100,99865,100,100073,100,99846,100
2019-06-28 09:35:50.000000000,99954,221,99922,221,99955,124,99911,221,99995,221,99900,221,100011,221,99896,221,100018,100,99895,100,100021,100,99892,100,100025,100,99881,100,100036,200,99872,100,100053,100,99865,100,100073,100,99846,100
2019-06-28 09:36:00.000000000,99954,197,99922,197,99955,100,99911,197,99995,197,99900,197,100011,197,99896,197,100018,197,99895,197,100021,100,99892,100,100025,100,99881,100,100036,200,99872,100,100053,100,99865,100,100073,100,99846,100
2019-06-28 09:36:00.162373494,99939,100,99922,197,99954,197,99911,197,99955,100,99900,197,99995,197,99896,197,100011,197,99895,197,100018,197,99892,100,100021,100,99881,100,100025,100,99872,100,100036,200,99865,100,100053,100,99846,100
2019-06-28 09:36:04.659133188,99939,100,99922,197,99954,197,99911,197,99955,100,99900,197,99995,197,99896,197,100011,197,99895,197,100018,197,99892,100,100021,100,99881,100,100025,100,99872,100,100036,200,99865,100,100053,100,99846,100
2019-06-28 09:36:04.777318958,99939,100,99922,97,99954,197,99911,197,99955,100,99900,197,99995,197,99896,197,100011,197,99895,197,100018,197,99892,100,100021,100,99881,100,100025,100,99872,100,100036,200,99865,100,100053,100,99846,100
2019-06-28 09:36:10.000000000,99939,221,99911,221,99954,221,99900,221,99955,124,99896,221,99995,221,99895,221,100011,100,99892,100,100018,100,99881,100,100021,100,99872,100,100025,100,99865,100,100036,200,99846,100,100053,100,99841,100
2019-06-28 09:36:20.000000000,99939,197,99911,197,99954,197,99900,197,99955,100,99896,197,99995,197,99895,197,100011,197,99892,197,100018,100,99881,100,100021,100,99872,100,100025,100,99865,100,100036,200,99846,100,100053,100,99841,100
2019-06-28 09:36:30.000000000,99939,197,99911,197,99954,197,99900,197,99955,100,99896,197,99995,197,99895,197,100011,197,99892,197,100018,100,99881,100,100021,100,99872,100,100025,100,99865,100,100036,200,99846,100,100053,100,99841,100
2019-06-28 09:36:32.574551745,99939,197,99911,197,99954,197,99900,197,99955,100,99896,197,99995,197,99895,197,100011,197,99892,197,100018,100,99881,100,100021,100,99872,100,100025,100,99865,100,100036,200,99846,100,100053,100,99841,100
2019-06-28 09:36:32.900674278,99939,197,99911,197,99954,197,99900,197,99955,100,99896,197,99995,197,99895,197,100011,197,99892,197,100018,100,99881,100,100021,100,99872,100,100025,100,99865,100,100036,200,99846,100,100053,100,99841,100
2019-06-28 09:36:40.000000000,99939,342,99911,342,99954,342,99900,342,99955,3,99896,100,99995,100,99895,100,100011,100,99892,100,100018,100,99881,100,100021,100,99872,100,100025,100,99865,100,100036,200,99846,100,100053,100,99841,100
2019-06-28 09:36:44.741424532,99939,342,99911,342,99954,342,99900,342,99955,3,99896,100,99995,100,99895,100,100011,100,99892,100,100018,100,99881,100,100021,100,99872,100,100025,100,99865,100,100036,200,99846,100,100053,100,99841,100
2019-06-28 09:36:50.000000000,99939,342,99911,342,99954,342,99900,342,99955,3,99896,100,99995,100,99895,100,100011,100,99892,100,100018,100,99881,100,100021,100,99872,100,100025,100,99865,100,100036,200,99846,100,100053,100,99841,100
2019-06-28 09:36:56.009412477,99939,342,99911,342,99954,342,99900,342,99955,3,99896,100,99995,100,99895,100,100011,100,99892,100,100018,100,99881,100,100021,100,99872,100,100025,100,99846,100,100036,200,99841,100,100053,100,99814,100
2019-06-28 09:37:00.000000000,99939,584,99911,584,99954,100,99900,100,99955,3,99896,100,99995,100,99895,100,100011,100,99892,100,100018,100,99881,100,100021,100,99872,100,100025,100,99846,100,100036,200,99841,100,100053,100,99814,100
2019-06-28 09:37:10.000000000,99939,342,99911,342,99954,342,99900,342,99955,3,99896,100,99995,100,99895,100,100011,100,99892,100,100018,100,99881,100,100021,100,99872,100,100025,100,99846,100,100036,200,99841,100,100053,100,99814,100
2019-06-28 09:37:20.000000000,99939,342,99911,342,99954,342,99900,342,99955,3,99896,100,99995,100,99895,100,100011,100,99892,100,100018,100,99881,100,100021,100,99872,100,100025,100,99846,100,100036,200,99841,100,100053,100,99814,100
2019-06-28 09:37:23.043661315,99934,100,99911,342,99939,342,99900,342,99954,342,99896,100,99955,3,99895,100,99995,100,99892,100,100011,100,99881,100,100018,100,99872,100,100021,100,99846,100,100025,100,99841,100,100036,200,99814,100
2019-06-28 09:37:30.000000000,99934,342,99911,342,99939,342,99900,342,99954,100,99896,100,99955,3,99895,100,99995,100,99892,100,100011,100,99881,100,100018,100,99872,100,100021,100,99846,100,100025,100,99841,100,100036,200,99814,100
2019-06-28 09:37:40.000000000,99934,265,99911,265,99939,260,99900,260,99954,260,99896,260,99955,3,99895,100,99995,100,99892,100,100011,100,99881,100,100018,100,99872,100,100021,100,99846,100,100025,100,99841,100,100036,200,99814,100
2019-06-28 09:37:50.000000000,99934,342,99911,342,99939,342,99900,342,99954,100,99896,100,99955,3,99895,100,99995,100,99892,100,100011,100,99881,100,100018,100,99872,100,100021,100,99846,100,100025,100,99841,100,100036,200,99814,100
2019-06-28 09:38:00.000000000,99934,342,99911,342,99939,342,99900,342,99954,100,99896,100,99955,3,99895,100,99995,100,99892,100,100011,100,99881,100,100018,100,99872,100,100021,100,99846,100,100025,100,99841,100,100036,200,99814,100
2019-06-28 09:38:10.000000000,99934,584,99911,584,99939,100,99900,100,99954,100,99896,100,99955,3,99895,100,99995,100,99892,100,100011,100,99881,100,100018,100,99872,100,100021,100,99846,100,100025,100,99841,100,100036,200,99814,100
2019-06-28 09:38:20.000000000,99934,221,99911,221,99939,221,99900,221,99954,221,99896,221,99955,124,99895,221,99995,100,99892,100,100011,100,99881,100,100018,100,99872,100,100021,100,99846,100,100025,100,99841,100,100036,200,99814,100
2019-06-28 09:38:23.169585735,99934,221,99911,221,99939,221,99900,221,99954,121,99896,221,99955,124,99895,221,99995,100,99892,100,100011,100,99881,100,100018,100,99872,100,100021,100,99846,100,100025,100,99841,100,100036,200,99814,100
2019-06-28 09:38:27.716157803,99934,221,99911,221,99939,221,99900,221,99954,121,99896,221,99955,124,99895,221,99995,100,99892,100,100011,100,99881,100,100018,100,99872,100,100021,100,99846,100,100025,100,99841,100,100036,200,99814,100
2019-06-28 09:38:30.000000000,99934,584,99911,584,99939,100,99900,100,99955,3,99896,100,99995,100,99895,100,100011,100,99892,100,100018,100,99881,100,100021,100,99872,100,100025,100,99846,100,100036,200,99841,100,100053,100,99814,100
2019-06-28 09:38:30.376163516,99934,684,99911,584,99939,100,99900,100,99955,3,99896,100,99995,100,99895,100,100011,100,99892,100,100018,100,99881,100,100021,100,99872,100,100025,100,99846,100,100036,200,99841,100,100073,100,99814,100
2019-06-28 09:38:40.000000000,99934,442,99911,342,99939,342,99900,342,99955,3,99896,100,99995,100,99895,100,100011,100,99892,100,100018,100,99881,100,100021,100,99872,100,100025,100,99846,100,100036,200,99841,100,100073,100,99814,100
2019-06-28 09:38:40.232618353,99934,442,99911,242,99939,342,99900,342,99955,3,99896,100,99995,100,99895,100,100011,100,99892,100,100018,100,99881,100,100021,100,99872,100,100025,100,99846,100,100036,200,99841,100,100073,100,99814,100
2019-06-28 09:38:43.875028749,99922,100,99911,242,99934,442,99900,342,99939,342,99896,100,99955,3,99895,100,99995,100,99892,100,100011,100,99881,100,100018,100,99872,100,100021,100,99846,100,100025,100,99841,100,100036,200,99814,100
2019-06-28 09:38:50.000000000,99922,197,99900,197,99934,297,99896,197,99939,197,99895,197,99955,100,99892,197,99995,197,99881,197,100011,100,99872,100,100018,100,99846,100,100021,100,99841,100,100025,100,99814,100,100036,200,99799,100
2019-06-28 09:39:00.000000000,99922,584,99900,584,99934,200,99896,100,99939,100,99895,100,99955,3,99892,100,99995,100,99881,100,100011,100,99872,100,100018,100,99846,100,100021,100,99841,100,100025,100,99814,100,100036,200,99799,100
2019-06-28 09:39:10.000000000,99922,342,99900,342,99934,442,99896,342,99939,100,99895,100,99955,3,99892,100,99995,100,99881,100,100011,100,99872,100,100018,100,99846,100,100021,100,99841,100,100025,100,99814,100,100036,200,99799,100
2019-06-28 09:39:20.000000000,99922,197,99900,197,99934,297,99896,197,99939,197,99895,197,99955,100,99892,197,99995,197,99881,197,100011,100,99872,100,100018,100,99846,100,100021,100,99841,100,100025,100,99814,100,100036,200,99799,100
2019-06-28 09:39:30.000000000,99922,584,99900,584,99934,200,99896,100,99939,100,99895,100,99955,3,99892,100,99995,100,99881,100,100011,100,99872,100,100018,100,99846,100,100021,100,99841,100,100025,100,99814,100,100036,200,99799,100
2019-06-28 09:39:38.971829768,99922,484,99900,584,99934,200,99896,100,99939,100,99895,100,99955,3,99892,100,99995,100,99881,100,100011,100,99872,100,100018,100,99846,100,100021,100,99841,100,100025,100,99814,100,100036,200,99799,100
2019-06-28 09:39:40.000000000,99934,684,99900,584,99939,100,99896,100,99955,3,99895,100,99995,100,99892,100,100011,100,99881,100,100018,100,99872,100,100021,100,99846,100,100025,100,99841,100,100036,200,99814,100,100073,100,99799,100
2019-06-28 09:39:48.646644636,99934,684,99900,584,99939,100,99896,100,99955,3,99895,100,99995,100,99892,100,100011,100,99881,100,100018,100,99872,100,100021,100,99846,100,100025,100,99841,100,100036,200,99814,100,100073,100,99799,100
2019-06-28 09:39:50.000000000,99934,684,99900,584,99939,100,99896,100,99955,3,99895,100,99995,100,99892,100,100011,100,99881,100,100018,100,99872,100,100021,100,99846,100,100025,100,99841,100,100036,200,99814,100,100073,100,99799,100
2019-06-28 09:39:54.613949745,99934,584,99900,584,99939,100,99896,100,99955,3,99895,100,99995,100,99892,100,100011,100,99881,100,100018,100,99872,100,100021,100,99846,100,100025,100,99841,100,100036,200,99814,100,100073,100,99799,100
2019-06-28 09:40:00.000000000,99934,342,99900,342,99939,342,99896,342,99955,3,99895,100,99995,100,99892,100,100011,100,99881,100,100018,100,99872,100,100021,100,99846,100,100025,100,99841,100,100036,200,99814,100,100073,100,99799,100
2019-06-28 09:40:10.000000000,99934,342,99900,342,99939,342,99896,342,99955,3,99895,100,99995,100,99892,100,100011,100,99881,100,100018,100,99872,100,100021,100,99846,100,100025,100,99841,100,100036,200,99814,100,100073,100,99799,100
2019-06-28 09:40:13.429926311,99934,342,99900,342,99939,342,99896,342,99955,3,99895,100,99995,100,99892,100,100011,100,99881,100,100018,100,99872,100,100021,100,99846,100,100025,100,99841,100,100036,200,99814,100,100073,100,99799,100
2019-06-28 09:40:18.221915463,99934,342,99900,342,99939,342,99896,342,99955,3,99895,100,99995,100,99892,100,100011,100,99881,100,100018,100,99872,100,100021,100,99846,100,100025,100,99841,100,100036,200,99814,100,100073,100,99799,100
2019-06-28 09:40:20.000000000,99934,584,99900,584,99939,100,99896,100,99955,3,99895,100,99995,100,99892,100,100011,100,99881,100,100018,100,99872,100,100021,100,99846,100,100025,100,99841,100,100036,200,99814,100,100073,100,99799,100
2019-06-28 09:40:30.000000000,99934,342,99900,342,99939,342,99896,342,99955,3,99895,100,99995,100,99892,100,100011,100,99881,100,100018,100,99872,100,100021,100,99846,100,100025,100,99841,100,100036,200,99814,100,100073,100,99799,100
2019-06-28 09:40:40.000000000,99934,342,99900,342,99939,342,99896,342,99955,3,99895,100,99995,100,99892,100,100011,100,99881,100,100018,100,99872,100,100021,100,99846,100,100025,100,99841,100,100036,200,99814,100,100073,100,99799,100
2019-06-28 09:40:42.021749376,99934,342,99900,342,99939,342,99896,242,99955,3,99895,100,99995,100,99892,100,100011,100,99881,100,100018,100,99872,100,100021,100,99846,100,100025,100,99841,100,100036,200,99814,100,100073,100,99799,100
2019-06-28 09:40:45.938304257,99934,342,99900,342,99939,342,99896,242,99955,3,99895,100,99995,100,99892,100,100011,100,99881,100,100018,100,99872,100,100021,100,99846,100,100025,100,99841,100,100036,200,99799,100,100073,100,99695,100
2019-06-28 09:40:50.000000000,99934,221,99900,221,99939,221,99895,221,99955,124,99892,221,99995,221,99881,221,100011,100,99872,100,100018,100,99846,100,100021,100,99841,100,100025,100,99799,100,100036,200,99695,100,100073,100,99631,100
2019-06-28 09:41:00.000000000,99934,584,99900,584,99939,100,99895,100,99955,3,99892,100,99995,100,99881,100,100011,100,99872,100,100018,100,99846,100,100021,100,99841,100,100025,100,99799,100,100036,200,99695,100,100073,100,99631,100
2019-06-28 09:41:10.000000000,99934,265,99900,265,99939,260,99895,260,99955,163,99892,260,99995,100,99881,100,100011,100,99872,100,100018,100,99846,100,100021,100,99841,100,100025,100,99799,100,100036,200,99695,100,100073,100,99631,100
2019-06-28 09:41:16.723238157,99934,265,99900,265,99939,260,99895,260,99955,163,99892,260,99995,100,99881,100,100011,100,99874,100,100018,100,99872,100,100021,100,99846,100,100025,100,99841,100,100036,200,99799,100,100073,100,99695,100
2019-06-28 09:41:20.000000000,99934,221,99900,221,99939,221,99895,221,99955,124,99892,221,99995,221,99881,221,100011,100,99874,100,100018,100,99872,100,100021,100,99846,100,100025,100,99841,100,100036,200,99799,100,100073,100,99695,100
2019-06-28 09:41:30.000000000,99934,584,99900,584,99939,100,99895,100,99955,3,99892,100,99995,100,99881,100,100011,100,99874,100,100018,100,99872,100,100021,100,99846,100,100025,100,99841,100,100036,200,99799,100,100073,100,99695,100
2019-06-28 09:41:40.000000000,99934,342,99900,342,99939,342,99895,342,99955,3,99892,100,99995,100,99881,100,100011,100,99874,100,100018,100,99872,100,100021,100,99846,100,100025,100,99841,100,100036,200,99799,100,100073,100,99695,100
2019-06-28 09:41:47.764193775,99934,342,99900,242,99939,342,99895,342,99955,3,99892,100,99995,100,99881,100,100011,100,99874,100,100018,100,99872,100,100021,100,99846,100,100025,100,99841,100,100036,200,99799,100,100073,100,99695,100
2019-06-28 09:41:49.745763869,99934,342,99900,142,99939,342,99895,342,99955,3,99881,100,99995,100,99874,100,100011,100,99872,100,100018,100,99846,100,100021,100,99841,100,100025,100,99799,100,100036,200,99695,100,100073,100,99631,100
2019-06-28 09:41:50.000000000,99934,197,99895,197,99939,197,99881,197,99955,100,99874,197,99995,197,99872,197,100011,197,99846,197,100018,100,99841,100,100021,100,99799,100,100025,100,99695,100,100036,200,99631,100,100073,100,99556,100
2019-06-28 09:41:50.208538326,99900,100,99895,197,99934,197,99881,197,99939,197,99874,197,99955,100,99872,197,99995,197,99846,197,100011,197,99841,100,100018,100,99799,100,100021,100,99695,100,100025,100,99631,100,100036,200,99556,100
2019-06-28 09:41:51.146335150,99900,200,99895,197,99934,197,99881,197,99939,197,99874,197,99955,100,99872,197,99995,197,99846,197,100011,197,99841,100,100018,100,99799,100,100021,100,99695,100,100025,100,99631,100,100036,200,99556,100
2019-06-28 09:42:00.000000000,99900,684,99895,584,99934,100,99881,100,99939,100,99874,100,99955,3,99872,100,99995,100,99846,100,100011,100,99841,100,100018,100,99799,100,100021,100,99695,100,100025,100,99631,100,100036,200,99556,100
2019-06-28 09:42:07.387452145,99900,684,99895,484,99934,100,99881,100,99939,100,99874,100,99955,3,99872,100,99995,100,99846,100,100011,100,99841,100,100018,100,99799,100,100021,100,99695,100,100025,100,99631,100,100036,200,99504,100
2019-06-28 09:42:10.000000000,99900,321,99881,221,99934,221,99874,221,99939,221,99872,221,99955,124,99846,221,99995,100,99841,100,100011,100,99799,100,100018,100,99695,100,100021,100,99631,100,100025,100,99504,100,100036,200,99413,100
2019-06-28 09:42:12.808208643,99900,321,99881,121,99934,221,99874,221,99939,221,99872,221,99955,124,99846,221,99995,100,99841,100,100011,100,99799,100,100018,100,99695,100,100021,100,99631,100,100025,100,99504,100,100036,200,99413,100
2019-06-28 09:42:20.000000000,99900,321,99874,221,99934,221,99872,221,99939,221,99846,221,99955,124,99841,221,99995,100,99799,100,100011,100,99695,100,100018,100,99631,100,100021,100,99504,100,100025,100,99413,100,100036,200,99320,100
2019-06-28 09:42:30.000000000,99900,684,99874,584,99934,100,99872,100,99939,100,99846,100,99955,3,99841,100,99995,100,99799,100,100011,100,99695,100,100018,100,99631,100,100021,100,99504,100,100025,100,99413,100,100036,200,99320,100
2019-06-28 09:42:32.895575195,99900,684,99874,584,99934,100,99872,100,99939,100,99846,100,99955,3,99841,100,99995,100,99799,100,100011,100,99695,100,100018,100,99631,100,100021,100,99521,100,100025,100,99504,100,100036,200,99413,100
2019-06-28 09:42:33.027833451,99900,684,99874,584,99934,100,99872,100,99939,100,99841,100,99955,3,99799,100,99995,100,99695,100,100011,100,99631,100,100018,100,99521,100,100021,100,99504,100,100025,100,99413,100,100036,200,99390,100
2019-06-28 09:42:40.000000000,99900,365,99874,265,99934,260,99872,260,99939,260,99841,260,99955,3,99799,100,99995,100,99695,100,100011,100,99631,100,100018,100,99521,100,100021,100,99504,100,100025,100,99413,100,100036,200,99390,100
2019-06-28 09:42:50.000000000,99900,297,99874,197,99934,197,99872,197,99939,197,99841,197,99955,100,99799,197,99995,197,99695,197,100011,100,99631,100,100018,100,99521,100,100021,100,99504,100,100025,100,99413,100,100036,200,99390,100
2019-06-28 09:42:55.551044235,99900,297,99874,197,99934,197,99872,197,99939,197,99841,197,99955,100,99799,197,99995,197,99695,197,100011,100,99631,100,100018,100,99521,100,100021,100,99504,100,100025,100,99413,100,100036,200,99390,100
2019-06-28 09:43:00.000000000,99900,365,99874,265,99934,260,99872,260,99939,260,99841,260,99955,3,99799,100,99995,100,99695,100,100011,100,99631,100,100018,100,99521,100,100021,100,99504,100,100025,100,99413,100,100036,200,99390,100
2019-06-28 09:43:10.000000000,99900,365,99874,265,99934,260,99872,260,99939,260,99841,260,99955,3,99799,100,99995,100,99695,100,100011,100,99631,100,100018,100,99521,100,100021,100,99504,100,100025,100,99413,100,100036,200,99390,100
2019-06-28 09:43:20.000000000,99900,442,99874,342,99934,342,99872,342,99939,100,99841,100,99955,3,99799,100,99995,100,99695,100,100011,100,99631,100,100018,100,99521,100,100021,100,99504,100,100025,100,99413,100,100036,200,99390,100
2019-06-28 09:43:21.622964620,99900,442,99874,342,99934,342,99872,342,99939,100,99841,100,99955,3,99799,100,99995,100,99695,100,100011,100,99631,100,100018,100,99521,100,100021,100,99504,100,100025,100,99413,100,100036,200,99390,100
2019-06-28 09:43:21.863755411,99900,442,99874,342,99934,342,99872,342,99939,100,99841,100,99955,3,99799,100,99995,100,99695,100,100011,100,99631,100,100018,100,99521,100,100021,100,99504,100,100025,100,99413,100,100036,200,99390,100
2019-06-28 09:43:29.410074874,99900,442,99874,242,99934,342,99872,342,99939,100,99841,100,99955,3,99799,100,99995,100,99695,100,100011,100,99631,100,100018,100,99521,100,100021,100,99504,100,100025,100,99413,100,100036,200,99390,100
2019-06-28 09:43:30.000000000,99900,442,99872,342,99934,342,99841,342,99939,100,99799,100,99955,3,99695,100,99995,100,99631,100,100011,100,99521,100,100018,100,99504,100,100021,100,99413,100,100025,100,99390,100,100036,200,99357,100
2019-06-28 09:43:40.000000000,99900,365,99872,265,99934,260,99841,260,99939,260,99799,260,99955,3,99695,100,99995,100,99631,100,100011,100,99521,100,100018,100,99504,100,100021,100,99413,100,100025,100,99390,100,100036,200,99357,100
2019-06-28 09:43:45.821956517,99900,365,99872,165,99934,260,99841,260,99939,260,99799,260,99955,3,99695,100,99995,100,99631,100,100011,100,99521,100,100018,100,99504,100,100021,100,99413,100,100025,100,99390,100,100036,200,99357,100
2019-06-28 09:43:50.000000000,99900,321,99841,221,99934,221,99799,221,99939,221,99695,221,99955,124,99631,221,99995,100,99521,100,100011,100,99504,100,100018,100,99413,100,100021,100,99390,100,100025,100,99357,100,100036,200,99320,100
2019-06-28 09:43:57.032703643,99900,321,99841,121,99934,221,99799,221,99939,221,99695,221,99955,124,99631,221,99995,100,99521,100,100011,100,99504,100,100018,100,99413,100,100021,100,99390,100,100036,200,99357,100,100073,100,99320,100
2019-06-28 09:44:00.000000000,99900,365,99799,265,99934,260,99695,260,99939,260,99631,260,99955,3,99521,100,99995,100,99504,100,100011,100,99413,100,100018,100,99390,100,100021,100,99357,100,100036,200,99320,100,100073,100,99262,100
2019-06-28 09:44:10.000000000,99900,684,99799,584,99934,100,99695,100,99939,100,99631,100,99955,3,99521,100,99995,100,99504,100,100011,100,99413,100,100018,100,99390,100,100021,100,99357,100,100036,200,99320,100,100073,100,99262,100
2019-06-28 09:44:20.000000000,99900,297,99799,197,99934,197,99695,197,99939,197,99631,197,99955,100,99521,197,99995,197,99504,197,100011,100,99413,100,100018,100,99390,100,100021,100,99357,100,100036,200,99320,100,100073,100,99262,100
2019-06-28 09:44:26.939078395,99900,297,99799,197,99934,197,99695,197,99939,197,99631,197,99955,100,99521,197,99995,197,99504,197,100011,100,99413,100,100018,100,99390,100,100021,100,99357,100,100036,200,99320,100,100073,100,99262,100
2019-06-28 09:44:30.000000000,99900,365,99799,265,99934,260,99695,260,99939,260,99631,260,99955,3,99521,100,99995,100,99504,100,100011,100,99413,100,100018,100,99390,100,100021,100,99357,100,100036,200,99320,100,100073,100,99262,100
2019-06-28 09:44:40.000000000,99900,442,99799,342,99934,342,99695,342,99939,100,99631,100,99955,3,99521,100,99995,100,99504,100,100011,100,99413,100,100018,100,99390,100,100021,100,99357,100,100036,200,99320,100,100073,100,99262,100
2019-06-28 09:44:41.507939616,99872,100,99799,342,99900,342,99695,342,99934,342,99631,100,99939,100,99521,100,99955,3,99504,100,99995,100,99413,100,100011,100,99390,100,100018,100,99357,100,100021,100,99320,100,100036,200,99262,100
2019-06-28 09:44:46.474212791,99872,100,99799,242,99900,342,99695,342,99934,342,99631,100,99939,100,99521,100,99955,3,99504,100,99995,100,99413,100,100011,100,99390,100,100018,100,99357,100,100021,100,99320,100,100036,200,99262,100
2019-06-28 09:44:50.000000000,99872,342,99695,342,99900,342,99631,342,99934,100,99521,100,99939,100,99504,100,99955,3,99413,100,99995,100,99390,100,100011,100,99357,100,100018,100,99320,100,100021,100,99262,100,100036,200,99185,100
2019-06-28 09:45:00.000000000,99872,221,99695,221,99900,221,99631,221,99934,221,99521,221,99939,221,99504,221,99955,3,99413,100,99995,100,99390,100,100011,100,99357,100,100018,100,99320,100,100021,100,99262,100,100036,200,99185,100
2019-06-28 09:45:10.000000000,99872,221,99695,221,99900,221,99631,221,99934,221,99521,221,99939,221,99504,221,99955,3,99413,100,99995,100,99390,100,100011,100,99357,100,100018,100,99320,100,100021,100,99262,100,100036,200,99185,100
2019-06-28 09:45:11.974292330,99841,100,99695,221,99872,221,99631,221,99900,221,99521,221,99934,221,99504,221,99939,221,99413,100,99955,3,99390,100,99995,100,99357,100,100011,100,99320,100,100018,100,99262,100,100021,100,99185,100
2019-06-28 09:45:13.043064724,99841,100,99695,121,99872,221,99631,221,99900,221,99521,221,99934,221,99504,221,99939,221,99413,100,99955,3,99390,100,99995,100,99357,100,100011,100,99320,100,100018,100,99262,100,100021,100,99185,100
2019-06-28 09:45:20.000000000,99841,265,99631,265,99872,260,99521,260,99900,260,99504,260,99934,100,99413,100,99939,100,99390,100,99955,3,99357,100,99995,100,99320,100,100011,100,99262,100,100018,100,99185,100,100021,100,99166,100
2019-06-28 09:45:20.664790161,99841,265,99631,265,99872,260,99521,260,99900,260,99504,260,99934,100,99413,100,99939,100,99390,100,99955,3,99357,100,99995,100,99320,100,100011,100,99262,100,100018,100,99185,100,100021,100,99166,100
2019-06-28 09:45:30.000000000,99841,342,99631,342,99872,342,99521,342,99900,100,99504,100,99934,100,99413,100,99939,100,99390,100,99955,3,99357,100,99995,100,99320,100,100011,100,99262,100,100018,100,99185,100,100021,100,99166,100
2019-06-28 09:45:31.722632781,99799,100,99631,342,99841,342,99521,342,99872,342,99504,100,99900,100,99413,100,99934,100,99390,100,99939,100,99357,100,99955,3,99320,100,99995,100,99262,100,100011,100,99185,100,100018,100,99166,100
2019-06-28 09:45:31.755518819,99799,100,99631,242,99841,342,99521,342,99872,342,99504,100,99900,100,99413,100,99934,100,99390,100,99939,100,99357,100,99955,3,99320,100,99995,100,99262,100,100011,100,99185,100,100018,100,99166,100
2019-06-28 09:45:33.121306223,99799,100,99631,142,99841,342,99521,342,99872,342,99504,100,99900,100,99413,100,99934,100,99390,100,99939,100,99357,100,99955,3,99320,100,99995,100,99262,100,100011,100,99185,100,100018,100,99166,100
2019-06-28 09:45:40.000000000,99799,265,99521,265,99841,260,99504,260,99872,260,99413,260,99900,100,99390,100,99934,100,99357,100,99939,100,99320,100,99955,3,99262,100,99995,100,99185,100,100011,100,99166,100,100018,100,99078,100
2019-06-28 09:45:50.000000000,99799,197,99521,197,99841,197,99504,197,99872,197,99413,197,99900,197,99390,197,99934,197,99357,197,99939,100,99320,100,99955,3,99262,100,99995,100,99185,100,100011,100,99166,100,100018,100,99078,100
2019-06-28 09:45:50.838109236,99799,197,99521,97,99841,197,99504,197,99872,197,99413,197,99900,197,99390,197,99934,197,99357,197,99939,100,99320,100,99995,100,99262,100,100011,100,99185,100,100018,100,99166,100,100021,100,99078,100
2019-06-28 09:45:53.702503396,99521,3,99504,197,99799,197,99413,197,99841,197,99390,197,99872,197,99357,197,99900,197,99320,100,99934,197,99262,100,99939,100,99185,100,99995,100,99166,100,100011,100,99078,100,100018,100,98988,100
2019-06-28 09:45:54.487676995,99521,3,99504,197,99799,197,99413,197,99841,197,99390,197,99872,197,99357,197,99900,197,99320,100,99934,197,99262,100,99939,100,99185,100,99995,100,99166,100,100018,100,99078,100,100021,100,98988,100
2019-06-28 09:45:57.337996759,99521,3,99504,97,99799,197,99413,197,99841,197,99390,197,99872,197,99357,197,99900,197,99320,100,99934,197,99262,100,99939,100,99185,100,99995,100,99166,100,100018,100,98988,100,100021,100,98636,100
2019-06-28 09:46:00.000000000,99521,124,99413,221,99799,221,99390,221,99841,221,99357,221,99872,221,99320,221,99900,100,99262,100,99934,100,99185,100,99939,100,99166,100,99995,100,98988,100,100018,100,98636,100,100021,100,98614,100
2019-06-28 09:46:00.904191710,99521,124,99413,221,99799,221,99390,221,99841,221,99357,221,99872,221,99320,221,99900,100,99262,100,99934,100,99185,100,99939,100,99166,100,99995,100,98988,100,100018,100,98636,100,100021,100,98614,100
2019-06-28 09:46:06.374313500,99521,124,99413,121,99799,221,99390,221,99841,221,99357,221,99872,221,99320,221,99900,100,99262,100,99934,100,99166,100,99939,100,98988,100,99995,100,98636,100,100018,100,98614,100,100021,100,98578,100
2019-06-28 09:46:10.000000000,99521,124,99390,221,99799,221,99357,221,99841,221,99320,221,99872,221,99262,221,99900,100,99166,100,99934,100,98988,100,99939,100,98636,100,99995,100,98614,100,100018,100,98578,100,100021,100,98574,100
2019-06-28 09:46:16.217462296,99504,100,99390,221,99521,124,99357,221,99799,221,99320,221,99841,221,99262,221,99872,221,99166,100,99900,100,98988,100,99934,100,98636,100,99939,100,98614,100,99995,100,98578,100,100018,100,98574,100
2019-06-28 09:46:20.000000000,99504,342,99390,342,99521,245,99357,342,99799,100,99320,100,99841,100,99262,100,99872,100,99166,100,99900,100,98988,100,99934,100,98636,100,99939,100,98614,100,99995,100,98578,100,100018,100,98574,100
2019-06-28 09:46:26.029609458,99504,342,99390,342,99521,245,99357,342,99799,100,99320,100,99872,100,99262,100,99900,100,99166,100,99934,100,98988,100,99939,100,98636,100,99995,100,98614,100,100018,100,98578,100,100021,100,98574,100
2019-06-28 09:46:30.000000000,99504,342,99390,342,99521,245,99357,342,99799,100,99320,100,99872,100,99262,100,99900,100,99166,100,99934,100,98988,100,99939,100,98636,100,99995,100,98614,100,100018,100,98578,100,100021,100,98574,100
2019-06-28 09:46:40.000000000,99504,342,99390,342,99521,245,99357,342,99799,100,99320,100,99872,100,99262,100,99900,100,99166,100,99934,100,98988,100,99939,100,98636,100,99995,100,98614,100,100018,100,98578,100,100021,100,98574,100
2019-06-28 09:46:44.076136618,99504,342,99390,242,99521,245,99357,342,99799,100,99320,100,99872,100,99262,100,99900,100,99166,100,99934,100,98988,100,99939,100,98636,100,99995,100,98614,100,100018,100,98578,100,100021,100,98574,100
2019-06-28 09:46:45.833354128,99504,342,99390,142,99521,245,99357,342,99799,100,99320,100,99872,100,99262,100,99900,100,99166,100,99934,100,98988,100,99939,100,98614,100,99995,100,98578,100,100018,100,98574,100,100021,100,,
2019-06-28 09:46:50.000000000,99504,265,99357,265,99521,163,99320,260,99799,260,99262,260,99872,100,99166,100,99900,100,98988,100,99934,100,98614,100,99939,100,98578,100,99995,100,98574,100,100018,100,,,100021,100,,
2019-06-28 09:46:51.632048831,99504,265,99357,265,99521,163,99320,260,99799,260,99262,260,99872,100,99166,100,99900,100,98988,100,99934,100,98645,100,99939,100,98614,100,99995,100,98578,100,100018,100,98574,100,100021,100,,
2019-06-28 09:47:00.000000000,99504,584,99357,584,99521,3,99320,100,99799,100,99262,100,99872,100,99166,100,99900,100,98988,100,99934,100,98645,100,99939,100,98614,100,99995,100,98578,100,100018,100,98574,100,100021,100,,
2019-06-28 09:47:03.853842638,99504,584,99357,484,99521,3,99320,100,99799,100,99262,100,99872,100,99166,100,99900,100,98988,100,99934,100,98645,100,99939,100,98614,100,99995,100,98578,100,100018,100,98574,100,100021,100,,
2019-06-28 09:47:05.751230869,99504,584,99357,384,99521,3,99320,100,99799,100,99262,100,99872,100,99166,100,99900,100,98988,100,99934,100,98645,100,99939,100,98614,100,99995,100,98578,100,100018,100,98574,100,100021,100,,
2019-06-28 09:47:10.000000000,99504,584,99320,584,99521,3,99262,100,99799,100,99166,100,99872,100,98988,100,99900,100,98645,100,99934,100,98614,100,99939,100,98578,100,99995,100,98574,100,100018,100,,,100021,100,,
2019-06-28 09:47:20.000000000,99504,221,99320,221,99521,124,99262,221,99799,221,99166,221,99872,221,98988,221,99900,100,98645,100,99934,100,98614,100,99939,100,98578,100,99995,100,98574,100,100018,100,,,100021,100,,
2019-06-28 09:47:23.791151753,99357,100,99320,221,99504,221,99262,221,99521,124,99166,221,99799,221,98988,221,99872,221,98645,100,99900,100,98614,100,99934,100,98578,100,99939,100,98574,100,99995,100,,,100018,100,,
2019-06-28 09:47:30.000000000,99357,197,99320,197,99504,197,99262,197,99521,100,99166,197,99799,197,98988,197,99872,197,98645,197,99900,100,98614,100,99934,100,98578,100,99939,100,98574,100,99995,100,,,100018,100,,
2019-06-28 09:47:40.000000000,99357,584,99320,584,99504,100,99262,100,99521,3,99166,100,99799,100,98988,100,99872,100,98645,100,99900,100,98614,100,99934,100,98578,100,99939,100,98574,100,99995,100,,,100018,100,,
2019-06-28 09:47:50.000000000,99357,197,99320,197,99504,197,99262,197,99521,100,99166,197,99799,197,98988,197,99872,197,98645,197,99900,100,98614,100,99934,100,98578,100,99939,100,98574,100,99995,100,,,100018,100,,
2019-06-28 09:47:51.419156713,99357,197,99320,97,99504,197,99262,197,99521,100,99166,197,99799,197,98988,197,99872,197,98645,197,99900,100,98614,100,99934,100,98578,100,99939,100,98574,100,99995,100,,,100018,100,,
2019-06-28 09:47:56.343325527,99320,3,99262,197,99357,197,99166,197,99504,197,98988,197,99521,100,98645,197,99799,197,98614,100,99872,197,98578,100,99900,100,98574,100,99934,100,,,99939,100,,,99995,100,,
2019-06-28 09:48:00.000000000,99320,100,99262,197,99357,197,99166,197,99504,197,98988,197,99521,100,98645,197,99799,197,98614,197,99872,100,98578,100,99900,100,98574,100,99934,100,,,99939,100,,,99995,100,,
2019-06-28 09:48:04.934880475,99320,100,99262,197,99357,197,99166,197,99504,197,98988,197,99521,100,98797,100,99799,197,98645,197,99872,100,98614,197,99900,100,98578,100,99934,100,98574,100,99939,100,,,99995,100,,
2019-06-28 09:48:10.000000000,99320,487,99262,584,99357,100,99166,100,99504,100,98988,100,99521,3,98797,100,99799,100,98645,100,99872,100,98614,100,99900,100,98578,100,99934,100,98574,100,99939,100,,,99995,100,,
2019-06-28 09:48:18.325347084,99320,487,99262,584,99357,100,99166,100,99504,100,98988,100,99521,3,98797,100,99799,100,98702,100,99872,100,98645,100,99900,100,98614,100,99934,100,98578,100,99939,100,98574,100,99995,100,,
2019-06-28 09:48:20.000000000,99320,245,99262,342,99357,342,99166,342,99504,100,98988,100,99521,3,98797,100,99799,100,98702,100,99872,100,98645,100,99900,100,98614,100,99934,100,98578,100,99939,100,98574,100,99995,100,,
2019-06-28 09:48:30.000000000,99320,168,99262,265,99357,260,99166,260,99504,260,98988,260,99521,3,98797,100,99799,100,98702,100,99872,100,98645,100,99900,100,98614,100,99934,100,98578,100,99939,100,98574,100,99995,100,,
2019-06-28 09:48:40.000000000,99320,168,99262,265,99357,260,99166,260,99504,260,98988,260,99521,3,98797,100,99799,100,98702,100,99872,100,98645,100,99900,100,98614,100,99934,100,98578,100,99939,100,98574,100,99995,100,,
2019-06-28 09:48:46.927110435,99320,168,99262,265,99357,260,99166,260,99504,260,98988,260,99521,3,98797,100,99799,100,98702,100,99872,100,98645,100,99900,100,98614,100,99934,100,98578,100,99939,100,98574,100,99995,100,98373,100
2019-06-28 09:48:50.000000000,99320,124,99262,221,99357,221,99166,221,99504,221,98988,221,99521,124,98797,221,99799,100,98702,100,99872,100,98645,100,99900,100,98614,100,99934,100,98578,100,99939,100,98574,100,99995,100,98373,100
2019-06-28 09:48:58.482009106,99320,124,99262,221,99357,221,99166,221,99504,221,98988,221,99521,124,98797,221,99799,100,98702,100,99872,100,98645,100,99900,100,98578,100,99934,100,98574,100,99939,100,98373,100,99995,100,98353,100
2019-06-28 09:49:00.000000000,99320,124,99262,221,99357,221,99166,221,99504,221,98988,221,99521,124,98797,221,99799,100,98702,100,99872,100,98645,100,99900,100,98578,100,99934,100,98574,100,99939,100,98373,100,99995,100,98353,100
2019-06-28 09:49:10.000000000,99320,245,99262,342,99357,342,99166,342,99504,100,98988,100,99521,3,98797,100,99799,100,98702,100,99872,100,98645,100,99900,100,98578,100,99934,100,98574,100,99939,100,98373,100,99995,100,98353,100
2019-06-28 09:49:20.000000000,99320,168,99262,265,99357,260,99166,260,99504,260,98988,260,99521,3,98797,100,99799,100,98702,100,99872,100,98645,100,99900,100,98578,100,99934,100,98574,100,99939,100,98373,100,99995,100,98353,100
2019-06-28 09:49:30.000000000,99320,100,99262,197,99357,197,99166,197,99504,197,98988,197,99521,100,98797,197,99799,197,98702,197,99872,100,98645,100,99900,100,98578,100,99934,100,98574,100,99939,100,98373,100,99995,100,98353,100
2019-06-28 09:49:40.000000000,99320,124,99262,221,99357,221,99166,221,99504,221,98988,221,99521,124,98797,221,99799,100,98702,100,99872,100,98645,100,99900,100,98578,100,99934,100,98574,100,99939,100,98373,100,99995,100,98353,100
2019-06-28 09:49:41.252588615,99320,124,99262,121,99357,221,99166,221,99504,221,98988,221,99521,124,98797,221,99799,100,98702,100,99872,100,98645,100,99900,100,98578,100,99934,100,98574,100,99939,100,98373,100,99995,100,98353,100
2019-06-28 09:49:44.569789322,99320,124,99262,121,99357,121,99166,221,99504,221,98988,221,99521,124,98797,221,99799,100,98702,100,99872,100,98645,100,99900,100,98578,100,99934,100,98574,100,99939,100,98373,100,99995,100,98353,100
2019-06-28 09:49:50.000000000,99320,168,99166,265,99504,260,98988,260,99521,163,98797,260,99799,100,98702,100,99872,100,98645,100,99900,100,98578,100,99934,100,98574,100,99939,100,98373,100,99995,100,98353,100,100018,100,,
2019-06-28 09:50:00.000000000,99320,245,99166,342,99504,342,98988,342,99521,3,98797,100,99799,100,98702,100,99872,100,98645,100,99900,100,98578,100,99934,100,98574,100,99939,100,98373,100,99995,100,98353,100,100018,100,,
2019-06-28 09:50:00.623423478,99320,245,99166,242,99504,342,98988,342,99521,3,98797,100,99799,100,98702,100,99872,100,98645,100,99900,100,98578,100,99934,100,98574,100,99939,100,98373,100,99995,100,98353,100,100018,100,,
2019-06-28 09:50:03.210900956,99320,245,99166,242,99504,342,98988,342,99521,3,98797,100,99799,100,98702,100,99872,100,98645,100,99900,100,98578,100,99934,100,98574,100,99939,100,98353,100,99995,100,98286,100,100018,100,,
2019-06-28 09:50:10.000000000,99320,124,98988,221,99504,221,98797,221,99521,124,98702,221,99799,221,98645,221,99872,100,98578,100,99900,100,98574,100,99934,100,98353,100,99939,100,98286,100,99995,100,,,100018,100,,
2019-06-28 09:50:20.000000000,99320,168,98988,265,99504,260,98797,260,99521,163,98702,260,99799,100,98645,100,99872,100,98578,100,99900,100,98574,100,99934,100,98353,100,99939,100,98286,100,99995,100,,,100018,100,,
2019-06-28 09:50:21.172117246,99027,100,98988,265,99320,168,98797,260,99504,260,98702,260,99521,163,98645,100,99799,100,98578,100,99872,100,98574,100,99900,100,98353,100,99934,100,98286,100,99939,100,,,99995,100,,
2019-06-28 09:50:23.907125066,99027,100,98988,165,99320,168,98797,260,99504,260,98702,260,99521,163,98645,100,99799,100,98578,100,99872,100,98574,100,99900,100,98353,100,99934,100,98286,100,99939,100,,,99995,100,,
2019-06-28 09:50:30.000000000,99027,584,98797,584,99320,3,98702,100,99504,100,98645,100,99521,3,98578,100,99799,100,98574,100,99872,100,98353,100,99900,100,98286,100,99934,100,,,99939,100,,,99995,100,,
2019-06-28 09:50:34.388675525,99027,584,98797,584,99320,3,98702,100,99504,100,98667,100,99521,3,98645,100,99799,100,98578,100,99872,100,98574,100,99900,100,98353,100,99934,100,98286,100,99939,100,,,99995,100,,
2019-06-28 09:50:40.000000000,99027,584,98797,584,99320,3,98702,100,99504,100,98667,100,99521,3,98645,100,99799,100,98578,100,99872,100,98574,100,99900,100,98353,100,99934,100,98286,100,99939,100,,,99995,100,,
2019-06-28 09:50:50.000000000,99027,265,98797,265,99320,163,98702,260,99504,260,98667,260,99521,3,98645,100,99799,100,98578,100,99872,100,98574,100,99900,100,98353,100,99934,100,98286,100,99939,100,,,99995,100,,
2019-06-28 09:50:53.739728158,99027,265,98944,100,99320,163,98797,265,99504,260,98702,260,99521,3,98667,260,99799,100,98645,100,99872,100,98578,100,99900,100,98574,100,99934,100,98286,100,99939,100,,,99995,100,,
2019-06-28 09:51:00.000000000,99027,342,98944,342,99320,245,98797,342,99504,100,98702,100,99521,3,98667,100,99799,100,98645,100,99872,100,98578,100,99900,100,98574,100,99934,100,98286,100,99939,100,,,99995,100,,
2019-06-28 09:51:10.000000000,99027,342,98944,342,99320,245,98797,342,99504,100,98702,100,99521,3,98667,100,99799,100,98645,100,99872,100,98578,100,99900,100,98574,100,99934,100,98286,100,99939,100,,,99995,100,,
2019-06-28 09:51:20.000000000,99027,342,98944,342,99320,245,98797,342,99504,100,98702,100,99521,3,98667,100,99799,100,98645,100,99872,100,98578,100,99900,100,98574,100,99934,100,98286,100,99939,100,,,99995,100,,
2019-06-28 09:51:27.760226254,99027,342,98944,242,99320,245,98797,342,99504,100,98702,100,99521,3,98667,100,99799,100,98645,100,99872,100,98578,100,99900,100,98574,100,99934,100,98286,100,99939,100,,,99995,100,,
2019-06-28 09:51:30.000000000,99027,265,98797,265,99320,163,98702,260,99504,260,98667,260,99521,3,98645,100,99799,100,98578,100,99872,100,98574,100,99900,100,98286,100,99934,100,,,99939,100,,,99995,100,,
2019-06-28 09:51:40.000000000,99027,265,98797,265,99320,163,98702,260,99504,260,98667,260,99521,3,98645,100,99799,100,98578,100,99872,100,98574,100,99900,100,98286,100,99934,100,,,99939,100,,,99995,100,,
2019-06-28 09:51:50.000000000,99027,342,98797,342,99320,245,98702,342,99504,100,98667,100,99521,3,98645,100,99799,100,98578,100,99872,100,98574,100,99900,100,98286,100,99934,100,,,99939,100,,,99995,100,,
2019-06-28 09:51:56.299672494,99027,342,98797,342,99320,245,98796,100,99504,100,98702,342,99521,3,98667,100,99799,100,98645,100,99872,100,98578,100,99900,100,98574,100,99934,100,98286,100,99939,100,,,99995,100,,
2019-06-28 09:52:00.000000000,99027,197,98797,197,99320,100,98796,197,99504,197,98702,197,99521,100,98667,197,99799,197,98645,197,99872,100,98578,100,99900,100,98574,100,99934,100,98286,100,99939,100,,,99995,100,,
2019-06-28 09:52:03.940708648,99027,197,98989,100,99320,100,98797,197,99504,197,98796,197,99521,100,98702,197,99799,197,98667,197,99872,100,98645,197,99900,100,98578,100,99934,100,98574,100,99939,100,98286,100,99995,100,,
2019-06-28 09:52:10.000000000,99027,584,98989,584,99320,3,98797,100,99504,100,98796,100,99521,3,98702,100,99799,100,98667,100,99872,100,98645,100,99900,100,98578,100,99934,100,98574,100,99939,100,98286,100,99995,100,,
2019-06-28 09:52:20.000000000,99027,584,98989,584,99320,3,98797,100,99504,100,98796,100,99521,3,98702,100,99799,100,98667,100,99872,100,98645,100,99900,100,98578,100,99934,100,98574,100,99939,100,98286,100,99995,100,,
2019-06-28 09:52:30.000000000,99027,221,98989,221,99320,124,98797,221,99504,221,98796,221,99521,124,98702,221,99799,100,98667,100,99872,100,98645,100,99900,100,98578,100,99934,100,98574,100,99939,100,98286,100,99995,100,,
2019-06-28 09:52:36.236663200,99027,221,98989,221,99116,100,98797,221,99320,124,98796,221,99504,221,98702,221,99521,124,98667,100,99799,100,98645,100,99872,100,98578,100,99900,100,98574,100,99934,100,98286,100,99939,100,,
2019-06-28 09:52:37.277068041,99027,221,98989,321,99116,100,98797,221,99320,124,98796,221,99504,221,98702,221,99521,124,98667,100,99799,100,98645,100,99872,100,98578,100,99900,100,98574,100,99934,100,98286,100,99939,100,,
2019-06-28 09:52:40.000000000,99027,342,98989,442,99116,342,98797,342,99320,3,98796,100,99504,100,98702,100,99521,3,98667,100,99799,100,98645,100,99872,100,98578,100,99900,100,98574,100,99934,100,98286,100,99939,100,,
2019-06-28 09:52:41.776063109,99027,342,98989,542,99116,342,98797,342,99320,3,98796,100,99504,100,98702,100,99521,3,98667,100,99799,100,98645,100,99872,100,98578,100,99900,100,98574,100,99934,100,98286,100,99939,100,,
2019-06-28 09:52:50.000000000,99027,197,98989,397,99116,197,98797,197,99320,100,98796,197,99504,197,98702,197,99521,100,98667,197,99799,100,98645,100,99872,100,98578,100,99900,100,98574,100,99934,100,98286,100,99939,100,,
2019-06-28 09:52:59.494677450,99027,197,98989,397,99116,197,98797,197,99267,100,98796,197,99320,100,98702,197,99504,197,98667,197,99521,100,98645,100,99799,100,98578,100,99872,100,98574,100,99900,100,98286,100,99934,100,,
2019-06-28 09:53:00.000000000,99027,584,98989,784,99116,100,98797,100,99267,100,98796,100,99320,3,98702,100,99504,100,98667,100,99521,3,98645,100,99799,100,98578,100,99872,100,98574,100,99900,100,98286,100,99934,100,,
2019-06-28 09:53:10.000000000,99027,584,98989,784,99116,100,98797,100,99267,100,98796,100,99320,3,98702,100,99504,100,98667,100,99521,3,98645,100,99799,100,98578,100,99872,100,98574,100,99900,100,98286,100,99934,100,,
2019-06-28 09:53:15.923909396,99027,584,98989,784,99116,100,98797,100,99267,100,98796,100,99320,3,98702,100,99504,100,98667,100,99521,3,98645,100,99781,100,98578,100,99799,100,98574,100,99872,100,98286,100,99900,100,,
2019-06-28 09:53:20.000000000,99027,265,98989,465,99116,260,98797,260,99267,260,98796,260,99320,3,98702,100,99504,100,98667,100,99521,3,98645,100,99781,100,98578,100,99799,100,98574,100,99872,100,98286,100,99900,100,,
2019-06-28 09:53:30.000000000,99027,197,98989,397,99116,197,98797,197,99267,197,98796,197,99320,100,98702,197,99504,197,98667,197,99521,3,98645,100,99781,100,98578,100,99799,100,98574,100,99872,100,98286,100,99900,100,,
2019-06-28 09:53:38.502609659,99027,197,98989,397,99116,197,98797,197,99233,100,98796,197,99267,197,98702,197,99320,100,98667,197,99504,197,98645,100,99521,3,98578,100,99781,100,98574,100,99799,100,98286,100,99872,100,,
2019-06-28 09:53:40.000000000,99027,342,98989,542,99116,342,98797,342,99233,100,98796,100,99267,100,98702,100,99320,3,98667,100,99504,100,98645,100,99521,3,98578,100,99781,100,98574,100,99799,100,98286,100,99872,100,,
2019-06-28 09:53:40.380296912,99027,342,98989,542,99116,342,98797,342,99233,100,98796,100,99267,100,98702,100,99320,3,98667,100,99504,100,98645,100,99521,3,98578,100,99669,100,98574,100,99781,100,98286,100,99799,100,,
2019-06-28 09:53:50.000000000,99027,265,98989,465,99116,260,98797,260,99233,260,98796,260,99267,100,98702,100,99320,3,98667,100,99504,100,98645,100,99521,3,98578,100,99669,100,98574,100,99781,100,98286,100,99799,100,,
2019-06-28 09:53:55.840092134,99027,265,98989,465,99116,260,98797,260,99233,260,98796,260,99267,100,98702,100,99320,3,98667,100,99521,3,98645,100,99669,100,98578,100,99781,100,98574,100,99799,100,98286,100,99872,100,,
2019-06-28 09:54:00.000000000,99027,584,98989,784,99116,100,98797,100,99233,100,98796,100,99267,100,98702,100,99320,3,98667,100,99521,3,98645,100,99669,100,98578,100,99781,100,98574,100,99799,100,98286,100,99872,100,,
2019-06-28 09:54:10.000000000,99027,584,98989,784,99116,100,98797,100,99233,100,98796,100,99267,100,98702,100,99320,3,98667,100,99521,3,98645,100,99669,100,98578,100,99781,100,98574,100,99799,100,98286,100,99872,100,,
2019-06-28 09:54:20.000000000,99027,197,98989,397,99116,197,98797,197,99233,197,98796,197,99267,197,98702,197,99320,100,98667,197,99521,3,98645,100,99669,100,98578,100,99781,100,98574,100,99799,100,98286,100,99872,100,,
2019-06-28 09:54:23.656594534,99027,197,98989,397,99116,97,98797,197,99233,197,98796,197,99267,197,98702,197,99320,100,98667,197,99521,3,98645,100,99669,100,98578,100,99724,100,98574,100,99781,100,98286,100,99799,100,,
2019-06-28 09:54:30.000000000,99027,342,98989,542,99233,342,98797,342,99267,100,98796,100,99320,3,98702,100,99521,3,98667,100,99669,100,98645,100,99724,100,98578,100,99781,100,98574,100,99799,100,98286,100,99872,100,,
2019-06-28 09:54:40.000000000,99027,584,98989,784,99233,100,98797,100,99267,100,98796,100,99320,3,98702,100,99521,3,98667,100,99669,100,98645,100,99724,100,98578,100,99781,100,98574,100,99799,100,98286,100,99872,100,,
2019-06-28 09:54:45.555848683,99027,584,98989,784,99233,100,98797,100,99267,100,98796,100,99318,100,98702,100,99521,3,98667,100,99669,100,98645,100,99724,100,98578,100,99781,100,98574,100,99799,100,98286,100,99872,100,,
2019-06-28 09:54:49.924830765,99027,484,98989,784,99233,100,98797,100,99267,100,98796,100,99318,100,98667,100,99521,3,98645,100,99669,100,98578,100,99724,100,98574,100,99781,100,98286,100,99799,100,,,99872,100,,
2019-06-28 09:54:50.000000000,99233,584,98989,784,99267,100,98797,100,99318,100,98796,100,99521,3,98667,100,99669,100,98645,100,99724,100,98578,100,99781,100,98574,100,99799,100,98286,100,99872,100,,,99900,100,,
2019-06-28 09:55:00.000000000,99233,584,98989,784,99267,100,98797,100,99318,100,98796,100,99521,3,98667,100,99669,100,98645,100,99724,100,98578,100,99781,100,98574,100,99799,100,98286,100,99872,100,,,99900,100,,
2019-06-28 09:55:03.975931440,99233,584,99137,100,99267,100,98989,784,99318,100,98797,100,99521,3,98796,100,99669,100,98667,100,99724,100,98645,100,99781,100,98578,100,99799,100,98574,100,99872,100,98286,100,99900,100,,
2019-06-28 09:55:07.030848225,99201,100,99137,100,99233,584,98989,784,99267,100,98797,100,99318,100,98796,100,99521,3,98667,100,99669,100,98645,100,99724,100,98578,100,99781,100,98574,100,99799,100,98286,100,99872,100,,
2019-06-28 09:55:10.000000000,99201,342,99137,342,99233,342,98989,542,99267,100,98797,100,99318,100,98796,100,99521,3,98667,100,99669,100,98645,100,99724,100,98578,100,99781,100,98574,100,99799,100,98286,100,99872,100,,
2019-06-28 09:55:11.912159634,99201,342,99137,342,99233,342,98989,542,99267,100,98797,100,99318,100,98796,100,99503,100,98667,100,99521,3,98645,100,99669,100,98578,100,99724,100,98574,100,99781,100,98286,100,99799,100,,
2019-06-28 09:55:20.000000000,99201,265,99137,265,99233,260,98989,460,99267,260,98797,260,99318,100,98796,100,99503,100,98667,100,99521,3,98645,100,99669,100,98578,100,99724,100,98574,100,99781,100,98286,100,99799,100,,
2019-06-28 09:55:30.000000000,99201,197,99137,197,99233,197,98989,397,99267,197,98797,197,99318,197,98796,197,99503,197,98667,197,99521,3,98645,100,99669,100,98578,100,99724,100,98574,100,99781,100,98286,100,99799,100,,
2019-06-28 09:55:33.383658517,99201,197,99137,197,99233,197,98989,397,99267,197,98797,197,99318,197,98796,197,99503,197,98667,197,99521,3,98645,100,99669,100,98578,100,99724,100,98574,100,99781,100,98286,100,99799,100,,
2019-06-28 09:55:40.000000000,99201,197,99137,197,99233,197,98989,397,99267,197,98797,197,99318,197,98796,197,99503,197,98667,197,99521,3,98645,100,99669,100,98578,100,99724,100,98574,100,99781,100,98286,100,99799,100,,
2019-06-28 09:55:47.659924320,99201,197,99137,197,99233,197,98990,100,99267,197,98989,397,99318,197,98797,197,99503,197,98796,197,99521,3,98667,197,99669,100,98645,100,99724,100,98578,100,99781,100,98574,100,99799,100,98286,100
2019-06-28 09:55:49.544392381,99201,97,99137,197,99233,197,98990,100,99267,197,98989,397,99318,197,98797,197,99503,197,98796,197,99521,3,98667,197,99669,100,98645,100,99724,100,98578,100,99781,100,98286,100,99799,100,,
2019-06-28 09:55:50.000000000,99233,221,99137,221,99267,221,98990,221,99318,221,98989,421,99503,221,98797,221,99521,3,98796,100,99669,100,98667,100,99724,100,98645,100,99781,100,98578,100,99799,100,98286,100,99872,100,,
2019-06-28 09:56:00.000000000,99233,197,99137,197,99267,197,98990,197,99318,197,98989,397,99503,197,98797,197,99521,100,98796,197,99669,100,98667,100,99724,100,98645,100,99781,100,98578,100,99799,100,98286,100,99872,100,,
2019-06-28 09:56:09.788618565,99200,100,99137,197,99233,197,98990,197,99267,197,98989,397,99318,197,98797,197,99503,197,98796,197,99521,100,98667,100,99669,100,98645,100,99724,100,98578,100,99781,100,98286,100,99799,100,,
2019-06-28 09:56:10.000000000,99200,342,99137,342,99233,342,98990,342,99267,100,98989,300,99318,100,98797,100,99503,100,98796,100,99521,3,98667,100,99669,100,98645,100,99724,100,98578,100,99781,100,98286,100,99799,100,,
2019-06-28 09:56:20.000000000,99200,265,99137,265,99233,260,98990,260,99267,260,98989,460,99318,100,98797,100,99503,100,98796,100,99521,3,98667,100,99669,100,98645,100,99724,100,98578,100,99781,100,98286,100,99799,100,,
2019-06-28 09:56:30.000000000,99200,584,99137,584,99233,100,98990,100,99267,100,98989,300,99318,100,98797,100,99503,100,98796,100,99521,3,98667,100,99669,100,98645,100,99724,100,98578,100,99781,100,98286,100,99799,100,,
2019-06-28 09:56:35.654483230,99200,584,99137,584,99233,100,98990,100,99267,100,98989,300,99318,100,98797,100,99503,100,98796,100,99521,3,98667,100,99574,100,98645,100,99669,100,98578,100,99724,100,98286,100,99781,100,,
2019-06-28 09:56:40.000000000,99200,342,99137,342,99233,342,98990,342,99267,100,98989,300,99318,100,98797,100,99503,100,98796,100,99521,3,98667,100,99574,100,98645,100,99669,100,98578,100,99724,100,98286,100,99781,100,,
2019-06-28 09:56:41.663772534,99200,342,99137,342,99233,342,99027,100,99267,100,98990,342,99318,100,98989,200,99503,100,98797,100,99521,3,98796,100,99574,100,98667,100,99669,100,98645,100,99724,100,98578,100,99781,100,98286,100
2019-06-28 09:56:50.000000000,99200,221,99137,221,99233,221,99027,221,99267,221,98990,221,99318,221,98989,321,99503,100,98797,100,99521,3,98796,100,99574,100,98667,100,99669,100,98645,100,99724,100,98578,100,99781,100,98286,100
2019-06-28 09:57:00.000000000,99200,197,99137,197,99233,197,99027,197,99267,197,98990,197,99318,197,98989,297,99503,197,98797,197,99521,3,98796,100,99574,100,98667,100,99669,100,98645,100,99724,100,98578,100,99781,100,98286,100
2019-06-28 09:57:03.374318882,99200,97,99137,197,99233,197,99027,197,99267,197,98990,197,99318,197,98989,297,99503,197,98797,197,99521,3,98667,100,99574,100,98645,100,99669,100,98578,100,99724,100,98286,100,99781,100,,
2019-06-28 09:57:04.595141170,99233,197,99200,3,99267,197,99137,197,99318,197,99027,197,99503,197,98990,197,99521,3,98989,297,99574,100,98797,197,99669,100,98667,100,99724,100,98645,100,99781,100,98578,100,99799,100,98286,100
2019-06-28 09:57:10.000000000,99233,197,99200,100,99267,197,99137,197,99318,197,99027,197,99503,197,98990,197,99521,100,98989,297,99574,100,98797,100,99669,100,98667,100,99724,100,98645,100,99781,100,98578,100,99799,100,98286,100
2019-06-28 09:57:14.845530148,99233,197,99200,100,99267,197,99137,197,99318,197,99027,197,99503,197,98990,197,99521,100,98989,297,99669,100,98797,100,99724,100,98667,100,99737,100,98645,100,99781,100,98578,100,99799,100,98286,100
2019-06-28 09:57:16.317380759,99233,197,99200,100,99267,197,99137,197,99318,197,99027,197,99503,197,98990,197,99521,200,98989,297,99669,100,98797,100,99724,100,98667,100,99737,100,98645,100,99781,100,98578,100,99799,100,98286,100
2019-06-28 09:57:20.000000000,99233,584,99200,487,99267,100,99137,100,99318,100,99027,100,99503,100,98990,100,99521,103,98989,200,99669,100,98797,100,99724,100,98667,100,99737,100,98645,100,99781,100,98578,100,99799,100,98286,100
2019-06-28 09:57:30.000000000,99233,265,99200,168,99267,260,99137,260,99318,260,99027,260,99503,100,98990,100,99521,103,98989,200,99669,100,98797,100,99724,100,98667,100,99737,100,98645,100,99781,100,98578,100,99799,100,98286,100
2019-06-28 09:57:40.000000000,99233,197,99200,100,99267,197,99137,197,99318,197,99027,197,99503,197,98990,197,99521,200,98989,297,99669,100,98797,100,99724,100,98667,100,99737,100,98645,100,99781,100,98578,100,99799,100,98286,100
2019-06-28 09:57:50.000000000,99233,584,99200,487,99267,100,99137,100,99318,100,99027,100,99503,100,98990,100,99521,103,98989,200,99669,100,98797,100,99724,100,98667,100,99737,100,98645,100,99781,100,98578,100,99799,100,98286,100
2019-06-28 09:57:53.759633758,99233,484,99200,487,99267,100,99137,100,99503,100,99027,100,99521,103,98990,100,99669,100,98989,200,99724,100,98797,100,99737,100,98667,100,99781,100,98645,100,99799,100,98578,100,99872,100,98286,100
2019-06-28 09:57:54.527419423,99233,484,99201,100,99267,100,99200,487,99503,100,99137,100,99521,103,99027,100,99669,100,98990,100,99724,100,98989,200,99737,100,98797,100,99781,100,98667,100,99799,100,98645,100,99872,100,98578,100
2019-06-28 09:58:00.000000000,99267,584,99201,584,99503,100,99200,3,99521,103,99137,100,99669,100,99027,100,99724,100,98990,100,99737,100,98989,200,99781,100,98797,100,99799,100,98667,100,99872,100,98645,100,99900,100,98578,100
2019-06-28 09:58:05.814883944,99267,584,99201,584,99503,100,99200,3,99521,103,99137,100,99624,100,99027,100,99669,100,98990,100,99724,100,98989,200,99737,100,98797,100,99781,100,98667,100,99799,100,98645,100,99872,100,98578,100
2019-06-28 09:58:10.000000000,99267,265,99201,265,99503,260,99200,163,99521,263,99137,260,99624,100,99027,100,99669,100,98990,100,99724,100,98989,200,99737,100,98797,100,99781,100,98667,100,99799,100,98645,100,99872,100,98578,100
2019-06-28 09:58:12.789018197,99267,265,99201,265,99503,260,99200,163,99521,263,99137,260,99604,100,99027,100,99624,100,98990,100,99669,100,98989,200,99724,100,98797,100,99737,100,98667,100,99781,100,98645,100,99799,100,98578,100
2019-06-28 09:58:20.000000000,99267,221,99201,221,99503,221,99200,124,99521,224,99137,221,99604,221,99027,221,99624,100,98990,100,99669,100,98989,200,99724,100,98797,100,99737,100,98667,100,99781,100,98645,100,99799,100,98578,100
2019-06-28 09:58:25.848821733,99267,121,99201,221,99503,221,99200,124,99521,224,99137,221,99604,221,99027,221,99624,100,98990,100,99669,100,98989,200,99724,100,98797,100,99737,100,98667,100,99781,100,98645,100,99799,100,98578,100
2019-06-28 09:58:30.000000000,99503,342,99201,342,99521,345,99200,245,99604,100,99137,100,99624,100,99027,100,99669,100,98990,100,99724,100,98989,200,99737,100,98797,100,99781,100,98667,100,99799,100,98645,100,99872,100,98578,100
2019-06-28 09:58:35.060187206,99503,242,99201,342,99521,345,99200,245,99604,100,99137,100,99624,100,99027,100,99669,100,98990,100,99724,100,98989,200,99737,100,98797,100,99781,100,98667,100,99799,100,98645,100,99872,100,98578,100
2019-06-28 09:58:40.000000000,99521,345,99201,342,99604,342,99200,245,99624,100,99137,100,99669,100,99027,100,99724,100,98990,100,99737,100,98989,200,99781,100,98797,100,99799,100,98667,100,99872,100,98645,100,99900,100,98578,100
2019-06-28 09:58:41.456768339,99521,345,99201,342,99604,342,99200,245,99624,100,99137,100,99641,100,99027,100,99669,100,98990,100,99724,100,98989,200,99737,100,98797,100,99781,100,98667,100,99799,100,98645,100,99872,100,98578,100
2019-06-28 09:58:47.021879598,99521,345,99201,342,99604,342,99200,245,99624,100,99137,100,99641,100,99027,100,99669,100,98990,100,99724,100,98989,200,99737,100,98797,100,99781,100,98645,100,99799,100,98578,100,99850,100,98286,100
2019-06-28 09:58:50.000000000,99521,345,99201,342,99604,342,99200,245,99624,100,99137,100,99641,100,99027,100,99669,100,98990,100,99724,100,98989,200,99737,100,98797,100,99781,100,98645,100,99799,100,98578,100,99850,100,98286,100
2019-06-28 09:58:56.390304125,99521,345,99267,100,99604,342,99201,342,99624,100,99200,245,99641,100,99137,100,99669,100,99027,100,99724,100,98990,100,99737,100,98989,200,99781,100,98797,100,99799,100,98645,100,99850,100,98578,100
2019-06-28 09:59:00.000000000,99521,345,99267,342,99604,342,99201,342,99624,100,99200,3,99641,100,99137,100,99669,100,99027,100,99724,100,98990,100,99737,100,98989,200,99781,100,98797,100,99799,100,98645,100,99850,100,98578,100
2019-06-28 09:59:10.000000000,99521,587,99267,584,99604,100,99201,100,99624,100,99200,3,99641,100,99137,100,99669,100,99027,100,99724,100,98990,100,99737,100,98989,200,99781,100,98797,100,99799,100,98645,100,99850,100,98578,100
2019-06-28 09:59:20.000000000,99521,345,99267,342,99604,342,99201,342,99624,100,99200,3,99641,100,99137,100,99669,100,99027,100,99724,100,98990,100,99737,100,98989,200,99781,100,98797,100,99799,100,98645,100,99850,100,98578,100
2019-06-28 09:59:30.000000000,99521,345,99267,342,99604,342,99201,342,99624,100,99200,3,99641,100,99137,100,99669,100,99027,100,99724,100,98990,100,99737,100,98989,200,99781,100,98797,100,99799,100,98645,100,99850,100,98578,100
2019-06-28 09:59:36.160977447,99521,345,99267,242,99604,342,99201,342,99624,100,99200,3,99641,100,99137,100,99669,100,99027,100,99724,100,98990,100,99737,100,98989,200,99781,100,98797,100,99799,100,98645,100,99850,100,98578,100
2019-06-28 09:59:40.000000000,99521,224,99201,221,99604,221,99200,124,99624,221,99137,221,99641,221,99027,221,99669,100,98990,100,99724,100,98989,200,99737,100,98797,100,99781,100,98645,100,99799,100,98578,100,99850,100,98286,100
2019-06-28 09:59:50.000000000,99521,224,99201,221,99604,221,99200,124,99624,221,99137,221,99641,221,99027,221,99669,100,98990,100,99724,100,98989,200,99737,100,98797,100,99781,100,98645,100,99799,100,98578,100,99850,100,98286,100
2019-06-28 09:59:55.691697850,99521,224,99201,121,99604,221,99200,124,99624,221,99137,221,99641,221,99027,221,99669,100,98990,100,99724,100,98989,200,99737,100,98797,100,99781,100,98645,100,99799,100,98578,100,99850,100,98286,100
2019-06-28 09:59:58.782908085,99521,224,99201,121,99604,221,99200,124,99624,221,99150,100,99641,221,99137,221,99669,100,99027,221,99724,100,98990,100,99737,100,98989,200,99781,100,98797,100,99799,100,98645,100,99850,100,98578,100
2019-06-28 10:00:00.000000000,99521,200,99200,100,99604,197,99150,197,99624,197,99137,197,99641,197,99027,197,99669,197,98990,197,99724,100,98989,200,99737,100,98797,100,99781,100,98645,100,99799,100,98578,100,99850,100,,
2019-06-28 10:00:08.265933479,99521,200,99200,100,99604,197,99150,197,99624,197,99137,197,99641,197,99041,100,99669,197,99027,197,99724,100,98990,197,99737,100,98989,200,99781,100,98797,100,99799,100,98645,100,99850,100,98578,100
2019-06-28 10:00:10.000000000,99521,345,99200,245,99604,342,99150,342,99624,100,99137,100,99641,100,99041,100,99669,100,99027,100,99724,100,98990,100,99737,100,98989,200,99781,100,98797,100,99799,100,98645,100,99850,100,98578,100
2019-06-28 10:00:15.707420748,99521,345,99200,145,99604,242,99150,342,99624,100,99137,100,99641,100,99041,100,99669,100,99027,100,99724,100,98990,100,99737,100,98989,200,99781,100,98797,100,99799,100,98645,100,99850,100,98578,100
2019-06-28 10:00:20.000000000,99521,200,99150,197,99624,197,99137,197,99641,197,99041,197,99669,197,99027,197,99724,197,98990,197,99737,100,98989,200,99781,100,98797,100,99799,100,98645,100,99850,100,98578,100,99872,100,,
2019-06-28 10:00:30.000000000,99521,587,99150,584,99624,100,99137,100,99641,100,99041,100,99669,100,99027,100,99724,100,98990,100,99737,100,98989,200,99781,100,98797,100,99799,100,98645,100,99850,100,98578,100,99872,100,,
2019-06-28 10:00:40.000000000,99521,345,99150,342,99624,342,99137,342,99641,100,99041,100,99669,100,99027,100,99724,100,98990,100,99737,100,98989,200,99781,100,98797,100,99799,100,98645,100,99850,100,98578,100,99872,100,,
2019-06-28 10:00:46.852931842,99272,100,99150,342,99521,345,99137,342,99624,342,99041,100,99641,100,99027,100,99669,100,98990,100,99724,100,98989,200,99737,100,98797,100,99781,100,98645,100,99799,100,98578,100,99850,100,,
2019-06-28 10:00:50.000000000,99272,584,99150,584,99521,103,99137,100,99624,100,99041,100,99641,100,99027,100,99669,100,98990,100,99724,100,98989,200,99737,100,98797,100,99781,100,98645,100,99799,100,98578,100,99850,100,,
2019-06-28 10:00:52.899428570,99272,584,99202,100,99521,103,99150,584,99624,100,99137,100,99641,100,99041,100,99669,100,98990,100,99724,100,98989,200,99737,100,98797,100,99781,100,98645,100,99799,100,98578,100,99850,100,,
2019-06-28 10:00:53.540019145,99272,584,99202,100,99521,103,99150,584,99641,100,99137,100,99669,100,99108,100,99724,100,99041,100,99737,100,98990,100,99781,100,98989,200,99799,100,98797,100,99850,100,98645,100,99872,100,98578,100
2019-06-28 10:00:54.690894228,99272,584,99202,100,99521,103,99165,100,99641,100,99150,584,99669,100,99137,100,99724,100,99108,100,99737,100,99041,100,99781,100,98990,100,99799,100,98989,200,99850,100,98797,100,99872,100,98645,100
2019-06-28 10:01:00.000000000,99272,265,99202,265,99521,263,99165,260,99641,260,99150,260,99669,100,99137,100,99724,100,99108,100,99737,100,99041,100,99781,100,98990,100,99799,100,98989,200,99850,100,98797,100,99872,100,98645,100
2019-06-28 10:01:10.000000000,99272,197,99202,197,99521,200,99165,197,99641,197,99150,197,99669,197,99137,197,99724,197,99108,197,99737,100,99041,100,99781,100,98990,100,99799,100,98989,200,99850,100,98797,100,99872,100,98645,100
2019-06-28 10:01:10.068563804,99272,197,99202,197,99521,200,99165,197,99552,100,99150,197,99641,197,99137,197,99669,197,99108,197,99724,197,99041,100,99737,100,98990,100,99781,100,98989,200,99799,100,98797,100,99850,100,98645,100
2019-06-28 10:01:14.836115881,99272,197,99202,197,99521,200,99165,197,99552,100,99155,100,99641,197,99150,197,99669,197,99137,197,99724,197,99108,197,99737,100,99041,100,99781,100,98990,100,99799,100,98989,200,99850,100,98797,100
2019-06-28 10:01:20.000000000,99272,197,99202,197,99521,200,99165,197,99552,197,99155,197,99641,197,99150,197,99669,197,99137,197,99724,100,99108,100,99737,100,99041,100,99781,100,98990,100,99799,100,98989,200,99850,100,98797,100
2019-06-28 10:01:26.105703707,99266,100,99202,197,99272,197,99165,197,99521,200,99155,197,99552,197,99150,197,99641,197,99137,197,99669,197,99108,100,99724,100,99041,100,99737,100,98990,100,99781,100,98989,200,99799,100,98797,100
2019-06-28 10:01:30.000000000,99266,221,99202,221,99272,221,99165,221,99521,224,99155,221,99552,221,99150,221,99641,100,99137,100,99669,100,99108,100,99724,100,99041,100,99737,100,98990,100,99781,100,98989,200,99799,100,98797,100
2019-06-28 10:01:40.000000000,99266,342,99202,342,99272,342,99165,342,99521,103,99155,100,99552,100,99150,100,99641,100,99137,100,99669,100,99108,100,99724,100,99041,100,99737,100,98990,100,99781,100,98989,200,99799,100,98797,100
2019-06-28 10:01:49.267254295,99266,342,99237,100,99272,342,99202,342,99521,103,99165,342,99552,100,99155,100,99641,100,99150,100,99669,100,99137,100,99724,100,99108,100,99737,100,99041,100,99781,100,98990,100,99799,100,98989,200
2019-06-28 10:01:50.000000000,99266,265,99237,265,99272,260,99202,260,99521,263,99165,260,99552,100,99155,100,99641,100,99150,100,99669,100,99137,100,99724,100,99108,100,99737,100,99041,100,99781,100,98990,100,99799,100,98989,200
2019-06-28 10:02:00.000000000,99266,265,99237,265,99272,260,99202,260,99521,263,99165,260,99552,100,99155,100,99641,100,99150,100,99669,100,99137,100,99724,100,99108,100,99737,100,99041,100,99781,100,98990,100,99799,100,98989,200
2019-06-28 10:02:10.000000000,99266,265,99237,265,99272,260,99202,260,99521,263,99165,260,99552,100,99155,100,99641,100,99150,100,99669,100,99137,100,99724,100,99108,100,99737,100,99041,100,99781,100,98990,100,99799,100,98989,200
2019-06-28 10:02:20.000000000,99266,265,99237,265,99272,260,99202,260,99521,263,99165,260,99552,100,99155,100,99641,100,99150,100,99669,100,99137,100,99724,100,99108,100,99737,100,99041,100,99781,100,98990,100,99799,100,98989,200
2019-06-28 10:02:28.502458510,99266,265,99237,265,99272,260,99202,260,99521,263,99165,260,99552,100,99155,100,99641,100,99150,100,99669,100,99137,100,99724,100,99108,100,99737,100,99041,100,99781,100,98990,100,99799,100,98989,200
2019-06-28 10:02:30.000000000,99266,221,99237,221,99272,221,99202,221,99521,224,99165,221,99552,221,99155,221,99641,100,99150,100,99669,100,99137,100,99724,100,99108,100,99737,100,99041,100,99781,100,98990,100,99799,100,98989,200
2019-06-28 10:02:40.000000000,99266,584,99237,584,99272,100,99202,100,99521,103,99165,100,99552,100,99155,100,99641,100,99150,100,99669,100,99137,100,99724,100,99108,100,99737,100,99041,100,99781,100,98990,100,99799,100,98989,200
2019-06-28 10:02:41.913522417,99266,584,99237,484,99272,100,99202,100,99521,103,99165,100,99552,100,99155,100,99641,100,99150,100,99669,100,99137,100,99724,100,99108,100,99737,100,99041,100,99781,100,98989,200,99799,100,98797,100
2019-06-28 10:02:50.000000000,99266,197,99202,197,99272,197,99165,197,99521,200,99155,197,99552,197,99150,197,99641,197,99137,197,99669,100,99108,100,99724,100,99041,100,99737,100,98989,200,99781,100,98797,100,99799,100,98645,100
2019-06-28 10:03:00.000000000,99266,342,99202,342,99272,342,99165,342,99521,103,99155,100,99552,100,99150,100,99641,100,99137,100,99669,100,99108,100,99724,100,99041,100,99737,100,98989,200,99781,100,98797,100,99799,100,98645,100
2019-06-28 10:03:10.000000000,99266,342,99202,342,99272,342,99165,342,99521,103,99155,100,99552,100,99150,100,99641,100,99137,100,99669,100,99108,100,99724,100,99041,100,99737,100,98989,200,99781,100,98797,100,99799,100,98645,100
2019-06-28 10:03:16.866509881,99266,342,99202,242,99272,342,99165,342,99521,103,99155,100,99552,100,99150,100,99641,100,99108,100,99669,100,99041,100,99724,100,98989,200,99737,100,98797,100,99781,100,98645,100,99799,100,98578,100
2019-06-28 10:03:20.000000000,99266,197,99165,197,99272,197,99155,197,99521,200,99150,197,99552,197,99108,197,99641,197,99041,197,99669,100,98989,200,99724,100,98797,100,99737,100,98645,100,99781,100,98578,100,99799,100,,
2019-06-28 10:03:30.000000000,99266,265,99165,265,99272,260,99155,260,99521,263,99150,260,99552,100,99108,100,99641,100,99041,100,99669,100,98989,200,99724,100,98797,100,99737,100,98645,100,99781,100,98578,100,99799,100,,
2019-06-28 10:03:36.869799916,99266,165,99165,265,99272,260,99155,260,99521,263,99150,260,99552,100,99108,100,99641,100,99041,100,99669,100,98989,200,99724,100,98797,100,99737,100,98645,100,99781,100,98578,100,99799,100,,
2019-06-28 10:03:40.000000000,99272,221,99165,221,99521,224,99155,221,99552,221,99150,221,99641,221,99108,221,99669,100,99041,100,99724,100,98989,200,99737,100,98797,100,99781,100,98645,100,99799,100,98578,100,99872,100,,
2019-06-28 10:03:50.000000000,99272,221,99165,221,99521,224,99155,221,99552,221,99150,221,99641,221,99108,221,99669,100,99041,100,99724,100,98989,200,99737,100,98797,100,99781,100,98645,100,99799,100,98578,100,99872,100,,
2019-06-28 10:04:00.000000000,99272,265,99165,265,99521,263,99155,260,99552,260,99150,260,99641,100,99108,100,99669,100,99041,100,99724,100,98989,200,99737,100,98797,100,99781,100,98645,100,99799,100,98578,100,99872,100,,
2019-06-28 10:04:10.000000000,99272,221,99165,221,99521,224,99155,221,99552,221,99150,221,99641,221,99108,221,99669,100,99041,100,99724,100,98989,200,99737,100,98797,100,99781,100,98645,100,99799,100,98578,100,99872,100,,
2019-06-28 10:04:20.000000000,99272,342,99165,342,99521,345,99155,342,99552,100,99150,100,99641,100,99108,100,99669,100,99041,100,99724,100,98989,200,99737,100,98797,100,99781,100,98645,100,99799,100,98578,100,99872,100,,
2019-06-28 10:04:20.016442101,99272,242,99165,342,99521,345,99155,342,99641,100,99150,100,99669,100,99108,100,99724,100,99041,100,99737,100,98989,200,99781,100,98797,100,99799,100,98645,100,99872,100,98578,100,99900,100,,
2019-06-28 10:04:21.822369504,99272,242,99266,100,99521,345,99165,342,99641,100,99155,342,99669,100,99150,100,99724,100,99108,100,99737,100,99041,100,99781,100,98989,200,99799,100,98797,100,99872,100,98645,100,99900,100,98578,100
2019-06-28 10:04:30.000000000,99521,587,99266,584,99641,100,99165,100,99669,100,99155,100,99724,100,99150,100,99737,100,99108,100,99781,100,99041,100,99799,100,98989,200,99872,100,98797,100,99900,100,98645,100,99934,100,98578,100
2019-06-28 10:04:32.129023220,99504,100,99266,584,99521,587,99165,100,99641,100,99155,100,99669,100,99150,100,99724,100,99108,100,99737,100,99041,100,99781,100,98989,200,99799,100,98797,100,99872,100,98645,100,99900,100,98578,100
2019-06-28 10:04:33.553525802,99504,100,99266,584,99521,587,99165,100,99641,100,99155,100,99669,100,99150,100,99724,100,99108,100,99737,100,99041,100,99753,100,98989,200,99781,100,98797,100,99799,100,98645,100,99872,100,98578,100
2019-06-28 10:04:40.000000000,99504,342,99266,342,99521,345,99165,342,99641,100,99155,100,99669,100,99150,100,99724,100,99108,100,99737,100,99041,100,99753,100,98989,200,99781,100,98797,100,99799,100,98645,100,99872,100,98578,100
2019-06-28 10:04:46.635947670,99504,342,99266,342,99521,345,99165,342,99641,100,99155,100,99669,100,99150,100,99724,100,99108,100,99737,100,98989,200,99753,100,98797,100,99781,100,98645,100,99799,100,98578,100,99819,100,,
2019-06-28 10:04:50.000000000,99504,197,99266,197,99521,200,99165,197,99641,197,99155,197,99669,197,99150,197,99724,197,99108,197,99737,100,98989,200,99753,100,98797,100,99781,100,98645,100,99799,100,98578,100,99819,100,,
2019-06-28 10:04:57.787393579,99504,97,99266,197,99521,200,99165,197,99641,197,99155,197,99669,197,99150,197,99724,197,99108,197,99753,100,98989,200,99781,100,98797,100,99799,100,98645,100,99819,100,98578,100,99872,100,,
2019-06-28 10:05:00.000000000,99521,345,99266,342,99641,342,99165,342,99669,100,99155,100,99724,100,99150,100,99753,100,99108,100,99781,100,98989,200,99799,100,98797,100,99819,100,98645,100,99872,100,98578,100,99900,100,,
2019-06-28 10:05:10.000000000,99521,200,99266,197,99641,197,99165,197,99669,197,99155,197,99724,197,99150,197,99753,197,99108,197,99781,100,98989,200,99799,100,98797,100,99819,100,98645,100,99872,100,98578,100,99900,100,,
2019-06-28 10:05:20.000000000,99521,200,99266,197,99641,197,99165,197,99669,197,99155,197,99724,197,99150,197,99753,197,99108,197,99781,100,98989,200,99799,100,98797,100,99819,100,98645,100,99872,100,98578,100,99900,100,,
2019-06-28 10:05:23.834989106,99503,100,99266,197,99521,200,99165,197,99641,197,99155,197,99669,197,99150,197,99724,197,99108,197,99753,197,98989,200,99781,100,98797,100,99799,100,98645,100,99819,100,98578,100,99872,100,,
2019-06-28 10:05:30.000000000,99503,342,99266,342,99521,345,99165,342,99641,100,99155,100,99669,100,99150,100,99724,100,99108,100,99753,100,98989,200,99781,100,98797,100,99799,100,98645,100,99819,100,98578,100,99872,100,,
2019-06-28 10:05:40.000000000,99503,221,99266,221,99521,224,99165,221,99641,221,99155,221,99669,221,99150,221,99724,100,99108,100,99753,100,98989,200,99781,100,98797,100,99799,100,98645,100,99819,100,98578,100,99872,100,,
2019-06-28 10:05:44.332958744,99503,221,99289,100,99521,224,99266,221,99641,221,99165,221,99669,221,99155,221,99724,100,99150,221,99753,100,99108,100,99781,100,98989,200,99799,100,98797,100,99819,100,98645,100,99872,100,98578,100
2019-06-28 10:05:48.676634626,99503,121,99289,100,99521,224,99266,221,99641,221,99165,221,99669,221,99155,221,99724,100,99150,221,99753,100,99108,100,99781,100,98989,200,99799,100,98797,100,99819,100,98645,100,99872,100,98578,100
2019-06-28 10:05:48.809939219,99503,121,99289,100,99521,224,99266,221,99641,221,99165,221,99669,221,99155,221,99724,100,99150,221,99753,100,99108,100,99781,100,98989,200,99784,100,98797,100,99799,100,98645,100,99872,100,98578,100
2019-06-28 10:05:50.000000000,99521,587,99289,584,99641,100,99266,100,99669,100,99165,100,99724,100,99155,100,99753,100,99150,100,99781,100,99108,100,99784,100,98989,200,99799,100,98797,100,99872,100,98645,100,99934,100,98578,100
2019-06-28 10:06:00.000000000,99521,200,99289,197,99641,197,99266,197,99669,197,99165,197,99724,197,99155,197,99753,197,99150,197,99781,100,99108,100,99784,100,98989,200,99799,100,98797,100,99872,100,98645,100,99934,100,98578,100
2019-06-28 10:06:10.000000000,99521,224,99289,221,99641,221,99266,221,99669,221,99165,221,99724,221,99155,221,99753,100,99150,100,99781,100,99108,100,99784,100,98989,200,99799,100,98797,100,99872,100,98645,100,99934,100,98578,100
2019-06-28 10:06:12.872971143,99521,224,99289,221,99641,221,99266,221,99669,221,99211,100,99724,221,99165,221,99753,100,99155,221,99781,100,99150,100,99784,100,99108,100,99799,100,98989,200,99872,100,98797,100,99934,100,98645,100
2019-06-28 10:06:20.000000000,99521,224,99289,221,99641,221,99266,221,99669,221,99211,221,99724,221,99165,221,99753,100,99155,100,99781,100,99150,100,99784,100,99108,100,99799,100,98989,200,99872,100,98797,100,99934,100,98645,100
2019-06-28 10:06:25.252352560,99502,100,99289,221,99521,224,99266,221,99641,221,99211,221,99669,221,99165,221,99724,221,99155,100,99753,100,99150,100,99781,100,99108,100,99784,100,98989,200,99799,100,98797,100,99872,100,98645,100
2019-06-28 10:06:30.000000000,99502,221,99289,221,99521,224,99266,221,99641,221,99211,221,99669,221,99165,221,99724,100,99155,100,99753,100,99150,100,99781,100,99108,100,99784,100,98989,200,99799,100,98797,100,99872,100,98645,100
2019-06-28 10:06:37.829612609,99502,321,99289,221,99521,224,99266,221,99641,221,99211,221,99669,221,99165,221,99724,100,99155,100,99753,100,99150,100,99781,100,99108,100,99784,100,98989,200,99872,100,98797,100,99939,100,98645,100
2019-06-28 10:06:40.000000000,99502,365,99289,265,99521,263,99266,260,99641,260,99211,260,99669,100,99165,100,99724,100,99155,100,99753,100,99150,100,99781,100,99108,100,99784,100,98989,200,99872,100,98797,100,99939,100,98645,100
2019-06-28 10:06:50.000000000,99502,684,99289,584,99521,103,99266,100,99641,100,99211,100,99669,100,99165,100,99724,100,99155,100,99753,100,99150,100,99781,100,99108,100,99784,100,98989,200,99872,100,98797,100,99939,100,98645,100
2019-06-28 10:06:54.771313431,99502,584,99289,584,99521,103,99266,100,99641,100,99211,100,99669,100,99165,100,99724,100,99155,100,99753,100,99150,100,99781,100,99108,100,99784,100,98989,200,99872,100,98797,100,99939,100,98645,100
2019-06-28 10:07:00.000000000,99502,197,99289,197,99521,200,99266,197,99641,197,99211,197,99669,197,99165,197,99724,197,99155,197,99753,100,99150,100,99781,100,99108,100,99784,100,98989,200,99872,100,98797,100,99939,100,98645,100
2019-06-28 10:07:10.000000000,99502,342,99289,342,99521,345,99266,342,99641,100,99211,100,99669,100,99165,100,99724,100,99155,100,99753,100,99150,100,99781,100,99108,100,99784,100,98989,200,99872,100,98797,100,99939,100,98645,100
2019-06-28 10:07:20.000000000,99502,221,99289,221,99521,224,99266,221,99641,221,99211,221,99669,221,99165,221,99724,100,99155,100,99753,100,99150,100,99781,100,99108,100,99784,100,98989,200,99872,100,98797,100,99939,100,98645,100
2019-06-28 10:07:30.000000000,99502,265,99289,265,99521,263,99266,260,99641,260,99211,260,99669,100,99165,100,99724,100,99155,100,99753,100,99150,100,99781,100,99108,100,99784,100,98989,200,99872,100,98797,100,99939,100,98645,100
2019-06-28 10:07:39.610842895,99502,165,99289,265,99521,263,99266,260,99641,260,99211,260,99669,100,99165,100,99724,100,99155,100,99753,100,99150,100,99781,100,99108,100,99784,100,98989,200,99872,100,98797,100,99939,100,98645,100
2019-06-28 10:07:40.000000000,99521,268,99289,265,99641,260,99266,260,99669,260,99211,260,99724,100,99165,100,99753,100,99155,100,99781,100,99150,100,99784,100,99108,100,99872,100,98989,200,99939,100,98797,100,100021,100,98645,100
2019-06-28 10:07:42.899288758,99521,268,99502,100,99641,260,99289,265,99669,260,99266,260,99724,100,99211,260,99753,100,99165,100,99781,100,99155,100,99784,100,99150,100,99872,100,99108,100,99939,100,98989,200,100021,100,98797,100
2019-06-28 10:07:50.000000000,99521,200,99502,197,99641,197,99289,197,99669,197,99266,197,99724,197,99211,197,99753,197,99165,197,99781,100,99155,100,99784,100,99150,100,99872,100,99108,100,99939,100,98989,200,100021,100,98797,100
2019-06-28 10:08:00.000000000,99521,587,99502,584,99641,100,99289,100,99669,100,99266,100,99724,100,99211,100,99753,100,99165,100,99781,100,99155,100,99784,100,99150,100,99872,100,99108,100,99939,100,98989,200,100021,100,98797,100
2019-06-28 10:08:10.000000000,99521,587,99502,584,99641,100,99289,100,99669,100,99266,100,99724,100,99211,100,99753,100,99165,100,99781,100,99155,100,99784,100,99150,100,99872,100,99108,100,99939,100,98989,200,100021,100,98797,100
2019-06-28 10:08:20.000000000,99521,587,99502,584,99641,100,99289,100,99669,100,99266,100,99724,100,99211,100,99753,100,99165,100,99781,100,99155,100,99784,100,99150,100,99872,100,99108,100,99939,100,98989,200,100021,100,98797,100
