,ask_price_1,ask_size_1,bid_price_1,bid_size_1,ask_price_2,ask_size_2,bid_price_2,bid_size_2,ask_price_3,ask_size_3,bid_price_3,bid_size_3,ask_price_4,ask_size_4,bid_price_4,bid_size_4,ask_price_5,ask_size_5,bid_price_5,bid_size_5,ask_price_6,ask_size_6,bid_price_6,bid_size_6,ask_price_7,ask_size_7,bid_price_7,bid_size_7,ask_price_8,ask_size_8,bid_price_8,bid_size_8,ask_price_9,ask_size_9,bid_price_9,bid_size_9,ask_price_10,ask_size_10,bid_price_10,bid_size_10
2019-06-28 09:30:00.000000004,,,99980,100,,,,,,,,,,,,,,,,,,,,,,,,,,,,,,,,,,,,
2019-06-28 09:30:00.000000008,,,99985,100,,,99980,100,,,99916,100,,,,,,,,,,,,,,,,,,,,,,,,,,,,
2019-06-28 09:30:00.000000009,,,99980,100,,,99966,100,,,99916,100,,,,,,,,,,,,,,,,,,,,,,,,,,,,
2019-06-28 09:30:00.000000010,99984,100,99980,100,,,99966,100,,,99916,100,,,,,,,,,,,,,,,,,,,,,,,,,,,,
2019-06-28 09:30:00.000000011,99984,100,99980,100,,,99977,100,,,99966,100,,,99916,100,,,,,,,,,,,,,,,,,,,,,,,,
2019-06-28 09:30:00.000000012,99984,100,99977,100,100065,100,99966,100,,,99916,100,,,,,,,,,,,,,,,,,,,,,,,,,,,,
2019-06-28 09:30:00.000000013,99984,100,99977,100,100065,100,99966,100,,,99923,100,,,99916,100,,,,,,,,,,,,,,,,,,,,,,,,
2019-06-28 09:30:00.000000014,99984,100,99977,100,100065,100,99966,100,,,99923,100,,,99916,100,,,99900,100,,,,,,,,,,,,,,,,,,,,
2019-06-28 09:30:00.000000023,99984,100,99980,100,100065,100,99977,100,,,99966,100,,,99923,100,,,99916,100,,,99900,100,,,,,,,,,,,,,,,,
2019-06-28 09:30:00.000000024,99984,100,99980,100,99985,100,99977,100,100050,100,99966,100,100065,100,99923,100,,,99916,100,,,99900,100,,,,,,,,,,,,,,,,
2019-06-28 09:30:00.000000025,99984,100,99980,200,99985,100,99977,100,100050,100,99966,100,100065,100,99923,100,,,99916,100,,,99900,100,,,,,,,,,,,,,,,,
2019-06-28 09:30:00.000000026,99984,100,99980,200,99985,100,99977,100,100050,100,99966,100,100065,100,99923,100,,,99916,100,,,99900,100,,,,,,,,,,,,,,,,
2019-06-28 09:30:00.000000027,99984,100,99980,200,99985,100,99977,100,100050,100,99966,100,100065,100,99923,100,,,99916,100,,,99900,100,,,99876,100,,,,,,,,,,,,
2019-06-28 09:30:00.000000034,99984,100,99980,200,99985,100,99977,100,100050,100,99966,100,100065,100,99923,100,100086,100,99916,100,,,99900,100,,,99876,100,,,,,,,,,,,,
2019-06-28 09:30:00.000000038,99985,100,99980,200,100050,100,99977,100,100065,100,99966,100,100086,100,99923,100,,,99916,100,,,99900,100,,,99876,100,,,,,,,,,,,,
2019-06-28 09:30:00.000000041,99985,100,99980,200,100021,100,99977,100,100050,100,99966,100,100065,100,99935,100,100086,100,99923,100,100132,100,99916,100,100166,100,99900,100,,,99876,100,,,,,,,,
2019-06-28 09:30:00.000000044,99985,100,99980,200,100021,100,99977,100,100026,100,99966,100,100050,100,99935,100,100065,100,99923,100,100086,100,99916,100,100132,100,99900,100,100166,100,99876,100,,,,,,,,
2019-06-28 09:30:00.000000045,99985,100,99980,200,100021,100,99977,100,100026,100,99966,100,100050,100,99935,100,100065,100,99929,100,100086,100,99923,100,100132,100,99916,100,100166,100,99900,100,,,99876,100,,,,
2019-06-28 09:30:00.000000047,99985,100,99980,200,100021,100,99977,100,100026,100,99966,100,100050,100,99961,100,100065,100,99935,100,100077,100,99929,100,100086,100,99923,100,100132,100,99916,100,100166,100,99900,100,,,99887,100
2019-06-28 09:30:00.000000049,99985,100,99981,100,100021,100,99980,200,100026,100,99977,100,100050,100,99966,100,100065,100,99961,100,100077,100,99935,100,100086,100,99929,100,100132,100,99923,100,100166,100,99916,100,,,99900,100
2019-06-28 09:30:00.000000050,99985,100,99980,200,100021,100,99977,100,100026,100,99966,100,100050,100,99961,100,100065,100,99935,100,100077,100,99929,100,100086,100,99923,100,100132,100,99916,100,100166,100,99900,100,,,99887,100
2019-06-28 09:30:00.000000052,99985,100,99980,200,100021,100,99977,100,100026,100,99966,100,100050,100,99961,100,100065,100,99935,100,100077,100,99929,100,100086,100,99923,100,100132,100,99919,100,100166,100,99916,100,,,99900,100
2019-06-28 09:30:00.000000053,99985,100,99981,100,100021,100,99980,200,100026,100,99977,100,100050,100,99966,100,100065,100,99961,100,100077,100,99935,100,100086,100,99929,100,100132,100,99923,100,100166,100,99919,100,,,99916,100
2019-06-28 09:30:00.000000054,99985,100,99981,100,100021,100,99980,200,100026,100,99977,100,100050,100,99966,100,100065,100,99961,100,100077,100,99935,100,100082,100,99929,100,100086,100,99923,100,100132,100,99919,100,100166,100,99916,100
2019-06-28 09:30:00.000000056,99985,100,99981,100,100021,100,99980,200,100026,100,99977,100,100050,100,99966,100,100065,100,99961,100,100073,100,99935,100,100077,100,99929,100,100082,100,99923,100,100086,100,99919,100,100132,100,99916,100
2019-06-28 09:30:00.000000058,99985,100,99981,100,99994,100,99980,200,100021,100,99977,100,100026,100,99966,100,100050,100,99961,100,100065,100,99935,100,100073,100,99929,100,100077,100,99923,100,100082,100,99919,100,100086,100,99916,100
2019-06-28 09:30:00.000000062,99985,100,99981,100,99994,100,99980,200,100021,100,99977,100,100026,100,99970,100,100050,100,99966,100,100065,100,99961,100,100073,100,99935,100,100077,100,99929,100,100082,100,99923,100,100086,100,99919,100
2019-06-28 09:30:00.000000065,99985,100,99981,100,99994,100,99980,200,100021,100,99977,100,100026,100,99970,100,100050,100,99966,100,100065,100,99961,100,100073,100,99935,100,100077,100,99929,100,100082,100,99923,100,100086,100,99919,100
2019-06-28 09:30:00.000000068,99985,100,99981,100,99994,100,99980,200,100021,100,99977,100,100026,100,99970,100,100050,100,99966,100,100065,100,99961,100,100073,100,99936,100,100077,100,99935,100,100082,100,99929,100,100086,100,99923,100
2019-06-28 09:30:00.000000069,99985,100,99981,200,99994,100,99980,200,100021,100,99977,100,100026,100,99970,100,100050,100,99966,100,100065,100,99961,100,100073,100,99936,100,100077,100,99935,100,100082,100,99929,100,100086,100,99923,100
2019-06-28 09:30:00.000000070,99994,100,99981,200,100021,100,99980,200,100026,100,99977,100,100050,100,99970,100,100065,100,99966,100,100073,100,99961,100,100077,100,99936,100,100082,100,99935,100,100086,100,99929,100,100114,100,99923,100
2019-06-28 09:30:00.000000073,99994,100,99981,200,100021,100,99980,200,100026,100,99977,100,100050,100,99970,100,100065,100,99966,100,100071,100,99961,100,100073,100,99936,100,100077,100,99935,100,100082,100,99929,100,100086,100,99923,100
2019-06-28 09:30:00.000000075,100021,100,99981,200,100026,100,99980,200,100050,100,99977,100,100065,100,99970,100,100071,100,99966,100,100073,100,99961,100,100077,100,99949,100,100082,100,99936,100,100086,100,99935,100,100114,100,99929,100
2019-06-28 09:30:00.000000076,100021,100,99981,200,100026,100,99980,200,100050,100,99977,100,100065,100,99970,100,100071,100,99966,100,100073,100,99961,100,100077,100,99949,100,100082,100,99936,100,100086,100,99935,100,100114,100,99929,100
2019-06-28 09:30:00.000000077,100021,100,99981,200,100026,100,99980,200,100050,100,99977,100,100065,100,99970,100,100071,100,99966,100,100073,100,99961,100,100077,100,99949,100,100082,100,99936,100,100086,100,99935,100,100114,100,99929,100
2019-06-28 09:30:00.000000078,100021,100,99981,200,100026,100,99980,200,100033,100,99977,100,100050,100,99970,100,100065,100,99966,100,100071,100,99961,100,100073,100,99949,100,100077,100,99936,100,100082,100,99935,100,100086,100,99929,100
2019-06-28 09:30:00.000000079,100021,100,99981,100,100026,100,99980,200,100033,100,99977,100,100050,100,99970,100,100065,100,99966,100,100071,100,99961,100,100073,100,99949,100,100077,100,99936,100,100082,100,99935,100,100086,100,99929,100
2019-06-28 09:30:00.000000083,100026,100,99981,100,100033,100,99980,200,100050,100,99977,100,100065,100,99970,100,100071,100,99966,100,100073,100,99961,100,100077,100,99949,100,100082,100,99936,100,100086,100,99935,100,100114,100,99929,100
2019-06-28 09:30:00.000000084,100026,100,99981,100,100033,100,99980,200,100050,100,99977,100,100065,100,99970,100,100071,100,99966,100,100073,100,99961,100,100077,100,99949,100,100080,100,99936,100,100082,100,99935,100,100086,100,99932,100
2019-06-28 09:30:00.000000087,100033,100,99981,100,100050,100,99980,200,100065,100,99977,100,100071,100,99970,100,100073,100,99966,100,100077,100,99961,100,100080,100,99949,100,100082,100,99936,100,100086,100,99935,100,100114,100,99932,100
2019-06-28 09:30:00.000000088,100030,100,99981,100,100033,100,99980,200,100050,100,99977,100,100065,100,99970,100,100071,100,99966,100,100073,100,99961,100,100077,100,99949,100,100080,100,99936,100,100082,100,99935,100,100086,100,99932,100
2019-06-28 09:30:00.000000090,100030,100,99981,100,100033,100,99980,200,100036,100,99977,100,100050,100,99970,100,100065,100,99966,100,100071,100,99961,100,100073,100,99949,100,100077,100,99936,100,100080,100,99935,100,100082,100,99932,100
2019-06-28 09:30:00.000000091,100030,100,99980,200,100033,100,99977,100,100036,100,99970,100,100050,100,99966,100,100065,100,99961,100,100071,100,99949,100,100073,100,99936,100,100077,100,99935,100,100080,100,99932,100,100082,100,99929,100
2019-06-28 09:30:00.000000092,100033,100,99980,200,100036,100,99977,100,100050,100,99970,100,100065,100,99966,100,100071,100,99961,100,100073,100,99949,100,100077,100,99936,100,100080,100,99935,100,100082,100,99932,100,100086,100,99929,100
2019-06-28 09:30:00.000000094,100030,100,99980,200,100033,100,99977,100,100036,100,99970,100,100050,100,99966,100,100065,100,99961,100,100071,100,99949,100,100073,100,99936,100,100077,100,99935,100,100080,100,99932,100,100082,100,99929,100
2019-06-28 09:30:00.000000096,100030,200,99980,200,100033,100,99977,100,100036,100,99970,100,100050,100,99966,100,100065,100,99961,100,100071,100,99949,100,100073,100,99936,100,100077,200,99935,100,100080,100,99932,100,100082,100,99929,100
2019-06-28 09:30:00.000000097,100030,300,99980,200,100033,100,99977,100,100036,100,99970,100,100050,100,99966,100,100065,100,99961,100,100071,100,99949,100,100073,100,99936,100,100077,200,99935,100,100080,100,99932,100,100082,100,99929,100
2019-06-28 09:30:00.000000099,100030,300,99997,100,100033,100,99980,200,100036,100,99977,100,100050,100,99970,100,100065,100,99966,100,100071,100,99961,100,100073,100,99949,100,100077,200,99936,100,100080,100,99935,100,100082,100,99932,100
2019-06-28 09:30:09.383609957,100030,300,99997,100,100033,100,99980,200,100036,100,99977,100,100050,100,99970,100,100063,100,99966,100,100065,100,99961,100,100073,100,99949,100,100077,200,99936,100,100080,100,99935,100,100082,100,99932,100
2019-06-28 09:30:10.000000000,100030,406,99997,206,100033,206,99980,306,100036,206,99977,206,100050,206,99970,206,100063,100,99966,100,100065,100,99961,100,100073,100,99949,100,100077,200,99936,100,100080,100,99935,100,100082,100,99932,100
2019-06-28 09:30:20.000000000,100030,406,99997,206,100033,206,99980,306,100036,206,99977,206,100050,206,99970,206,100063,100,99966,100,100065,100,99961,100,100073,100,99949,100,100077,200,99936,100,100080,100,99935,100,100082,100,99932,100
2019-06-28 09:30:30.000000000,100030,406,99997,206,100033,206,99980,306,100036,206,99977,206,100050,206,99970,206,100063,100,99966,100,100065,100,99961,100,100073,100,99949,100,100077,200,99936,100,100080,100,99935,100,100082,100,99932,100
2019-06-28 09:30:40.000000000,100030,406,99997,206,100033,206,99980,306,100036,206,99977,206,100050,206,99970,206,100063,100,99966,100,100065,100,99961,100,100073,100,99949,100,100077,200,99936,100,100080,100,99935,100,100082,100,99932,100
2019-06-28 09:30:43.065819076,100030,406,99997,206,100033,206,99981,100,100036,206,99980,306,100050,206,99977,206,100063,100,99970,206,100065,100,99966,100,100073,100,99961,100,100077,200,99949,100,100080,100,99936,100,100082,100,99935,100
2019-06-28 09:30:50.000000000,100030,511,99997,311,100033,311,99981,311,100036,100,99980,200,100050,100,99977,100,100063,100,99970,100,100065,100,99966,100,100073,100,99961,100,100077,200,99949,100,100080,100,99936,100,100082,100,99935,100
2019-06-28 09:31:00.000000000,100030,384,99997,184,100033,184,99981,184,100036,184,99980,284,100050,184,99977,184,100063,184,99970,184,100065,100,99966,100,100073,100,99961,100,100077,200,99949,100,100080,100,99936,100,100082,100,99935,100
2019-06-28 09:31:10.000000000,100030,384,99997,184,100033,184,99981,184,100036,184,99980,284,100050,184,99977,184,100063,184,99970,184,100065,100,99966,100,100073,100,99961,100,100077,200,99949,100,100080,100,99936,100,100082,100,99935,100
2019-06-28 09:31:20.000000000,100030,443,99997,243,100033,239,99981,239,100036,239,99980,339,100050,100,99977,100,100063,100,99970,100,100065,100,99966,100,100073,100,99961,100,100077,200,99949,100,100080,100,99936,100,100082,100,99935,100
2019-06-28 09:31:30.000000000,100030,384,99997,184,100033,184,99981,184,100036,184,99980,284,100050,184,99977,184,100063,184,99970,184,100065,100,99966,100,100073,100,99961,100,100077,200,99949,100,100080,100,99936,100,100082,100,99935,100
2019-06-28 09:31:30.801397687,100030,384,99997,184,100033,184,99981,284,100036,184,99980,284,100050,184,99977,184,100063,184,99970,184,100065,100,99966,100,100073,100,99961,100,100077,200,99949,100,100080,100,99936,100,100082,100,99935,100
2019-06-28 09:31:35.816925052,100030,384,99997,184,100033,184,99981,284,100036,184,99980,284,100050,184,99977,184,100063,184,99970,184,100065,100,99966,100,100073,100,99961,100,100077,200,99949,100,100080,100,99936,100,100082,100,99935,100
2019-06-28 09:31:40.000000000,100030,384,99997,184,100033,184,99981,284,100036,184,99980,284,100050,184,99977,184,100063,184,99970,184,100065,100,99966,100,100073,100,99961,100,100077,200,99949,100,100080,100,99936,100,100082,100,99935,100
2019-06-28 09:31:40.918420485,100030,484,99997,184,100033,184,99981,284,100036,184,99980,284,100050,184,99977,184,100063,184,99970,184,100065,100,99966,100,100073,100,99961,100,100077,200,99949,100,100080,100,99936,100,100082,100,99935,100
2019-06-28 09:31:50.000000000,100030,822,99997,522,100033,100,99981,200,100036,100,99980,200,100050,100,99977,100,100063,100,99970,100,100065,100,99966,100,100073,100,99961,100,100077,200,99949,100,100080,100,99936,100,100082,100,99935,100
2019-06-28 09:31:57.514367022,100030,822,99997,522,100033,100,99981,200,100036,100,99980,200,100050,100,99977,100,100063,100,99966,100,100065,100,99961,100,100073,100,99949,100,100077,200,99936,100,100080,100,99935,100,100082,100,99932,100
2019-06-28 09:32:00.000000000,100030,506,99997,206,100033,206,99981,306,100036,206,99980,306,100050,206,99977,206,100063,100,99966,100,100065,100,99961,100,100073,100,99949,100,100077,200,99936,100,100080,100,99935,100,100082,100,99932,100
2019-06-28 09:32:10.000000000,100030,484,99997,184,100033,184,99981,284,100036,184,99980,284,100050,184,99977,184,100063,184,99966,184,100065,100,99961,100,100073,100,99949,100,100077,200,99936,100,100080,100,99935,100,100082,100,99932,100
2019-06-28 09:32:20.000000000,100030,543,99997,243,100033,239,99981,339,100036,239,99980,339,100050,100,99977,100,100063,100,99966,100,100065,100,99961,100,100073,100,99949,100,100077,200,99936,100,100080,100,99935,100,100082,100,99932,100
2019-06-28 09:32:25.967248963,100030,543,99997,243,100033,239,99981,439,100036,239,99980,339,100050,100,99977,100,100063,100,99966,100,100065,100,99961,100,100073,100,99949,100,100077,200,99936,100,100080,100,99935,100,100082,100,99932,100
2019-06-28 09:32:30.000000000,100030,484,99997,184,100033,184,99981,384,100036,184,99980,284,100050,184,99977,184,100063,184,99966,184,100065,100,99961,100,100073,100,99949,100,100077,200,99936,100,100080,100,99935,100,100082,100,99932,100
2019-06-28 09:32:40.000000000,100030,822,99997,522,100033,100,99981,300,100036,100,99980,200,100050,100,99977,100,100063,100,99966,100,100065,100,99961,100,100073,100,99949,100,100077,200,99936,100,100080,100,99935,100,100082,100,99932,100
2019-06-28 09:32:47.803452103,100030,822,99997,522,100033,100,99981,200,100036,100,99980,200,100050,100,99977,100,100063,100,99966,100,100065,100,99961,100,100073,100,99949,100,100077,200,99936,100,100080,100,99935,100,100082,100,99932,100
2019-06-28 09:32:49.607294195,100030,722,99997,522,100033,100,99981,200,100036,100,99980,200,100050,100,99977,100,100063,100,99966,100,100073,100,99961,100,100077,200,99949,100,100080,100,99936,100,100082,100,99935,100,100086,100,99932,100
2019-06-28 09:32:50.000000000,100030,406,99997,206,100033,206,99981,306,100036,206,99980,306,100050,206,99977,206,100063,100,99966,100,100073,100,99961,100,100077,200,99949,100,100080,100,99936,100,100082,100,99935,100,100086,100,99932,100
2019-06-28 09:33:00.000000000,100030,722,99997,522,100033,100,99981,200,100036,100,99980,200,100050,100,99977,100,100063,100,99966,100,100073,100,99961,100,100077,200,99949,100,100080,100,99936,100,100082,100,99935,100,100086,100,99932,100
2019-06-28 09:33:03.046555049,100001,100,99997,522,100030,722,99981,200,100033,100,99980,200,100036,100,99977,100,100050,100,99966,100,100063,100,99949,100,100073,100,99936,100,100077,200,99935,100,100080,100,99932,100,100082,100,99929,100
2019-06-28 09:33:03.472457587,100001,100,99997,522,100030,722,99981,200,100033,100,99980,200,100036,100,99977,100,100050,100,99966,100,100063,100,99949,100,100073,100,99936,100,100077,200,99935,100,100080,100,99932,100,100082,100,99929,100
2019-06-28 09:33:10.000000000,100001,206,99997,206,100030,406,99981,306,100033,206,99980,306,100036,206,99977,206,100050,100,99966,100,100063,100,99949,100,100073,100,99936,100,100077,200,99935,100,100080,100,99932,100,100082,100,99929,100
2019-06-28 09:33:20.000000000,100001,184,99997,184,100030,384,99981,284,100033,184,99980,284,100036,184,99977,184,100050,184,99966,184,100063,100,99949,100,100073,100,99936,100,100077,200,99935,100,100080,100,99932,100,100082,100,99929,100
2019-06-28 09:33:27.009908826,100001,184,99997,84,100030,384,99981,284,100033,184,99980,284,100036,184,99977,184,100050,184,99966,184,100063,100,99949,100,100073,100,99936,100,100077,200,99935,100,100080,100,99932,100,100082,100,99929,100
2019-06-28 09:33:30.000000000,100001,206,99981,306,100030,406,99980,306,100033,206,99977,206,100036,206,99966,206,100050,100,99949,100,100063,100,99936,100,100073,100,99935,100,100077,200,99932,100,100080,100,99929,100,100082,100,99923,100
2019-06-28 09:33:40.000000000,100001,311,99981,411,100030,511,99980,411,100033,100,99977,100,100036,100,99966,100,100050,100,99949,100,100063,100,99936,100,100073,100,99935,100,100077,200,99932,100,100080,100,99929,100,100082,100,99923,100
2019-06-28 09:33:50.000000000,100001,243,99981,343,100030,439,99980,339,100033,239,99977,239,100036,100,99966,100,100050,100,99949,100,100063,100,99936,100,100073,100,99935,100,100077,200,99932,100,100080,100,99929,100,100082,100,99923,100
2019-06-28 09:33:59.430341444,100001,243,99981,243,100030,439,99980,339,100033,239,99977,239,100036,100,99949,100,100050,100,99936,100,100063,100,99935,100,100073,100,99932,100,100077,200,99929,100,100080,100,99923,100,100082,100,99916,100
2019-06-28 09:34:00.000000000,100001,206,99981,206,100030,406,99980,306,100033,206,99977,206,100036,206,99949,206,100050,100,99936,100,100063,100,99935,100,100073,100,99932,100,100077,200,99929,100,100080,100,99923,100,100082,100,99916,100
2019-06-28 09:34:10.000000000,100001,184,99981,184,100030,384,99980,284,100033,184,99977,184,100036,184,99949,184,100050,184,99936,184,100063,100,99935,100,100073,100,99932,100,100077,200,99929,100,100080,100,99923,100,100082,100,99916,100
2019-06-28 09:34:20.000000000,100001,243,99981,243,100030,439,99980,339,100033,239,99977,239,100036,100,99949,100,100050,100,99936,100,100063,100,99935,100,100073,100,99932,100,100077,200,99929,100,100080,100,99923,100,100082,100,99916,100
2019-06-28 09:34:20.283157652,99997,100,99981,243,100001,243,99980,339,100030,439,99977,239,100033,239,99949,100,100036,100,99936,100,100050,100,99935,100,100063,100,99932,100,100073,100,99929,100,100077,200,99923,100,100080,100,99916,100
2019-06-28 09:34:26.754279018,99997,200,99981,243,100001,243,99980,339,100030,439,99977,239,100033,239,99949,100,100036,100,99936,100,100050,100,99935,100,100063,100,99932,100,100073,100,99929,100,100077,200,99923,100,100080,100,99915,100
2019-06-28 09:34:28.857464331,99997,200,99981,143,100001,243,99980,339,100030,439,99977,239,100033,239,99949,100,100036,100,99936,100,100050,100,99935,100,100063,100,99932,100,100073,100,99929,100,100077,200,99923,100,100080,100,99915,100
2019-06-28 09:34:30.000000000,99997,306,99980,306,100001,206,99977,206,100030,406,99949,206,100033,206,99936,206,100036,100,99935,100,100050,100,99932,100,100063,100,99929,100,100073,100,99923,100,100077,200,99915,100,100080,100,99909,100
2019-06-28 09:34:40.000000000,99997,306,99980,306,100001,206,99977,206,100030,406,99949,206,100033,206,99936,206,100036,100,99935,100,100050,100,99932,100,100063,100,99929,100,100073,100,99923,100,100077,200,99915,100,100080,100,99909,100
2019-06-28 09:34:42.346830726,99997,206,99980,306,100001,206,99977,206,100030,406,99949,206,100033,206,99936,206,100036,100,99935,100,100050,100,99932,100,100063,100,99929,100,100073,100,99923,100,100077,200,99915,100,100080,100,99909,100
2019-06-28 09:34:44.076276159,99997,206,99980,206,100001,206,99977,206,100030,406,99949,206,100033,206,99936,206,100036,100,99935,100,100050,100,99932,100,100063,100,99929,100,100073,100,99923,100,100077,200,99915,100,100080,100,99909,100
2019-06-28 09:34:45.691952225,99997,206,99980,106,100001,206,99977,206,100030,406,99949,206,100033,206,99936,206,100036,100,99935,100,100050,100,99932,100,100063,100,99929,100,100073,100,99923,100,100077,200,99915,100,100080,100,99909,100
2019-06-28 09:34:50.000000000,99997,522,99977,522,100001,100,99949,100,100030,300,99936,100,100033,100,99935,100,100036,100,99932,100,100050,100,99929,100,100063,100,99923,100,100073,100,99915,100,100077,200,99909,100,100080,100,99900,100
2019-06-28 09:35:00.000000000,99997,184,99977,184,100001,184,99949,184,100030,384,99936,184,100033,184,99935,184,100036,184,99932,184,100050,100,99929,100,100063,100,99923,100,100073,100,99915,100,100077,200,99909,100,100080,100,99900,100
2019-06-28 09:35:10.000000000,99997,243,99977,243,100001,239,99949,239,100030,439,99936,239,100033,100,99935,100,100036,100,99932,100,100050,100,99929,100,100063,100,99923,100,100073,100,99915,100,100077,200,99909,100,100080,100,99900,100
2019-06-28 09:35:16.478585075,99997,243,99977,143,100001,239,99949,239,100030,439,99936,239,100033,100,99935,100,100036,100,99932,100,100050,100,99929,100,100063,100,99923,100,100073,100,99915,100,100077,200,99909,100,100080,100,99900,100
2019-06-28 09:35:20.000000000,99997,184,99949,184,100001,184,99936,184,100030,384,99935,184,100033,184,99932,184,100036,184,99929,184,100050,100,99923,100,100063,100,99915,100,100073,100,99909,100,100077,200,99900,100,100080,100,99887,200
2019-06-28 09:35:26.955396022,99997,184,99949,84,100001,184,99936,184,100030,384,99935,184,100033,184,99932,184,100036,184,99929,184,100050,100,99923,100,100063,100,99915,100,100073,100,99909,100,100077,200,99900,100,100080,100,99887,200
2019-06-28 09:35:30.000000000,99997,243,99936,243,100001,239,99935,239,100030,439,99932,239,100033,100,99929,100,100036,100,99923,100,100050,100,99915,100,100063,100,99909,100,100073,100,99900,100,100077,200,99887,200,100080,100,99876,100
2019-06-28 09:35:40.000000000,99997,522,99936,522,100001,100,99935,100,100030,300,99932,100,100033,100,99929,100,100036,100,99923,100,100050,100,99915,100,100063,100,99909,100,100073,100,99900,100,100077,200,99887,200,100080,100,99876,100
2019-06-28 09:35:42.695373400,99997,522,99936,422,100001,100,99935,100,100030,300,99932,100,100033,100,99929,100,100036,100,99923,100,100050,100,99915,100,100063,100,99909,100,100073,100,99900,100,100077,200,99887,200,100080,100,99876,100
2019-06-28 09:35:50.000000000,99997,522,99935,522,100001,100,99932,100,100030,300,99929,100,100033,100,99923,100,100036,100,99915,100,100050,100,99909,100,100063,100,99900,100,100073,100,99887,200,100077,200,99876,100,100080,100,99871,100
2019-06-28 09:35:52.915759406,99997,522,99935,422,100001,100,99932,100,100030,300,99929,100,100033,100,99923,100,100036,100,99915,100,100050,100,99909,100,100063,100,99900,100,100073,100,99887,200,100077,200,99876,100,100080,100,99871,100
2019-06-28 09:36:00.000000000,99997,184,99932,184,100001,184,99929,184,100030,384,99923,184,100033,184,99915,184,100036,184,99909,184,100050,100,99900,100,100063,100,99887,200,100073,100,99876,100,100077,200,99871,100,100080,100,99841,100
2019-06-28 09:36:06.781789182,99997,184,99932,84,100001,184,99929,184,100030,384,99923,184,100033,184,99915,184,100036,184,99909,184,100050,100,99900,100,100063,100,99887,200,100073,100,99876,100,100077,200,99871,100,100080,100,99841,100
2019-06-28 09:36:10.000000000,99997,184,99929,184,100001,184,99923,184,100030,384,99915,184,100033,184,99909,184,100036,184,99900,184,100050,100,99887,200,100063,100,99876,100,100073,100,99871,100,100077,200,99841,100,100080,100,,
2019-06-28 09:36:20.000000000,99997,243,99929,243,100001,239,99923,239,100030,439,99915,239,100033,100,99909,100,100036,100,99900,100,100050,100,99887,200,100063,100,99876,100,100073,100,99871,100,100077,200,99841,100,100080,100,,
2019-06-28 09:36:29.460547975,99997,243,99929,143,100001,239,99923,239,100030,439,99915,239,100033,100,99909,100,100036,100,99900,100,100050,100,99887,200,100063,100,99876,100,100073,100,99871,100,100077,200,99841,100,100080,100,,
2019-06-28 09:36:30.000000000,99997,184,99923,184,100001,184,99915,184,100030,384,99909,184,100033,184,99900,184,100036,184,99887,284,100050,100,99876,100,100063,100,99871,100,100073,100,99841,100,100077,200,,,100080,100,,
2019-06-28 09:36:40.000000000,99997,184,99923,184,100001,184,99915,184,100030,384,99909,184,100033,184,99900,184,100036,184,99887,284,100050,100,99876,100,100063,100,99871,100,100073,100,99841,100,100077,200,,,100080,100,,
2019-06-28 09:36:50.000000000,99997,184,99923,184,100001,184,99915,184,100030,384,99909,184,100033,184,99900,184,100036,184,99887,284,100050,100,99876,100,100063,100,99871,100,100073,100,99841,100,100077,200,,,100080,100,,
2019-06-28 09:36:51.352924428,99997,184,99923,84,100001,184,99915,184,100030,384,99909,184,100033,184,99900,84,100036,184,99887,284,100050,100,99876,100,100063,100,99871,100,100073,100,99841,100,100077,200,,,100080,100,,
2019-06-28 09:37:00.000000000,99997,243,99915,243,100001,239,99909,239,100030,439,99887,339,100033,100,99876,100,100036,100,99871,100,100050,100,99841,100,100063,100,,,100073,100,,,100077,200,,,100080,100,,
2019-06-28 09:37:10.000000000,99997,206,99915,206,100001,206,99909,206,100030,406,99887,306,100033,206,99876,206,100036,100,99871,100,100050,100,99841,100,100063,100,,,100073,100,,,100077,200,,,100080,100,,
2019-06-28 09:37:19.562355068,99997,206,99915,106,100001,206,99909,206,100030,406,99887,306,100033,206,99876,206,100036,100,99871,100,100050,100,99841,100,100063,100,,,100073,100,,,100077,200,,,100080,100,,
2019-06-28 09:37:20.000000000,99997,184,99909,184,100001,184,99887,284,100030,384,99876,184,100033,184,99871,184,100036,184,99841,184,100050,100,,,100063,100,,,100073,100,,,100077,200,,,100080,100,,
2019-06-28 09:37:30.000000000,99997,243,99909,243,100001,239,99887,339,100030,439,99876,239,100033,100,99871,100,100036,100,99841,100,100050,100,,,100063,100,,,100073,100,,,100077,200,,,100080,100,,
2019-06-28 09:37:38.419132503,99997,243,99909,243,100001,239,99887,339,100030,439,99876,239,100033,100,99871,100,100036,100,99841,100,100050,100,99216,100,100063,100,,,100073,100,,,100077,200,,,100080,100,,
2019-06-28 09:37:40.000000000,99997,311,99909,311,100001,311,99887,411,100030,300,99876,100,100033,100,99871,100,100036,100,99841,100,100050,100,99216,100,100063,100,,,100073,100,,,100077,200,,,100080,100,,
2019-06-28 09:37:50.000000000,99997,206,99909,206,100001,206,99887,306,100030,406,99876,206,100033,206,99871,206,100036,100,99841,100,100050,100,99216,100,100063,100,,,100073,100,,,100077,200,,,100080,100,,
2019-06-28 09:38:00.000000000,99997,522,99909,522,100001,100,99887,200,100030,300,99876,100,100033,100,99871,100,100036,100,99841,100,100050,100,99216,100,100063,100,,,100073,100,,,100077,200,,,100080,100,,
2019-06-28 09:38:04.703932519,99997,522,99909,422,100001,100,99887,200,100030,300,99876,100,100033,100,99871,100,100036,100,99841,100,100050,100,99216,100,100063,100,,,100073,100,,,100077,200,,,100080,100,,
2019-06-28 09:38:10.000000000,99997,311,99887,411,100001,311,99876,311,100030,300,99871,100,100033,100,99841,100,100036,100,99216,100,100050,100,,,100063,100,,,100073,100,,,100077,200,,,100080,100,,
2019-06-28 09:38:17.704364789,99915,100,99887,411,99997,311,99876,311,100001,311,99871,100,100030,300,99841,100,100033,100,99216,100,100036,100,,,100050,100,,,100063,100,,,100073,100,,,100077,200,,
2019-06-28 09:38:20.000000000,99915,243,99887,343,99997,239,99876,239,100001,239,99871,239,100030,300,99841,100,100033,100,99216,100,100036,100,,,100050,100,,,100063,100,,,100073,100,,,100077,200,,
2019-06-28 09:38:22.608788004,99915,243,99887,243,99997,239,99876,239,100001,239,99871,239,100030,300,99841,100,100033,100,99216,100,100036,100,,,100050,100,,,100063,100,,,100073,100,,,100077,200,,
2019-06-28 09:38:23.311957930,99909,100,99887,243,99915,243,99876,239,99997,239,99871,239,100001,239,99841,100,100030,300,99216,100,100033,100,,,100036,100,,,100050,100,,,100063,100,,,100073,100,,
2019-06-28 09:38:24.381027214,99909,100,99887,243,99915,243,99876,239,99997,239,99871,239,100001,239,99841,100,100030,200,99216,100,100033,100,,,100036,100,,,100050,100,,,100063,100,,,100073,100,,
2019-06-28 09:38:28.739906788,99909,100,99887,143,99915,243,99876,239,99997,239,99871,239,100001,239,99841,100,100030,200,99216,100,100033,100,,,100036,100,,,100050,100,,,100063,100,,,100073,100,,
2019-06-28 09:38:30.000000000,99909,311,99876,311,99915,311,99871,311,99997,100,99841,100,100001,100,99216,100,100030,200,,,100033,100,,,100036,100,,,100050,100,,,100063,100,,,100073,100,,
2019-06-28 09:38:34.250356123,99887,100,99876,311,99909,311,99871,311,99915,311,99841,100,99997,100,99216,100,100001,100,,,100030,200,,,100033,100,,,100036,100,,,100050,100,,,100063,100,,
2019-06-28 09:38:40.000000000,99887,522,99876,522,99909,100,99871,100,99915,100,99841,100,99997,100,99216,100,100001,100,,,100030,200,,,100033,100,,,100036,100,,,100050,100,,,100063,100,,
2019-06-28 09:38:50.000000000,99887,206,99876,206,99909,206,99871,206,99915,206,99841,206,99997,206,99216,206,100001,100,,,100030,200,,,100033,100,,,100036,100,,,100050,100,,,100063,100,,
2019-06-28 09:38:59.734828125,99887,206,99876,106,99909,206,99871,206,99915,206,99841,206,99997,206,99216,206,100001,100,,,100030,200,,,100033,100,,,100036,100,,,100050,100,,,100063,100,,
2019-06-28 09:39:00.000000000,99887,184,99871,184,99909,184,99841,184,99915,184,99216,184,99997,184,99215,84,100001,184,,,100030,200,,,100033,100,,,100036,100,,,100050,100,,,100063,100,,
2019-06-28 09:39:02.657460210,99887,184,99871,184,99909,184,99841,184,99915,184,99552,100,99997,184,99216,184,100001,184,99215,84,100030,200,,,100033,100,,,100036,100,,,100050,100,,,100063,100,,
2019-06-28 09:39:10.000000000,99887,184,99871,184,99909,184,99841,184,99915,184,99552,184,99997,184,99216,184,100001,184,99215,84,100030,200,,,100033,100,,,100036,100,,,100050,100,,,100063,100,,
2019-06-28 09:39:20.000000000,99887,243,99871,243,99909,239,99841,239,99915,239,99552,239,99997,100,99216,100,100001,100,,,100030,200,,,100033,100,,,100036,100,,,100050,100,,,100063,100,,
2019-06-28 09:39:30.000000000,99887,184,99871,184,99909,184,99841,184,99915,184,99552,184,99997,184,99216,184,100001,184,99215,84,100030,200,,,100033,100,,,100036,100,,,100050,100,,,100063,100,,
2019-06-28 09:39:40.000000000,99887,243,99871,243,99909,239,99841,239,99915,239,99552,239,99997,100,99216,100,100001,100,,,100030,200,,,100033,100,,,100036,100,,,100050,100,,,100063,100,,
2019-06-28 09:39:45.906045409,99886,100,99871,243,99887,143,99841,239,99909,239,99552,239,99915,239,99216,100,99997,100,,,100001,100,,,100030,200,,,100033,100,,,100036,100,,,100050,100,,
2019-06-28 09:39:50.000000000,99886,243,99871,243,99909,239,99841,239,99915,239,99552,239,99997,100,99216,100,100001,100,,,100030,200,,,100033,100,,,100036,100,,,100050,100,,,100063,100,,
2019-06-28 09:40:00.000000000,99886,184,99871,184,99909,184,99841,184,99915,184,99552,184,99997,184,99216,184,100001,184,99215,84,100030,200,,,100033,100,,,100036,100,,,100050,100,,,100063,100,,
2019-06-28 09:40:10.000000000,99886,206,99871,206,99909,206,99841,206,99915,206,99552,206,99997,206,99216,206,100001,100,,,100030,200,,,100033,100,,,100036,100,,,100050,100,,,100063,100,,
2019-06-28 09:40:17.426455732,99886,206,99871,206,99909,206,99841,206,99915,206,99552,206,99997,206,99398,100,100001,100,99216,206,100030,200,,,100033,100,,,100036,100,,,100050,100,,,100063,100,,
2019-06-28 09:40:20.000000000,99886,522,99871,522,99909,100,99841,100,99915,100,99552,100,99997,100,99398,100,100001,100,99216,100,100030,200,,,100033,100,,,100036,100,,,100050,100,,,100063,100,,
2019-06-28 09:40:30.000000000,99886,243,99871,243,99909,239,99841,239,99915,239,99552,239,99997,100,99398,100,100001,100,99216,100,100030,200,,,100033,100,,,100036,100,,,100050,100,,,100063,100,,
2019-06-28 09:40:32.139925543,99886,243,99871,143,99909,239,99841,239,99915,239,99552,239,99997,100,99398,100,100001,100,,,100030,200,,,100033,100,,,100036,100,,,100050,100,,,100063,100,,
2019-06-28 09:40:40.000000000,99886,184,99841,184,99909,184,99552,184,99915,184,99398,184,99997,184,99397,84,100001,184,,,100030,200,,,100033,100,,,100036,100,,,100050,100,,,100063,100,,
2019-06-28 09:40:50.000000000,99886,311,99841,311,99909,311,99552,311,99915,100,99398,100,99997,100,,,100001,100,,,100030,200,,,100033,100,,,100036,100,,,100050,100,,,100063,100,,
2019-06-28 09:40:57.115307108,99886,311,99841,311,99909,311,99552,311,99915,100,99481,100,99997,100,99398,100,100001,100,,,100030,200,,,100033,100,,,100036,100,,,100050,100,,,100063,100,,
2019-06-28 09:41:00.000000000,99886,184,99841,184,99909,184,99552,184,99915,184,99481,184,99997,184,99398,184,100001,184,99397,84,100030,200,,,100033,100,,,100036,100,,,100050,100,,,100063,100,,
2019-06-28 09:41:05.291176622,99876,100,99841,184,99886,184,99552,184,99909,184,99481,184,99915,184,99398,184,99997,184,99397,84,100001,184,,,100030,200,,,100033,100,,,100036,100,,,100050,100,,
2019-06-28 09:41:10.000000000,99876,243,99841,243,99886,239,99552,239,99909,239,99481,239,99915,100,99398,100,99997,100,,,100001,100,,,100030,200,,,100033,100,,,100036,100,,,100050,100,,
2019-06-28 09:41:20.000000000,99876,206,99841,206,99886,206,99552,206,99909,206,99481,206,99915,206,99398,206,99997,100,,,100001,100,,,100030,200,,,100033,100,,,100036,100,,,100050,100,,
2019-06-28 09:41:30.000000000,99876,184,99841,184,99886,184,99552,184,99909,184,99481,184,99915,184,99398,184,99997,184,99397,84,100001,100,,,100030,200,,,100033,100,,,100036,100,,,100050,100,,
2019-06-28 09:41:39.831479760,99876,184,99841,184,99886,184,99552,184,99909,184,99512,100,99915,184,99481,184,99997,184,99398,184,100001,100,99397,84,100030,200,,,100033,100,,,100036,100,,,100050,100,,
2019-06-28 09:41:40.000000000,99876,243,99841,243,99886,239,99552,239,99909,239,99512,239,99915,100,99481,100,99997,100,99398,100,100001,100,,,100030,200,,,100033,100,,,100036,100,,,100050,100,,
2019-06-28 09:41:48.209366752,99876,243,99841,143,99886,239,99552,239,99909,239,99512,239,99915,100,99481,100,99997,100,99398,100,100001,100,,,100030,200,,,100033,100,,,100036,100,,,100050,100,,
2019-06-28 09:41:50.000000000,99876,243,99552,243,99886,239,99512,239,99909,239,99481,239,99915,100,99398,100,99997,100,,,100001,100,,,100030,200,,,100033,100,,,100036,100,,,100050,100,,
2019-06-28 09:42:00.000000000,99876,184,99552,184,99886,184,99512,184,99909,184,99481,184,99915,184,99398,184,99997,184,99397,84,100001,100,,,100030,200,,,100033,100,,,100036,100,,,100050,100,,
2019-06-28 09:42:07.689244464,99876,184,99552,84,99886,184,99512,184,99909,184,99481,184,99915,184,99398,184,99997,184,99397,84,100001,100,,,100030,200,,,100033,100,,,100036,100,,,100050,100,,
2019-06-28 09:42:10.000000000,99876,522,99512,522,99886,100,99481,100,99909,100,99398,100,99915,100,,,99997,100,,,100001,100,,,100030,200,,,100033,100,,,100036,100,,,100050,100,,
2019-06-28 09:42:20.000000000,99876,311,99512,311,99886,311,99481,311,99909,100,99398,100,99915,100,,,99997,100,,,100001,100,,,100030,200,,,100033,100,,,100036,100,,,100050,100,,
2019-06-28 09:42:20.419292129,99876,311,99512,211,99886,311,99481,311,99909,100,99398,100,99915,100,,,99997,100,,,100001,100,,,100030,200,,,100033,100,,,100036,100,,,100050,100,,
2019-06-28 09:42:29.878376925,99876,311,99512,211,99886,311,99481,311,99909,100,99398,100,99915,100,99263,100,99997,100,,,100001,100,,,100030,200,,,100033,100,,,100036,100,,,100050,100,,
2019-06-28 09:42:30.000000000,99876,522,99481,522,99886,100,99398,100,99909,100,99263,100,99915,100,,,99997,100,,,100001,100,,,100030,200,,,100033,100,,,100036,100,,,100050,100,,
2019-06-28 09:42:31.847427366,99876,522,99481,522,99886,100,99398,100,99909,100,99263,100,99915,100,99097,100,99997,100,,,100001,100,,,100030,200,,,100033,100,,,100036,100,,,100050,100,,
2019-06-28 09:42:40.000000000,99876,243,99481,243,99886,239,99398,239,99909,239,99263,239,99915,100,99097,100,99997,100,,,100001,100,,,100030,200,,,100033,100,,,100036,100,,,100050,100,,
2019-06-28 09:42:50.000000000,99876,522,99481,522,99886,100,99398,100,99909,100,99263,100,99915,100,99097,100,99997,100,,,100001,100,,,100030,200,,,100033,100,,,100036,100,,,100050,100,,
2019-06-28 09:43:00.000000000,99876,243,99481,243,99886,239,99398,239,99909,239,99263,239,99915,100,99097,100,99997,100,,,100001,100,,,100030,200,,,100033,100,,,100036,100,,,100050,100,,
2019-06-28 09:43:10.000000000,99876,311,99481,311,99886,311,99398,311,99909,100,99263,100,99915,100,99097,100,99997,100,,,100001,100,,,100030,200,,,100033,100,,,100036,100,,,100050,100,,
2019-06-28 09:43:20.000000000,99876,522,99481,522,99886,100,99398,100,99909,100,99263,100,99915,100,99097,100,99997,100,,,100001,100,,,100030,200,,,100033,100,,,100036,100,,,100050,100,,
2019-06-28 09:43:21.778176684,99876,522,99481,522,99886,100,99398,100,99909,100,99263,100,99915,100,99097,100,99997,100,98786,100,100001,100,,,100030,200,,,100033,100,,,100036,100,,,100050,100,,
2019-06-28 09:43:30.000000000,99876,311,99481,311,99886,311,99398,311,99909,100,99263,100,99915,100,99097,100,99997,100,98786,100,100001,100,,,100030,200,,,100033,100,,,100036,100,,,100050,100,,
2019-06-28 09:43:40.000000000,99876,311,99481,311,99886,311,99398,311,99909,100,99263,100,99915,100,99097,100,99997,100,98786,100,100001,100,,,100030,200,,,100033,100,,,100036,100,,,100050,100,,
2019-06-28 09:43:50.000000000,99876,206,99481,206,99886,206,99398,206,99909,206,99263,206,99915,206,99097,206,99997,100,98786,100,100001,100,,,100030,200,,,100033,100,,,100036,100,,,100050,100,,
2019-06-28 09:44:00.000000000,99876,522,99481,522,99886,100,99398,100,99909,100,99263,100,99915,100,99097,100,99997,100,98786,100,100001,100,,,100030,200,,,100033,100,,,100036,100,,,100050,100,,
2019-06-28 09:44:08.202864072,99552,100,99481,522,99876,522,99398,100,99886,100,99263,100,99909,100,99097,100,99915,100,98786,100,100001,100,,,100030,200,,,100033,100,,,100036,100,,,100050,100,,
2019-06-28 09:44:10.000000000,99552,311,99481,311,99876,311,99398,311,99886,100,99263,100,99909,100,99097,100,99915,100,98786,100,100001,100,,,100030,200,,,100033,100,,,100036,100,,,100050,100,,
2019-06-28 09:44:20.000000000,99552,522,99481,522,99876,100,99398,100,99886,100,99263,100,99909,100,99097,100,99915,100,98786,100,100001,100,,,100030,200,,,100033,100,,,100036,100,,,100050,100,,
2019-06-28 09:44:30.000000000,99552,311,99481,311,99876,311,99398,311,99886,100,99263,100,99909,100,99097,100,99915,100,98786,100,100001,100,,,100030,200,,,100033,100,,,100036,100,,,100050,100,,
2019-06-28 09:44:40.000000000,99552,184,99481,184,99876,184,99398,184,99886,184,99263,184,99909,184,99097,184,99915,184,98786,184,100001,100,,,100030,200,,,100033,100,,,100036,100,,,100050,100,,
2019-06-28 09:44:50.000000000,99552,522,99481,522,99876,100,99398,100,99886,100,99263,100,99909,100,99097,100,99915,100,98786,100,100001,100,,,100030,200,,,100033,100,,,100036,100,,,100050,100,,
2019-06-28 09:44:58.569247583,99552,622,99481,522,99876,100,99398,100,99886,100,99263,100,99915,100,99097,100,100001,100,98786,100,100030,200,,,100033,100,,,100036,100,,,100050,100,,,100063,100,,
2019-06-28 09:45:00.000000000,99552,306,99481,206,99876,206,99398,206,99886,206,99263,206,99915,206,99097,206,100001,100,98786,100,100030,200,,,100033,100,,,100036,100,,,100050,100,,,100063,100,,
2019-06-28 09:45:10.000000000,99552,622,99481,522,99876,100,99398,100,99886,100,99263,100,99915,100,99097,100,100001,100,98786,100,100030,200,,,100033,100,,,100036,100,,,100050,100,,,100063,100,,
2019-06-28 09:45:19.977860256,99552,622,99481,522,99876,100,99398,100,99886,100,99263,100,99915,100,99097,100,100001,100,98786,100,100030,100,,,100033,100,,,100036,100,,,100050,100,,,100063,100,,
2019-06-28 09:45:20.000000000,99552,306,99481,206,99876,206,99398,206,99886,206,99263,206,99915,206,99097,206,100001,100,98786,100,100030,100,,,100033,100,,,100036,100,,,100050,100,,,100063,100,,
2019-06-28 09:45:29.346256281,99552,306,99481,106,99876,206,99398,206,99886,206,99263,206,99915,206,99097,206,100001,100,98786,100,100030,100,,,100033,100,,,100036,100,,,100050,100,,,100063,100,,
2019-06-28 09:45:30.000000000,99552,411,99398,311,99876,311,99263,311,99886,100,99097,100,99915,100,98786,100,100001,100,,,100030,100,,,100033,100,,,100036,100,,,100050,100,,,100063,100,,
2019-06-28 09:45:40.000000000,99552,411,99398,311,99876,311,99263,311,99886,100,99097,100,99915,100,98786,100,100001,100,,,100030,100,,,100033,100,,,100036,100,,,100050,100,,,100063,100,,
2019-06-28 09:45:50.000000000,99552,411,99398,311,99876,311,99263,311,99886,100,99097,100,99915,100,98786,100,100001,100,,,100030,100,,,100033,100,,,100036,100,,,100050,100,,,100063,100,,
2019-06-28 09:45:59.070825146,99552,411,99398,211,99876,311,99263,311,99886,100,99097,100,99915,100,98786,100,100001,100,,,100030,100,,,100033,100,,,100050,100,,,100063,100,,,100077,100,,
2019-06-28 09:46:00.000000000,99552,343,99263,243,99876,239,99097,239,99886,239,98786,239,99915,100,,,100001,100,,,100030,100,,,100033,100,,,100050,100,,,100063,100,,,100077,100,,
2019-06-28 09:46:05.363314333,99481,100,99263,243,99552,343,99097,239,99876,239,98786,239,99886,239,,,99915,100,,,100001,100,,,100030,100,,,100033,100,,,100050,100,,,100063,100,,
2019-06-28 09:46:10.000000000,99481,311,99263,311,99552,411,99097,311,99876,100,98786,100,99886,100,,,99915,100,,,100001,100,,,100030,100,,,100033,100,,,100050,100,,,100063,100,,
2019-06-28 09:46:20.000000000,99481,311,99263,311,99552,411,99097,311,99876,100,98786,100,99886,100,,,99915,100,,,100001,100,,,100030,100,,,100033,100,,,100050,100,,,100063,100,,
2019-06-28 09:46:30.000000000,99481,243,99263,243,99552,339,99097,239,99876,239,98786,239,99886,100,,,99915,100,,,100001,100,,,100030,100,,,100033,100,,,100050,100,,,100063,100,,
2019-06-28 09:46:40.000000000,99481,206,99263,206,99552,306,99097,206,99876,206,98786,206,99886,206,98785,106,99915,100,,,100001,100,,,100030,100,,,100033,100,,,100050,100,,,100063,100,,
2019-06-28 09:46:44.942488682,99481,206,99263,206,99552,306,99097,206,99876,206,98786,206,99886,206,98785,106,99915,100,98300,100,100001,100,,,100030,100,,,100033,100,,,100050,100,,,100063,100,,
2019-06-28 09:46:50.000000000,99481,311,99263,311,99552,411,99097,311,99876,100,98786,100,99886,100,98300,100,99915,100,,,100001,100,,,100030,100,,,100033,100,,,100050,100,,,100063,100,,
2019-06-28 09:46:59.586763017,99481,311,99263,211,99552,411,99097,311,99876,100,98786,100,99886,100,98300,100,99915,100,,,100001,100,,,100030,100,,,100033,100,,,100050,100,,,100063,100,,
2019-06-28 09:47:00.000000000,99481,184,99097,184,99552,284,98786,184,99876,184,98300,184,99886,184,98299,84,99915,184,,,100001,100,,,100030,100,,,100033,100,,,100050,100,,,100063,100,,
2019-06-28 09:47:04.825067515,99398,100,99097,184,99481,184,98786,184,99552,284,98300,184,99876,184,98299,84,99886,184,,,99915,184,,,100001,100,,,100030,100,,,100033,100,,,100050,100,,
2019-06-28 09:47:10.000000000,99398,522,99097,522,99481,100,98786,100,99552,200,98300,100,99876,100,,,99886,100,,,99915,100,,,100001,100,,,100030,100,,,100033,100,,,100050,100,,
2019-06-28 09:47:20.000000000,99398,311,99097,311,99481,311,98786,311,99552,200,98300,100,99876,100,,,99886,100,,,99915,100,,,100001,100,,,100030,100,,,100033,100,,,100050,100,,
2019-06-28 09:47:30.000000000,99398,184,99097,184,99481,184,98786,184,99552,284,98300,184,99876,184,98299,84,99886,184,,,99915,100,,,100001,100,,,100030,100,,,100033,100,,,100050,100,,
2019-06-28 09:47:31.955747027,99398,284,99097,184,99481,184,98786,184,99552,284,98300,184,99876,184,98299,84,99886,184,,,99915,100,,,100001,100,,,100030,100,,,100033,100,,,100050,100,,
2019-06-28 09:47:39.105320112,99398,284,99097,184,99481,184,98786,84,99552,284,98300,184,99876,184,98299,84,99886,184,98222,100,99915,100,,,100001,100,,,100030,100,,,100033,100,,,100050,100,,
2019-06-28 09:47:40.000000000,99398,284,99097,184,99481,184,98300,184,99552,284,98222,184,99876,184,98221,84,99886,184,,,99915,100,,,100001,100,,,100030,100,,,100033,100,,,100050,100,,
2019-06-28 09:47:50.000000000,99398,306,99097,206,99481,206,98300,206,99552,306,98222,206,99876,206,98221,106,99886,100,,,99915,100,,,100001,100,,,100030,100,,,100033,100,,,100050,100,,
2019-06-28 09:47:53.228900497,99398,406,99097,206,99481,206,98300,206,99552,306,98222,206,99876,206,98221,106,99886,100,,,99915,100,,,100001,100,,,100030,100,,,100033,100,,,100050,100,,
2019-06-28 09:48:00.000000000,99398,511,99097,311,99481,311,98300,311,99552,200,98222,100,99876,100,,,99886,100,,,99915,100,,,100001,100,,,100030,100,,,100033,100,,,100050,100,,
2019-06-28 09:48:09.053604419,99398,511,99097,211,99481,311,98409,100,99552,200,98300,311,99876,100,98222,100,99886,100,,,99915,100,,,100001,100,,,100030,100,,,100033,100,,,100050,100,,
2019-06-28 09:48:10.000000000,99398,511,98409,311,99481,311,98300,311,99552,200,98222,100,99876,100,,,99886,100,,,99915,100,,,100001,100,,,100030,100,,,100033,100,,,100050,100,,
2019-06-28 09:48:10.422726932,99398,511,98409,211,99481,311,98300,311,99552,200,98222,100,99876,100,,,99886,100,,,99915,100,,,100001,100,,,100030,100,,,100033,100,,,100050,100,,
2019-06-28 09:48:14.570645085,99398,511,98409,111,99481,311,98300,311,99552,200,98222,100,99876,100,,,99886,100,,,99915,100,,,100001,100,,,100030,100,,,100033,100,,,100050,100,,
2019-06-28 09:48:20.000000000,99398,443,98300,243,99481,239,98222,239,99552,339,98221,139,99876,100,,,99886,100,,,99915,100,,,100001,100,,,100030,100,,,100033,100,,,100050,100,,
2019-06-28 09:48:21.314857095,98507,100,98300,243,99398,443,98222,239,99481,239,98221,139,99552,339,,,99876,100,,,99886,100,,,99915,100,,,100001,100,,,100030,100,,,100033,100,,
2019-06-28 09:48:30.000000000,98507,206,98300,206,99398,406,98222,206,99481,206,98221,106,99552,306,,,99876,100,,,99886,100,,,99915,100,,,100001,100,,,100030,100,,,100033,100,,
2019-06-28 09:48:34.171375830,98507,206,98397,100,99398,406,98300,206,99481,206,98222,206,99552,306,98221,106,99876,100,,,99886,100,,,99915,100,,,100001,100,,,100030,100,,,100033,100,,
2019-06-28 09:48:37.254493213,98507,206,98397,100,99097,100,98300,206,99398,406,98222,206,99481,206,98221,106,99552,206,,,99876,100,,,99886,100,,,99915,100,,,100001,100,,,100030,100,,
2019-06-28 09:48:40.000000000,98507,311,98397,311,99097,311,98300,311,99398,300,98222,100,99481,100,,,99552,100,,,99876,100,,,99886,100,,,99915,100,,,100001,100,,,100030,100,,
2019-06-28 09:48:42.452735446,98507,311,98397,211,99097,311,98300,311,99398,300,98222,100,99481,100,,,99552,100,,,99876,100,,,99886,100,,,99915,100,,,100001,100,,,100030,100,,
2019-06-28 09:48:50.000000000,98507,184,98300,184,99097,184,98222,184,99398,384,98221,84,99481,184,,,99552,184,,,99876,100,,,99886,100,,,99915,100,,,100001,100,,,100030,100,,
2019-06-28 09:49:00.000000000,98507,243,98300,243,99097,239,98222,239,99398,439,98221,139,99481,100,,,99552,100,,,99876,100,,,99886,100,,,99915,100,,,100001,100,,,100030,100,,
2019-06-28 09:49:10.000000000,98507,206,98300,206,99097,206,98222,206,99398,406,98221,106,99481,206,,,99552,100,,,99876,100,,,99886,100,,,99915,100,,,100001,100,,,100030,100,,
2019-06-28 09:49:20.000000000,98507,243,98300,243,99097,239,98222,239,99398,439,98221,139,99481,100,,,99552,100,,,99876,100,,,99886,100,,,99915,100,,,100001,100,,,100030,100,,
2019-06-28 09:49:20.337562609,98507,243,98300,243,99047,100,98222,139,99097,239,98221,139,99398,439,,,99481,100,,,99552,100,,,99876,100,,,99886,100,,,99915,100,,,100001,100,,
2019-06-28 09:49:30.000000000,98507,522,98300,522,99047,100,,,99097,100,,,99398,300,,,99481,100,,,99552,100,,,99876,100,,,99886,100,,,99915,100,,,100001,100,,
2019-06-28 09:49:35.220814624,98507,522,98300,522,99047,100,,,99097,100,,,99389,100,,,99398,300,,,99481,100,,,99552,100,,,99876,100,,,99886,100,,,99915,100,,
2019-06-28 09:49:40.000000000,98507,243,98300,243,99047,239,98299,139,99097,239,,,99389,100,,,99398,300,,,99481,100,,,99552,100,,,99876,100,,,99886,100,,,99915,100,,
2019-06-28 09:49:41.402890144,98507,243,98300,243,99047,239,98299,139,99097,239,,,99389,100,,,99398,300,,,99552,100,,,99876,100,,,99886,100,,,99915,100,,,100001,100,,
2019-06-28 09:49:49.411367570,98507,243,98300,243,99047,239,98299,139,99097,239,,,99343,100,,,99389,100,,,99398,300,,,99552,100,,,99876,100,,,99886,100,,,99915,100,,
2019-06-28 09:49:50.000000000,98507,311,98300,311,99047,311,98299,211,99097,100,,,99343,100,,,99389,100,,,99398,300,,,99552,100,,,99876,100,,,99886,100,,,99915,100,,
2019-06-28 09:49:59.855059276,98507,311,98398,100,99047,311,98300,311,99097,100,98299,211,99343,100,,,99389,100,,,99398,300,,,99552,100,,,99876,100,,,99886,100,,,99915,100,,
2019-06-28 09:50:00.000000000,98507,522,98398,522,99047,100,98300,100,99097,100,,,99343,100,,,99389,100,,,99398,300,,,99552,100,,,99876,100,,,99886,100,,,99915,100,,
2019-06-28 09:50:09.592776196,98507,522,98398,522,98974,100,98300,100,99047,100,,,99097,100,,,99343,100,,,99389,100,,,99398,300,,,99552,100,,,99876,100,,,99886,100,,
2019-06-28 09:50:10.000000000,98507,243,98398,243,98974,239,98300,239,99047,239,98299,139,99097,100,,,99343,100,,,99389,100,,,99398,300,,,99552,100,,,99876,100,,,99886,100,,
2019-06-28 09:50:20.000000000,98507,311,98398,311,98974,311,98300,311,99047,100,,,99097,100,,,99343,100,,,99389,100,,,99398,300,,,99552,100,,,99876,100,,,99886,100,,
2019-06-28 09:50:30.000000000,98507,311,98398,311,98974,311,98300,311,99047,100,,,99097,100,,,99343,100,,,99389,100,,,99398,300,,,99552,100,,,99876,100,,,99886,100,,
2019-06-28 09:50:35.464077130,98507,311,98398,311,98974,311,98300,311,99047,100,,,99097,100,,,99343,100,,,99389,100,,,99398,300,,,99552,100,,,99660,100,,,99876,100,,
2019-06-28 09:50:40.000000000,98507,243,98398,243,98974,239,98300,239,99047,239,98299,139,99097,100,,,99343,100,,,99389,100,,,99398,300,,,99552,100,,,99660,100,,,99876,100,,
2019-06-28 09:50:50.000000000,98507,311,98398,311,98974,311,98300,311,99047,100,,,99097,100,,,99343,100,,,99389,100,,,99398,300,,,99552,100,,,99660,100,,,99876,100,,
2019-06-28 09:50:51.271108394,98507,211,98398,311,98974,311,98300,311,99047,100,,,99097,100,,,99343,100,,,99389,100,,,99398,300,,,99552,100,,,99660,100,,,99876,100,,
2019-06-28 09:50:52.295540053,98507,111,98398,311,98974,311,98300,311,99047,100,,,99097,100,,,99343,100,,,99389,100,,,99398,300,,,99552,100,,,99660,100,,,99876,100,,
2019-06-28 09:50:56.580453839,98507,11,98398,311,98974,311,98300,311,99047,100,,,99097,100,,,99343,100,,,99389,100,,,99398,300,,,99552,100,,,99660,100,,,99876,100,,
2019-06-28 09:51:00.000000000,98974,206,98398,206,99047,206,98300,206,99097,206,98299,106,99343,206,,,99389,100,,,99398,300,,,99552,100,,,99660,100,,,99876,100,,,99886,100,,
2019-06-28 09:51:10.000000000,98974,206,98398,206,99047,206,98300,206,99097,206,98299,106,99343,206,,,99389,100,,,99398,300,,,99552,100,,,99660,100,,,99876,100,,,99886,100,,
2019-06-28 09:51:13.552507785,98974,106,98398,206,99047,206,98300,206,99097,206,98299,106,99343,206,,,99389,100,,,99398,300,,,99552,100,,,99660,100,,,99876,100,,,99886,100,,
2019-06-28 09:51:15.459045497,98974,106,98398,206,99047,206,98300,206,99097,206,98299,106,99343,206,,,99389,100,,,99398,300,,,99537,100,,,99552,100,,,99660,100,,,99876,100,,
2019-06-28 09:51:20.000000000,99047,206,98398,206,99097,206,98300,206,99343,206,98299,106,99389,206,,,99398,300,,,99537,100,,,99552,100,,,99660,100,,,99876,100,,,99886,100,,
2019-06-28 09:51:24.255238307,99047,206,98398,206,99097,206,98300,206,99343,206,98299,106,99389,206,,,99398,300,,,99537,100,,,99552,100,,,99660,100,,,99803,100,,,99876,100,,
2019-06-28 09:51:27.480839664,99047,206,98398,206,99097,206,98300,206,99343,206,98299,106,99389,206,,,99398,300,,,99537,100,,,99540,100,,,99552,100,,,99660,100,,,99803,100,,
2019-06-28 09:51:30.000000000,99047,206,98398,206,99097,206,98300,206,99343,206,98299,106,99389,206,,,99398,300,,,99537,100,,,99540,100,,,99552,100,,,99660,100,,,99803,100,,
2019-06-28 09:51:40.000000000,99047,522,98398,522,99097,100,98300,100,99343,100,,,99389,100,,,99398,300,,,99537,100,,,99540,100,,,99552,100,,,99660,100,,,99803,100,,
2019-06-28 09:51:44.449520212,99047,522,98398,522,99097,100,98300,100,99343,100,,,99389,100,,,99398,300,,,99485,100,,,99537,100,,,99540,100,,,99552,100,,,99660,100,,
2019-06-28 09:51:50.000000000,99047,206,98398,206,99097,206,98300,206,99343,206,98299,106,99389,206,,,99398,300,,,99485,100,,,99537,100,,,99540,100,,,99552,100,,,99660,100,,
2019-06-28 09:51:56.002179740,99047,106,98398,206,99097,206,98300,206,99343,206,98299,106,99389,206,,,99398,300,,,99485,100,,,99537,100,,,99540,100,,,99552,100,,,99660,100,,
2019-06-28 09:51:59.312626842,99047,106,98974,100,99097,206,98398,206,99343,206,98300,206,99389,206,98299,106,99398,300,,,99485,100,,,99537,100,,,99540,100,,,99552,100,,,99660,100,,
2019-06-28 09:52:00.000000000,99097,243,98974,243,99343,239,98398,239,99389,239,98300,239,99398,300,,,99485,100,,,99537,100,,,99540,100,,,99552,100,,,99660,100,,,99803,100,,
2019-06-28 09:52:10.000000000,99097,522,98974,522,99343,100,98398,100,99389,100,98300,100,99398,300,,,99485,100,,,99537,100,,,99540,100,,,99552,100,,,99660,100,,,99803,100,,
2019-06-28 09:52:12.090275805,99097,522,98974,522,99343,100,98398,100,99389,100,98300,100,99398,200,,,99485,100,,,99537,100,,,99540,100,,,99552,100,,,99660,100,,,99803,100,,
2019-06-28 09:52:12.172870018,99097,422,98974,522,99343,100,98398,100,99389,100,98300,100,99398,200,,,99485,100,,,99537,100,,,99540,100,,,99552,100,,,99660,100,,,99803,100,,
2019-06-28 09:52:20.000000000,99343,311,98974,311,99389,311,98398,311,99398,200,98300,100,99485,100,,,99537,100,,,99540,100,,,99552,100,,,99660,100,,,99803,100,,,99876,100,,
2019-06-28 09:52:30.000000000,99343,522,98974,522,99389,100,98398,100,99398,200,98300,100,99485,100,,,99537,100,,,99540,100,,,99552,100,,,99660,100,,,99803,100,,,99876,100,,
2019-06-28 09:52:40.000000000,99343,243,98974,243,99389,239,98398,239,99398,339,98300,239,99485,100,,,99537,100,,,99540,100,,,99552,100,,,99660,100,,,99803,100,,,99876,100,,
2019-06-28 09:52:50.000000000,99343,243,98974,243,99389,239,98398,239,99398,339,98300,239,99485,100,,,99537,100,,,99540,100,,,99552,100,,,99660,100,,,99803,100,,,99876,100,,
2019-06-28 09:53:00.000000000,99343,311,98974,311,99389,311,98398,311,99398,200,98300,100,99485,100,,,99537,100,,,99540,100,,,99552,100,,,99660,100,,,99803,100,,,99876,100,,
2019-06-28 09:53:10.000000000,99343,243,98974,243,99389,239,98398,239,99398,339,98300,239,99485,100,,,99537,100,,,99540,100,,,99552,100,,,99660,100,,,99803,100,,,99876,100,,
2019-06-28 09:53:20.000000000,99343,243,98974,243,99389,239,98398,239,99398,339,98300,239,99485,100,,,99537,100,,,99540,100,,,99552,100,,,99660,100,,,99803,100,,,99876,100,,
2019-06-28 09:53:21.977246609,99343,243,99047,100,99389,239,98974,243,99398,339,98398,239,99485,100,98300,239,99537,100,,,99540,100,,,99552,100,,,99660,100,,,99803,100,,,99876,100,,
2019-06-28 09:53:30.000000000,99343,311,99047,311,99389,311,98974,311,99398,200,98398,100,99485,100,98300,100,99537,100,,,99540,100,,,99552,100,,,99660,100,,,99803,100,,,99876,100,,
2019-06-28 09:53:40.000000000,99343,243,99047,243,99389,239,98974,239,99398,339,98398,239,99485,100,98300,100,99537,100,,,99540,100,,,99552,100,,,99660,100,,,99803,100,,,99876,100,,
2019-06-28 09:53:50.000000000,99343,184,99047,184,99389,184,98974,184,99398,284,98398,184,99485,184,98300,184,99537,184,98299,84,99540,100,,,99552,100,,,99660,100,,,99803,100,,,99876,100,,
2019-06-28 09:53:52.895577949,99343,84,99047,184,99389,184,98974,184,99398,284,98398,184,99485,184,98300,184,99537,184,98299,84,99540,100,,,99552,100,,,99660,100,,,99803,100,,,99876,100,,
2019-06-28 09:54:00.000000000,99389,522,99047,522,99398,200,98974,100,99485,100,98398,100,99537,100,98300,100,99540,100,,,99552,100,,,99660,100,,,99803,100,,,99876,100,,,99886,100,,
2019-06-28 09:54:01.923018105,99389,422,99047,522,99398,200,98974,100,99485,100,98398,100,99537,100,98300,100,99540,100,,,99552,100,,,99660,100,,,99803,100,,,99876,100,,,99886,100,,
2019-06-28 09:54:10.000000000,99398,284,99047,184,99485,184,98974,184,99537,184,98398,184,99540,184,98300,184,99552,184,98299,84,99660,100,,,99803,100,,,99876,100,,,99886,100,,,99915,100,,
2019-06-28 09:54:20.000000000,99398,343,99047,243,99485,239,98974,239,99537,239,98398,239,99540,100,98300,100,99552,100,,,99660,100,,,99803,100,,,99876,100,,,99886,100,,,99915,100,,
2019-06-28 09:54:20.769597532,99398,243,99047,243,99485,239,98974,239,99537,239,98398,239,99540,100,98300,100,99552,100,,,99660,100,,,99803,100,,,99876,100,,,99886,100,,,99915,100,,
2019-06-28 09:54:22.328538132,99398,243,99047,243,99485,239,98974,239,99537,239,98398,239,99540,100,98300,100,99552,100,,,99660,100,,,99803,100,,,99876,100,,,99886,100,,,99915,100,,
2019-06-28 09:54:30.000000000,99398,311,99047,311,99485,311,98974,311,99537,100,98398,100,99540,100,98300,100,99552,100,,,99660,100,,,99803,100,,,99876,100,,,99886,100,,,99915,100,,
2019-06-28 09:54:36.477320438,99398,311,99389,100,99485,311,99047,311,99537,100,98974,311,99540,100,98398,100,99552,100,98300,100,99660,100,,,99803,100,,,99876,100,,,99886,100,,,99915,100,,
2019-06-28 09:54:40.000000000,99398,206,99389,206,99485,206,99047,206,99537,206,98974,206,99540,206,98398,206,99552,100,98300,100,99660,100,,,99803,100,,,99876,100,,,99886,100,,,99915,100,,
2019-06-28 09:54:50.000000000,99398,311,99389,311,99485,311,99047,311,99537,100,98974,100,99540,100,98398,100,99552,100,98300,100,99660,100,,,99803,100,,,99876,100,,,99886,100,,,99915,100,,
2019-06-28 09:54:55.982278317,99398,211,99389,311,99485,311,99047,311,99537,100,98974,100,99540,100,98398,100,99552,100,98300,100,99660,100,,,99803,100,,,99876,100,,,99886,100,,,99915,100,,
2019-06-28 09:55:00.000000000,99485,522,99389,522,99537,100,99047,100,99540,100,98974,100,99552,100,98398,100,99660,100,98300,100,99803,100,,,99876,100,,,99886,100,,,99915,100,,,100001,100,,
2019-06-28 09:55:03.829381603,99485,422,99389,522,99537,100,99047,100,99540,100,98974,100,99552,100,98398,100,99660,100,98300,100,99803,100,,,99876,100,,,99886,100,,,99915,100,,,100001,100,,
2019-06-28 09:55:09.694256170,99485,322,99389,522,99537,100,99047,100,99540,100,98974,100,99552,100,98398,100,99660,100,98300,100,99803,100,,,99876,100,,,99886,100,,,99915,100,,,100001,100,,
2019-06-28 09:55:10.000000000,99537,311,99389,311,99540,311,99047,311,99552,100,98974,100,99660,100,98398,100,99803,100,98300,100,99876,100,,,99886,100,,,99915,100,,,100001,100,,,100050,100,,
2019-06-28 09:55:19.238185264,99537,211,99389,311,99540,311,99047,311,99552,100,98974,100,99660,100,98398,100,99803,100,98300,100,99876,100,,,99886,100,,,99915,100,,,100001,100,,,100050,100,,
2019-06-28 09:55:20.000000000,99540,206,99389,206,99552,206,99047,206,99660,206,98974,206,99803,206,98398,206,99876,100,98300,100,99886,100,,,99915,100,,,100001,100,,,100050,100,,,100077,100,,
2019-06-28 09:55:20.269582651,99540,106,99389,206,99552,206,99047,206,99660,206,98974,206,99803,206,98398,206,99876,100,98300,100,99886,100,,,99915,100,,,100001,100,,,100050,100,,,100077,100,,
2019-06-28 09:55:30.000000000,99552,184,99389,184,99660,184,99047,184,99803,184,98974,184,99876,184,98398,184,99886,184,98300,184,99915,100,,,100001,100,,,100050,100,,,100077,100,,,100080,100,,
2019-06-28 09:55:40.000000000,99552,184,99389,184,99660,184,99047,184,99803,184,98974,184,99876,184,98398,184,99886,184,98300,184,99915,100,,,100001,100,,,100050,100,,,100077,100,,,100080,100,,
2019-06-28 09:55:50.000000000,99552,206,99389,206,99660,206,99047,206,99803,206,98974,206,99876,206,98398,206,99886,100,98300,100,99915,100,,,100001,100,,,100050,100,,,100077,100,,,100080,100,,
2019-06-28 09:55:57.615590367,99552,106,99389,206,99660,206,99047,206,99803,206,98974,206,99876,206,98398,206,99886,100,98300,100,99915,100,,,100001,100,,,100050,100,,,100077,100,,,100080,100,,
2019-06-28 09:56:00.000000000,99660,243,99389,243,99803,239,99047,239,99876,239,98974,239,99886,100,98398,100,99915,100,98300,100,100001,100,,,100050,100,,,100077,100,,,100080,100,,,100167,100,,
2019-06-28 09:56:04.068586258,99660,143,99389,243,99803,239,99047,239,99876,239,98974,239,99886,100,98398,100,99915,100,98300,100,100001,100,,,100050,100,,,100077,100,,,100167,100,,,100272,100,,
2019-06-28 09:56:04.996929353,99660,43,99389,243,99803,239,99047,239,99876,239,98974,239,99886,100,98398,100,99915,100,98300,100,100001,100,,,100050,100,,,100077,100,,,100167,100,,,100272,100,,
2019-06-28 09:56:10.000000000,99803,243,99389,243,99876,239,99047,239,99886,239,98974,239,99915,100,98398,100,100001,100,98300,100,100050,100,,,100077,100,,,100167,100,,,100272,100,,,,,,
2019-06-28 09:56:13.548739882,99803,243,99389,243,99876,239,99047,239,99886,239,98974,239,99915,100,98398,100,100001,100,98300,100,100003,100,,,100050,100,,,100077,100,,,100167,100,,,100272,100,,
2019-06-28 09:56:17.571820155,99803,143,99389,243,99876,239,99047,239,99886,239,98974,239,99915,100,98398,100,100001,100,98300,100,100003,100,,,100050,100,,,100077,100,,,100167,100,,,100272,100,,
2019-06-28 09:56:20.000000000,99876,522,99389,522,99886,100,99047,100,99915,100,98974,100,100001,100,98398,100,100003,100,98300,100,100050,100,,,100077,100,,,100167,100,,,100272,100,,,,,,
2019-06-28 09:56:30.000000000,99876,184,99389,184,99886,184,99047,184,99915,184,98974,184,100001,184,98398,184,100003,184,98300,184,100050,100,,,100077,100,,,100167,100,,,100272,100,,,,,,
2019-06-28 09:56:40.000000000,99876,311,99389,311,99886,311,99047,311,99915,100,98974,100,100001,100,98398,100,100003,100,98300,100,100050,100,,,100077,100,,,100167,100,,,100272,100,,,,,,
2019-06-28 09:56:44.906292938,99876,311,99660,100,99886,311,99389,311,99915,100,99047,311,100001,100,98974,100,100003,100,98398,100,100050,100,98300,100,100077,100,,,100167,100,,,100272,100,,,,,,
2019-06-28 09:56:50.000000000,99876,184,99660,184,99886,184,99389,184,99915,184,99047,184,100001,184,98974,184,100003,184,98398,184,100050,100,98300,100,100077,100,,,100167,100,,,100272,100,,,,,,
2019-06-28 09:57:00.000000000,99876,522,99660,522,99886,100,99389,100,99915,100,99047,100,100001,100,98974,100,100003,100,98398,100,100050,100,98300,100,100077,100,,,100167,100,,,100272,100,,,,,,
2019-06-28 09:57:02.507226006,99876,522,99660,422,99886,100,99389,100,99915,100,99047,100,100001,100,98974,100,100003,100,98398,100,100050,100,98300,100,100077,100,,,100167,100,,,100272,100,,,,,,
2019-06-28 09:57:10.000000000,99876,311,99389,311,99886,311,99047,311,99915,100,98974,100,100001,100,98398,100,100003,100,98300,100,100050,100,,,100077,100,,,100167,100,,,100272,100,,,,,,
2019-06-28 09:57:16.445284516,99876,211,99389,311,99886,311,99047,311,99915,100,98974,100,100001,100,98398,100,100003,100,98300,100,100050,100,,,100077,100,,,100167,100,,,100272,100,,,,,,
2019-06-28 09:57:20.000000000,99886,206,99389,206,99915,206,99047,206,100001,206,98974,206,100003,206,98398,206,100050,100,98300,100,100077,100,,,100167,100,,,100272,100,,,,,,,,,,
2019-06-28 09:57:29.036082403,99886,206,99389,106,99915,206,99047,206,100001,206,98974,206,100003,206,98398,206,100050,100,98300,100,100077,100,,,100167,100,,,100272,100,,,,,,,,,,
2019-06-28 09:57:30.000000000,99886,184,99047,184,99915,184,98974,184,100001,184,98398,184,100003,184,98300,184,100050,184,98299,84,100077,100,,,100167,100,,,100272,100,,,,,,,,,,
2019-06-28 09:57:30.758079660,99886,84,99047,184,99915,184,98974,184,100001,184,98398,184,100003,184,98300,184,100050,184,98299,84,100077,100,,,100167,100,,,100272,100,,,,,,,,,,
2019-06-28 09:57:36.993127433,99886,84,99047,184,99915,184,98974,184,100001,184,98398,184,100003,184,98300,184,100050,184,98299,84,100077,100,,,100167,100,,,100272,100,,,100406,100,,,,,,
2019-06-28 09:57:40.000000000,99915,184,99047,184,100001,184,98974,184,100003,184,98398,184,100050,184,98300,184,100077,184,98299,84,100167,100,,,100272,100,,,100406,100,,,,,,,,,,
2019-06-28 09:57:48.198659565,99915,84,99047,184,100001,184,98974,184,100003,184,98398,184,100050,184,98300,184,100077,184,98299,84,100167,100,,,100272,100,,,100406,100,,,,,,,,,,
2019-06-28 09:57:50.000000000,100001,522,99047,522,100003,100,98974,100,100050,100,98398,100,100077,100,98300,100,100167,100,,,100272,100,,,100406,100,,,,,,,,,,,,,,
2019-06-28 09:58:00.000000000,100001,206,99047,206,100003,206,98974,206,100050,206,98398,206,100077,206,98300,206,100167,100,,,100272,100,,,100406,100,,,,,,,,,,,,,,
2019-06-28 09:58:10.000000000,100001,206,99047,206,100003,206,98974,206,100050,206,98398,206,100077,206,98300,206,100167,100,,,100272,100,,,100406,100,,,,,,,,,,,,,,
2019-06-28 09:58:18.729644307,100001,206,99886,100,100003,206,99047,206,100050,206,98974,206,100077,206,98398,206,100167,100,98300,206,100272,100,,,100406,100,,,,,,,,,,,,,,
2019-06-28 09:58:18.904429886,100001,106,99886,100,100003,206,99047,206,100050,206,98974,206,100077,206,98398,206,100167,100,98300,206,100272,100,,,100406,100,,,,,,,,,,,,,,
2019-06-28 09:58:20.000000000,100003,243,99886,243,100050,239,99047,239,100077,239,98974,239,100167,100,98398,100,100272,100,98300,100,100406,100,,,,,,,,,,,,,,,,,,
2019-06-28 09:58:30.000000000,100003,206,99886,206,100050,206,99047,206,100077,206,98974,206,100167,206,98398,206,100272,100,98300,100,100406,100,,,,,,,,,,,,,,,,,,
2019-06-28 09:58:35.761594442,100003,106,99886,206,100050,206,99047,206,100077,206,98974,206,100167,206,98398,206,100272,100,98300,100,100406,100,,,,,,,,,,,,,,,,,,
2019-06-28 09:58:39.906423394,100003,6,99886,206,100050,206,99047,206,100077,206,98974,206,100167,206,98398,206,100272,100,98300,100,100406,100,,,,,,,,,,,,,,,,,,
2019-06-28 09:58:40.000000000,100050,243,99886,243,100077,239,99047,239,100167,239,98974,239,100272,100,98398,100,100406,100,98300,100,,,,,,,,,,,,,,,,,,,,
2019-06-28 09:58:46.711073641,100050,243,99886,243,100077,239,99047,239,100167,239,98974,239,100272,100,98398,100,100406,100,98300,100,100746,100,,,,,,,,,,,,,,,,,,
2019-06-28 09:58:48.191034894,100050,143,99886,243,100077,239,99047,239,100167,239,98974,239,100272,100,98398,100,100406,100,98300,100,100746,100,,,,,,,,,,,,,,,,,,
2019-06-28 09:58:50.000000000,100077,243,99886,243,100167,239,99047,239,100272,239,98974,239,100406,100,98398,100,100746,100,98300,100,,,,,,,,,,,,,,,,,,,,
2019-06-28 09:58:51.578107221,100077,143,99886,243,100167,239,99047,239,100272,239,98974,239,100406,100,98398,100,100746,100,98300,100,,,,,,,,,,,,,,,,,,,,
2019-06-28 09:58:56.723503451,100077,143,99886,243,100167,239,99047,239,100272,239,98974,239,100406,100,98398,100,100746,100,98300,100,100833,100,,,,,,,,,,,,,,,,,,
2019-06-28 09:59:00.000000000,100167,243,99886,243,100272,239,99047,239,100406,239,98974,239,100746,100,98398,100,100833,100,98300,100,,,,,,,,,,,,,,,,,,,,
2019-06-28 09:59:10.000000000,100167,184,99886,184,100272,184,99047,184,100406,184,98974,184,100746,184,98398,184,100833,184,98300,184,,,,,,,,,,,,,,,,,,,,
2019-06-28 09:59:17.678157368,100167,84,99886,184,100272,184,99047,184,100406,184,98974,184,100746,184,98398,184,100833,184,98300,184,,,,,,,,,,,,,,,,,,,,
2019-06-28 09:59:20.000000000,100272,522,99886,522,100406,100,99047,100,100746,100,98974,100,100833,100,98398,100,,,98300,100,,,,,,,,,,,,,,,,,,,,
2019-06-28 09:59:30.000000000,100272,184,99886,184,100406,184,99047,184,100746,184,98974,184,100833,184,98398,184,100834,84,98300,184,,,,,,,,,,,,,,,,,,,,
2019-06-28 09:59:40.000000000,100272,184,99886,184,100406,184,99047,184,100746,184,98974,184,100833,184,98398,184,100834,84,98300,184,,,,,,,,,,,,,,,,,,,,
2019-06-28 09:59:50.000000000,100272,311,99886,311,100406,311,99047,311,100746,100,98974,100,100833,100,98398,100,,,98300,100,,,,,,,,,,,,,,,,,,,,
2019-06-28 10:00:00.000000000,100272,311,99886,311,100406,311,99047,311,100746,100,98974,100,100833,100,98398,100,,,98300,100,,,,,,,,,,,,,,,,,,,,
2019-06-28 10:00:10.000000000,100272,522,99886,522,100406,100,99047,100,100746,100,98974,100,100833,100,98398,100,,,98300,100,,,,,,,,,,,,,,,,,,,,
2019-06-28 10:00:20.000000000,100272,184,99886,184,100406,184,99047,184,100746,184,98974,184,100833,184,98398,184,100834,84,98300,184,,,,,,,,,,,,,,,,,,,,
2019-06-28 10:00:21.625186082,100272,84,99886,184,100406,184,99047,184,100746,184,98974,184,100833,184,98398,184,100834,84,98300,184,,,,,,,,,,,,,,,,,,,,
2019-06-28 10:00:30.000000000,100406,184,99886,184,100746,184,99047,184,100833,184,98974,184,100834,84,98398,184,,,98300,184,,,,,,,,,,,,,,,,,,,,
2019-06-28 10:00:36.184373667,100406,84,99886,184,100746,184,99047,184,100833,184,98974,184,100834,84,98398,184,,,98300,184,,,,,,,,,,,,,,,,,,,,
2019-06-28 10:00:39.695356900,100406,84,99886,184,100689,100,99047,184,100746,184,98974,184,100833,184,98398,184,100834,84,98300,184,,,,,,,,,,,,,,,,,,,,
2019-06-28 10:00:40.000000000,100689,184,99886,184,100746,184,99047,184,100833,184,98974,184,100834,84,98398,184,,,98300,184,,,,,,,,,,,,,,,,,,,,
2019-06-28 10:00:41.236698499,100592,100,99886,184,100689,184,99047,184,100746,184,98974,184,100833,184,98398,184,100834,84,98300,184,,,,,,,,,,,,,,,,,,,,
2019-06-28 10:00:42.787565526,100592,100,100590,100,100689,184,99886,184,100746,184,99047,184,100833,184,98974,184,100834,84,98398,184,,,98300,184,,,,,,,,,,,,,,,,
2019-06-28 10:00:50.000000000,100592,522,100590,522,100689,100,99886,100,100746,100,99047,100,100833,100,98974,100,,,98398,100,,,98300,100,,,,,,,,,,,,,,,,
2019-06-28 10:00:59.425566840,100592,422,100590,522,100689,100,99886,100,100746,100,99047,100,100833,100,98974,100,,,98398,100,,,98300,100,,,,,,,,,,,,,,,,
2019-06-28 10:01:00.000000000,100689,206,100590,206,100746,206,99886,206,100833,206,99047,206,100834,106,98974,206,,,98398,100,,,98300,100,,,,,,,,,,,,,,,,
2019-06-28 10:01:01.040617891,100689,206,100591,100,100746,206,100590,206,100833,206,99886,206,100834,106,99047,206,,,98974,206,,,98398,100,,,98300,100,,,,,,,,,,,,
2019-06-28 10:01:03.720455694,100689,206,100621,100,100746,206,100591,100,100833,206,100590,206,100834,106,99886,206,,,99047,206,,,98974,206,,,98398,100,,,98300,100,,,,,,,,
2019-06-28 10:01:10.000000000,100689,311,100621,311,100746,311,100591,311,100833,100,100590,100,,,99886,100,,,99047,100,,,98974,100,,,98398,100,,,98300,100,,,,,,,,
2019-06-28 10:01:20.000000000,100689,311,100621,311,100746,311,100591,311,100833,100,100590,100,,,99886,100,,,99047,100,,,98974,100,,,98398,100,,,98300,100,,,,,,,,
2019-06-28 10:01:30.000000000,100689,243,100621,243,100746,239,100591,239,100833,239,100590,239,,,99886,100,,,99047,100,,,98974,100,,,98398,100,,,98300,100,,,,,,,,
2019-06-28 10:01:40.000000000,100689,243,100621,243,100746,239,100591,239,100833,239,100590,239,,,99886,100,,,99047,100,,,98974,100,,,98398,100,,,98300,100,,,,,,,,
2019-06-28 10:01:48.274052268,100689,243,100621,243,100746,239,100591,239,100833,239,100590,239,101021,100,99886,100,,,99047,100,,,98974,100,,,98398,100,,,98300,100,,,,,,,,
2019-06-28 10:01:50.000000000,100689,522,100621,522,100746,100,100591,100,100833,100,100590,100,101021,100,99886,100,,,99047,100,,,98974,100,,,98398,100,,,98300,100,,,,,,,,
2019-06-28 10:02:00.000000000,100689,522,100621,522,100746,100,100591,100,100833,100,100590,100,101021,100,99886,100,,,99047,100,,,98974,100,,,98398,100,,,98300,100,,,,,,,,
2019-06-28 10:02:05.743248984,100689,522,100621,522,100746,100,100591,100,100833,100,100590,100,101021,100,99886,100,101334,100,99047,100,,,98974,100,,,98398,100,,,98300,100,,,,,,,,
2019-06-28 10:02:10.000000000,100689,206,100621,206,100746,206,100591,206,100833,206,100590,206,101021,206,99886,206,101334,100,99047,100,,,98974,100,,,98398,100,,,98300,100,,,,,,,,
2019-06-28 10:02:20.000000000,100689,311,100621,311,100746,311,100591,311,100833,100,100590,100,101021,100,99886,100,101334,100,99047,100,,,98974,100,,,98398,100,,,98300,100,,,,,,,,
2019-06-28 10:02:30.000000000,100689,243,100621,243,100746,239,100591,239,100833,239,100590,239,101021,100,99886,100,101334,100,99047,100,,,98974,100,,,98398,100,,,98300,100,,,,,,,,
2019-06-28 10:02:40.000000000,100689,311,100621,311,100746,311,100591,311,100833,100,100590,100,101021,100,99886,100,101334,100,99047,100,,,98974,100,,,98398,100,,,98300,100,,,,,,,,
2019-06-28 10:02:42.806828316,100689,211,100621,311,100746,311,100591,311,100833,100,100590,100,101021,100,99886,100,101334,100,99047,100,,,98974,100,,,98398,100,,,98300,100,,,,,,,,
2019-06-28 10:02:50.000000000,100746,522,100621,522,100833,100,100591,100,101021,100,100590,100,101334,100,99886,100,,,99047,100,,,98974,100,,,98398,100,,,98300,100,,,,,,,,
2019-06-28 10:02:50.315906947,100746,522,100621,522,100813,100,100591,100,100833,100,100590,100,101021,100,99886,100,101334,100,99047,100,,,98974,100,,,98398,100,,,98300,100,,,,,,,,
2019-06-28 10:03:00.000000000,100746,522,100621,522,100813,100,100591,100,100833,100,100590,100,101021,100,99886,100,101334,100,99047,100,,,98974,100,,,98398,100,,,98300,100,,,,,,,,
2019-06-28 10:03:10.000000000,100746,184,100621,184,100813,184,100591,184,100833,184,100590,184,101021,184,99886,184,101334,184,99047,184,,,98974,100,,,98398,100,,,98300,100,,,,,,,,
2019-06-28 10:03:20.000000000,100746,522,100621,522,100813,100,100591,100,100833,100,100590,100,101021,100,99886,100,101334,100,99047,100,,,98974,100,,,98398,100,,,98300,100,,,,,,,,
2019-06-28 10:03:21.960047922,100746,522,100621,522,100813,100,100591,100,100833,100,100590,100,101021,100,99886,100,101170,100,99047,100,101334,100,98974,100,,,98398,100,,,98300,100,,,,,,,,
2019-06-28 10:03:30.000000000,100746,311,100621,311,100813,311,100591,311,100833,100,100590,100,101021,100,99886,100,101170,100,99047,100,101334,100,98974,100,,,98398,100,,,98300,100,,,,,,,,
2019-06-28 10:03:30.179425555,100746,211,100621,311,100813,311,100591,311,100833,100,100590,100,101021,100,99886,100,101170,100,99047,100,101334,100,98974,100,,,98398,100,,,98300,100,,,,,,,,
2019-06-28 10:03:30.833771628,100746,211,100689,100,100813,311,100621,311,100833,100,100591,311,101021,100,100590,100,101170,100,99886,100,101334,100,99047,100,,,98974,100,,,98398,100,,,98300,100,,,,
2019-06-28 10:03:40.000000000,100813,206,100689,206,100833,206,100621,206,101021,206,100591,206,101170,206,100590,206,101334,100,99886,100,,,99047,100,,,98974,100,,,98398,100,,,98300,100,,,,
2019-06-28 10:03:42.643948822,100813,206,100689,206,100833,206,100621,206,101021,206,100591,206,101170,206,100590,206,101244,100,99886,100,101334,100,99047,100,,,98974,100,,,98398,100,,,98300,100,,,,
2019-06-28 10:03:50.000000000,100813,311,100689,311,100833,311,100621,311,101021,100,100591,100,101170,100,100590,100,101244,100,99886,100,101334,100,99047,100,,,98974,100,,,98398,100,,,98300,100,,,,
2019-06-28 10:04:00.000000000,100813,184,100689,184,100833,184,100621,184,101021,184,100591,184,101170,184,100590,184,101244,184,99886,184,101334,100,99047,100,,,98974,100,,,98398,100,,,98300,100,,,,
2019-06-28 10:04:06.009891996,100813,184,100689,184,100833,184,100621,184,101019,100,100591,184,101021,184,100590,184,101170,184,99886,184,101244,184,99047,100,101334,100,98974,100,,,98398,100,,,98300,100,,,,
2019-06-28 10:04:10.000000000,100813,184,100689,184,100833,184,100621,184,101019,184,100591,184,101021,184,100590,184,101170,184,99886,184,101244,100,99047,100,101334,100,98974,100,,,98398,100,,,98300,100,,,,
2019-06-28 10:04:20.000000000,100813,206,100689,206,100833,206,100621,206,101019,206,100591,206,101021,206,100590,206,101170,100,99886,100,101244,100,99047,100,101334,100,98974,100,,,98398,100,,,98300,100,,,,
2019-06-28 10:04:30.000000000,100813,522,100689,522,100833,100,100621,100,101019,100,100591,100,101021,100,100590,100,101170,100,99886,100,101244,100,99047,100,101334,100,98974,100,,,98398,100,,,98300,100,,,,
2019-06-28 10:04:38.169269527,100813,522,100689,522,100833,100,100621,100,100932,100,100591,100,101021,100,100590,100,101170,100,99886,100,101244,100,99047,100,101334,100,98974,100,,,98398,100,,,98300,100,,,,
2019-06-28 10:04:40.000000000,100813,184,100689,184,100833,184,100621,184,100932,184,100591,184,101021,184,100590,184,101170,184,99886,184,101244,100,99047,100,101334,100,98974,100,,,98398,100,,,98300,100,,,,
2019-06-28 10:04:50.000000000,100813,522,100689,522,100833,100,100621,100,100932,100,100591,100,101021,100,100590,100,101170,100,99886,100,101244,100,99047,100,101334,100,98974,100,,,98398,100,,,98300,100,,,,
2019-06-28 10:05:00.000000000,100813,311,100689,311,100833,311,100621,311,100932,100,100591,100,101021,100,100590,100,101170,100,99886,100,101244,100,99047,100,101334,100,98974,100,,,98398,100,,,98300,100,,,,
2019-06-28 10:05:10.000000000,100813,311,100689,311,100833,311,100621,311,100932,100,100591,100,101021,100,100590,100,101170,100,99886,100,101244,100,99047,100,101334,100,98974,100,,,98398,100,,,98300,100,,,,
2019-06-28 10:05:20.000000000,100813,184,100689,184,100833,184,100621,184,100932,184,100591,184,101021,184,100590,184,101170,184,99886,184,101244,100,99047,100,101334,100,98974,100,,,98398,100,,,98300,100,,,,
2019-06-28 10:05:30.000000000,100813,522,100689,522,100833,100,100621,100,100932,100,100591,100,101021,100,100590,100,101170,100,99886,100,101244,100,99047,100,101334,100,98974,100,,,98398,100,,,98300,100,,,,
2019-06-28 10:05:33.180289446,100813,422,100689,522,100833,100,100621,100,100932,100,100591,100,101021,100,100590,100,101170,100,99886,100,101244,100,99047,100,101334,100,98974,100,,,98398,100,,,98300,100,,,,
2019-06-28 10:05:40.000000000,100833,184,100689,184,100932,184,100621,184,101021,184,100591,184,101170,184,100590,184,101244,184,99886,184,101334,100,99047,100,,,98974,100,,,98398,100,,,98300,100,,,,
2019-06-28 10:05:50.000000000,100833,184,100689,184,100932,184,100621,184,101021,184,100591,184,101170,184,100590,184,101244,184,99886,184,101334,100,99047,100,,,98974,100,,,98398,100,,,98300,100,,,,
2019-06-28 10:05:55.938234189,100833,184,100746,100,100932,184,100689,184,101021,184,100621,184,101170,184,100591,184,101244,184,100590,184,101334,100,99886,184,,,99047,100,,,98974,100,,,98398,100,,,98300,100
2019-06-28 10:06:00.000000000,100833,311,100746,311,100932,311,100689,311,101021,100,100621,100,101170,100,100591,100,101244,100,100590,100,101334,100,99886,100,,,99047,100,,,98974,100,,,98398,100,,,98300,100
2019-06-28 10:06:04.159615056,100833,211,100746,311,100932,311,100689,311,101021,100,100621,100,101170,100,100591,100,101244,100,100590,100,101334,100,99886,100,,,99047,100,,,98974,100,,,98398,100,,,98300,100
2019-06-28 10:06:10.000000000,100932,243,100746,243,101021,239,100689,239,101170,239,100621,239,101244,100,100591,100,101334,100,100590,100,,,99886,100,,,99047,100,,,98974,100,,,98398,100,,,98300,100
2019-06-28 10:06:14.199815962,100932,243,100746,243,100971,100,100689,239,101021,239,100621,239,101170,239,100591,100,101244,100,99886,100,101334,100,99047,100,,,98974,100,,,98398,100,,,98300,100,,,,
2019-06-28 10:06:20.000000000,100932,184,100746,184,100971,184,100689,184,101021,184,100621,184,101170,184,100591,184,101244,184,99886,184,101334,100,99047,100,,,98974,100,,,98398,100,,,98300,100,,,,
2019-06-28 10:06:29.297388244,100932,184,100746,184,100971,184,100689,184,101021,184,100621,184,101149,100,100591,184,101170,184,99886,184,101244,184,99047,100,101334,100,98974,100,,,98398,100,,,98300,100,,,,
2019-06-28 10:06:30.000000000,100932,243,100746,243,100971,239,100689,239,101021,239,100621,239,101149,100,100591,100,101170,100,99886,100,101244,100,99047,100,101334,100,98974,100,,,98398,100,,,98300,100,,,,
2019-06-28 10:06:32.414996042,100932,243,100790,100,100971,239,100746,243,101021,239,100689,239,101149,100,100621,239,101170,100,100591,100,101244,100,99886,100,101334,100,99047,100,,,98974,100,,,98398,100,,,98300,100
2019-06-28 10:06:36.492738472,100868,100,100790,100,100932,243,100746,243,100971,239,100689,239,101021,239,100621,239,101149,100,100591,100,101170,100,99886,100,101244,100,99047,100,101334,100,98974,100,,,98398,100,,,98300,100
2019-06-28 10:06:37.136686097,100868,100,100813,100,100932,243,100790,100,100971,239,100746,243,101021,239,100689,239,101149,100,100621,239,101170,100,100591,100,101244,100,99886,100,101334,100,99047,100,,,98974,100,,,98398,100
2019-06-28 10:06:40.000000000,100868,522,100813,522,100932,100,100790,100,100971,100,100746,100,101021,100,100689,100,101149,100,100621,100,101170,100,100591,100,101244,100,99886,100,101334,100,99047,100,,,98974,100,,,98398,100
2019-06-28 10:06:47.922222697,100868,522,100821,100,100932,100,100813,522,100971,100,100790,100,101021,100,100746,100,101149,100,100689,100,101170,100,100621,100,101244,100,100591,100,101334,100,99886,100,,,99047,100,,,98974,100
2019-06-28 10:06:50.000000000,100868,522,100821,522,100932,100,100813,100,100971,100,100790,100,101021,100,100746,100,101149,100,100689,100,101170,100,100621,100,101244,100,100591,100,101334,100,99886,100,,,99047,100,,,98974,100
2019-06-28 10:07:00.000000000,100868,184,100821,184,100932,184,100813,184,100971,184,100790,184,101021,184,100746,184,101149,184,100689,184,101170,100,100621,100,101244,100,100591,100,101334,100,99886,100,,,99047,100,,,98974,100
2019-06-28 10:07:10.000000000,100868,243,100821,243,100932,239,100813,239,100971,239,100790,239,101021,100,100746,100,101149,100,100689,100,101170,100,100621,100,101244,100,100591,100,101334,100,99886,100,,,99047,100,,,98974,100
2019-06-28 10:07:20.000000000,100868,184,100821,184,100932,184,100813,184,100971,184,100790,184,101021,184,100746,184,101149,184,100689,184,101170,100,100621,100,101244,100,100591,100,101334,100,99886,100,,,99047,100,,,98974,100
2019-06-28 10:07:22.231908855,100868,84,100821,184,100932,184,100813,184,100971,184,100790,184,101021,184,100746,184,101149,184,100689,184,101170,100,100621,100,101244,100,100591,100,101334,100,99886,100,,,99047,100,,,98974,100
2019-06-28 10:07:30.000000000,100932,206,100821,206,100971,206,100813,206,101021,206,100790,206,101149,206,100746,206,101170,100,100689,100,101244,100,100621,100,101334,100,100591,100,,,99886,100,,,99047,100,,,98974,100
2019-06-28 10:07:31.556760815,100932,206,100821,206,100971,206,100813,206,101021,206,100790,206,101103,100,100746,206,101149,206,100689,100,101170,100,100621,100,101244,100,100591,100,101334,100,99886,100,,,99047,100,,,98974,100
2019-06-28 10:07:40.000000000,100932,243,100821,243,100971,239,100813,239,101021,239,100790,239,101103,100,100746,100,101149,100,100689,100,101170,100,100621,100,101244,100,100591,100,101334,100,99886,100,,,99047,100,,,98974,100
2019-06-28 10:07:50.000000000,100932,522,100821,522,100971,100,100813,100,101021,100,100790,100,101103,100,100746,100,101149,100,100689,100,101170,100,100621,100,101244,100,100591,100,101334,100,99886,100,,,99047,100,,,98974,100
2019-06-28 10:07:57.864572518,100932,522,100821,522,100971,100,100813,100,101021,100,100790,100,101103,100,100746,100,101149,100,100689,100,101170,100,100621,100,101244,100,100591,100,101334,100,100449,100,,,99886,100,,,99047,100
2019-06-28 10:08:00.000000000,100932,206,100821,206,100971,206,100813,206,101021,206,100790,206,101103,206,100746,206,101149,100,100689,100,101170,100,100621,100,101244,100,100591,100,101334,100,100449,100,,,99886,100,,,99047,100
2019-06-28 10:08:10.000000000,100932,311,100821,311,100971,311,100813,311,101021,100,100790,100,101103,100,100746,100,101149,100,100689,100,101170,100,100621,100,101244,100,100591,100,101334,100,100449,100,,,99886,100,,,99047,100
2019-06-28 10:08:20.000000000,100932,206,100821,206,100971,206,100813,206,101021,206,100790,206,101103,206,100746,206,101149,100,100689,100,101170,100,100621,100,101244,100,100591,100,101334,100,100449,100,,,99886,100,,,99047,100
2019-06-28 10:08:30.000000000,100932,522,100821,522,100971,100,100813,100,101021,100,100790,100,101103,100,100746,100,101149,100,100689,100,101170,100,100621,100,101244,100,100591,100,101334,100,100449,100,,,99886,100,,,99047,100
2019-06-28 10:08:40.000000000,100932,311,100821,311,100971,311,100813,311,101021,100,100790,100,101103,100,100746,100,101149,100,100689,100,101170,100,100621,100,101244,100,100591,100,101334,100,100449,100,,,99886,100,,,99047,100
2019-06-28 10:08:50.000000000,100932,243,100821,243,100971,239,100813,239,101021,239,100790,239,101103,100,100746,100,101149,100,100689,100,101170,100,100621,100,101244,100,100591,100,101334,100,100449,100,,,99886,100,,,99047,100
2019-06-28 10:08:59.150421982,100932,243,100821,143,100971,239,100813,239,101021,239,100790,239,101103,100,100746,100,101149,100,100689,100,101170,100,100621,100,101244,100,100591,100,101334,100,100449,100,,,99886,100,,,99047,100
2019-06-28 10:09:00.000000000,100932,206,100813,206,100971,206,100790,206,101021,206,100746,206,101103,206,100689,206,101149,100,100621,100,101170,100,100591,100,101244,100,100449,100,101334,100,99886,100,,,99047,100,,,98974,100
2019-06-28 10:09:10.000000000,100932,206,100813,206,100971,206,100790,206,101021,206,100746,206,101103,206,100689,206,101149,100,100621,100,101170,100,100591,100,101244,100,100449,100,101334,100,99886,100,,,99047,100,,,98974,100
2019-06-28 10:09:19.663785695,100932,206,100813,206,100971,206,100790,206,101021,206,100746,206,101103,206,100689,206,101149,100,100621,100,101170,100,100591,100,101244,100,100449,100,101334,100,100213,100,,,99886,100,,,99047,100
2019-06-28 10:09:20.000000000,100932,311,100813,311,100971,311,100790,311,101021,100,100746,100,101103,100,100689,100,101149,100,100621,100,101170,100,100591,100,101244,100,100449,100,101334,100,100213,100,,,99886,100,,,99047,100
2019-06-28 10:09:30.000000000,100932,311,100813,311,100971,311,100790,311,101021,100,100746,100,101103,100,100689,100,101149,100,100621,100,101170,100,100591,100,101244,100,100449,100,101334,100,100213,100,,,99886,100,,,99047,100
2019-06-28 10:09:40.000000000,100932,311,100813,311,100971,311,100790,311,101021,100,100746,100,101103,100,100689,100,101149,100,100621,100,101170,100,100591,100,101244,100,100449,100,101334,100,100213,100,,,99886,100,,,99047,100
2019-06-28 10:09:50.000000000,100932,243,100813,243,100971,239,100790,239,101021,239,100746,239,101103,100,100689,100,101149,100,100621,100,101170,100,100591,100,101244,100,100449,100,101334,100,100213,100,,,99886,100,,,99047,100
2019-06-28 10:09:55.490568608,100932,243,100813,143,100971,239,100790,239,101021,239,100746,239,101103,100,100689,100,101149,100,100621,100,101170,100,100591,100,101244,100,100449,100,101334,100,100213,100,,,99886,100,,,99047,100
2019-06-28 10:09:59.495660594,100932,243,100813,143,100971,239,100790,239,101021,239,100746,239,101103,100,100689,100,101149,100,100621,100,101170,100,100591,100,101244,100,100449,100,101334,100,100213,100,,,100159,100,,,99886,100
2019-06-28 10:10:00.000000000,100932,206,100790,206,100971,206,100746,206,101021,206,100689,206,101103,206,100621,206,101149,100,100591,100,101170,100,100449,100,101244,100,100213,100,101334,100,100159,100,,,99886,100,,,99047,100
2019-06-28 10:10:07.188226491,100932,206,100790,106,100971,206,100746,206,101021,206,100689,206,101103,206,100621,206,101149,100,100591,100,101170,100,100449,100,101244,100,100213,100,101334,100,100159,100,,,99886,100,,,99047,100
2019-06-28 10:10:10.000000000,100932,184,100746,184,100971,184,100689,184,101021,184,100621,184,101103,184,100591,184,101149,184,100449,184,101170,100,100213,100,101244,100,100159,100,101334,100,99886,100,,,99047,100,,,98974,100
2019-06-28 10:10:17.109456769,100813,100,100746,184,100932,184,100689,184,100971,184,100621,184,101021,184,100591,184,101103,184,100449,184,101149,184,100213,100,101170,100,100159,100,101244,100,99886,100,101334,100,99047,100,,,98974,100
2019-06-28 10:10:20.000000000,100813,184,100746,184,100932,184,100689,184,100971,184,100621,184,101021,184,100591,184,101103,184,100449,184,101149,100,100213,100,101170,100,100159,100,101244,100,99886,100,101334,100,99047,100,,,98974,100
2019-06-28 10:10:21.506670781,100813,284,100746,184,100932,184,100689,184,100971,184,100621,184,101021,184,100591,184,101103,184,100449,184,101149,100,100213,100,101170,100,100159,100,101244,100,99886,100,101334,100,99047,100,,,98974,100
2019-06-28 10:10:21.655716284,100813,284,100746,84,100932,184,100689,184,100971,184,100621,184,101021,184,100591,184,101103,184,100449,184,101149,100,100213,100,101170,100,100159,100,101244,100,99886,100,101334,100,99047,100,,,98974,100
2019-06-28 10:10:30.000000000,100813,411,100689,311,100932,311,100621,311,100971,100,100591,100,101021,100,100449,100,101103,100,100213,100,101149,100,100159,100,101170,100,99886,100,101244,100,99047,100,101334,100,98974,100,,,98398,100
2019-06-28 10:10:40.000000000,100813,622,100689,522,100932,100,100621,100,100971,100,100591,100,101021,100,100449,100,101103,100,100213,100,101149,100,100159,100,101170,100,99886,100,101244,100,99047,100,101334,100,98974,100,,,98398,100
2019-06-28 10:10:46.374400028,100790,100,100689,522,100813,622,100621,100,100932,100,100591,100,100971,100,100449,100,101021,100,100213,100,101103,100,100159,100,101149,100,99886,100,101170,100,99047,100,101244,100,98974,100,101334,100,98300,100
2019-06-28 10:10:50.000000000,100790,206,100689,206,100813,306,100621,206,100932,206,100591,206,100971,206,100449,206,101021,100,100213,100,101103,100,100159,100,101149,100,99886,100,101170,100,99047,100,101244,100,98974,100,101334,100,98300,100
2019-06-28 10:10:57.620826780,100790,206,100689,206,100813,306,100621,206,100932,206,100591,206,100971,206,100449,206,101021,100,100213,100,101103,100,100159,100,101149,100,99886,100,101170,100,99453,100,101244,100,99047,100,101334,100,98974,100
2019-06-28 10:11:00.000000000,100790,184,100689,184,100813,284,100621,184,100932,184,100591,184,100971,184,100449,184,101021,184,100213,184,101103,100,100159,100,101149,100,99886,100,101170,100,99453,100,101244,100,99047,100,101334,100,98974,100
2019-06-28 10:11:10.000000000,100790,522,100689,522,100813,200,100621,100,100932,100,100591,100,100971,100,100449,100,101021,100,100213,100,101103,100,100159,100,101149,100,99886,100,101170,100,99453,100,101244,100,99047,100,101334,100,98974,100
2019-06-28 10:11:15.348737914,100790,522,100689,422,100813,200,100621,100,100932,100,100591,100,100971,100,100449,100,101021,100,100213,100,101103,100,100159,100,101149,100,99886,100,101244,100,99453,100,101334,100,99047,100,,,98974,100
2019-06-28 10:11:20.000000000,100790,184,100621,184,100813,284,100591,184,100932,184,100449,184,100971,184,100213,184,101021,184,100159,184,101103,100,99886,100,101149,100,99453,100,101244,100,99047,100,101334,100,98974,100,,,98300,100
2019-06-28 10:11:20.187540531,100746,100,100621,184,100790,184,100591,184,100813,284,100449,184,100932,184,100213,184,100971,184,100159,184,101021,184,99886,100,101103,100,99453,100,101149,100,99047,100,101244,100,98974,100,101334,100,98300,100
2019-06-28 10:11:30.000000000,100746,184,100621,184,100790,184,100591,184,100813,284,100449,184,100932,184,100213,184,100971,184,100159,184,101021,100,99886,100,101103,100,99453,100,101149,100,99047,100,101244,100,98974,100,101334,100,98300,100
2019-06-28 10:11:32.705401182,100746,184,100621,84,100790,184,100591,184,100813,284,100449,184,100932,184,100213,184,100971,184,100159,184,101021,100,99886,100,101103,100,99453,100,101149,100,99047,100,101244,100,98974,100,101334,100,98300,100
2019-06-28 10:11:40.000000000,100746,311,100591,311,100790,311,100449,311,100813,200,100213,100,100932,100,100159,100,100971,100,99886,100,101021,100,99453,100,101103,100,99047,100,101149,100,98974,100,101244,100,98300,100,101334,100,,
2019-06-28 10:11:48.317031290,100689,100,100591,311,100746,311,100449,311,100790,311,100213,100,100813,200,100159,100,100932,100,99886,100,100971,100,99453,100,101021,100,99047,100,101103,100,98974,100,101149,100,98300,100,101244,100,,
2019-06-28 10:11:50.000000000,100689,522,100591,522,100746,100,100449,100,100790,100,100213,100,100813,200,100159,100,100932,100,99886,100,100971,100,99453,100,101021,100,99047,100,101103,100,98974,100,101149,100,98300,100,101244,100,,
2019-06-28 10:11:57.875676036,100689,522,100591,422,100746,100,100449,100,100790,100,100213,100,100813,200,100159,100,100932,100,99886,100,100971,100,99453,100,101021,100,99047,100,101103,100,98974,100,101149,100,98300,100,101244,100,,
2019-06-28 10:12:00.000000000,100689,243,100449,243,100746,239,100213,239,100790,239,100159,239,100813,200,99886,100,100932,100,99453,100,100971,100,99047,100,101021,100,98974,100,101103,100,98300,100,101149,100,,,101244,100,,
2019-06-28 10:12:10.000000000,100689,206,100449,206,100746,206,100213,206,100790,206,100159,206,100813,306,99886,206,100932,100,99453,100,100971,100,99047,100,101021,100,98974,100,101103,100,98300,100,101149,100,,,101244,100,,
2019-06-28 10:12:20.000000000,100689,311,100449,311,100746,311,100213,311,100790,100,100159,100,100813,200,99886,100,100932,100,99453,100,100971,100,99047,100,101021,100,98974,100,101103,100,98300,100,101149,100,,,101244,100,,
2019-06-28 10:12:30.000000000,100689,206,100449,206,100746,206,100213,206,100790,206,100159,206,100813,306,99886,206,100932,100,99453,100,100971,100,99047,100,101021,100,98974,100,101103,100,98300,100,101149,100,,,101244,100,,
2019-06-28 10:12:36.838407561,100689,206,100449,206,100746,206,100213,206,100790,206,100159,206,100813,306,99886,206,100932,100,99453,100,100971,100,99261,100,101021,100,99047,100,101103,100,98974,100,101149,100,98300,100,101244,100,,
2019-06-28 10:12:37.325526491,100689,206,100449,106,100746,206,100213,206,100790,206,100159,206,100813,306,99886,206,100932,100,99453,100,100971,100,99047,100,101021,100,98974,100,101103,100,98300,100,101149,100,,,101244,100,,
2019-06-28 10:12:40.000000000,100689,184,100213,184,100746,184,100159,184,100790,184,99886,184,100813,284,99453,184,100932,184,99047,184,100971,100,98974,100,101021,100,98300,100,101103,100,,,101149,100,,,101244,100,,
2019-06-28 10:12:43.166222497,100689,184,100213,84,100746,184,100159,184,100790,184,99886,184,100813,284,99453,184,100932,184,99047,184,100971,100,98974,100,101021,100,98300,100,101103,100,,,101149,100,,,101244,100,,
2019-06-28 10:12:50.000000000,100689,206,100159,206,100746,206,99886,206,100790,206,99453,206,100813,306,99047,206,100932,100,98974,100,100971,100,98300,100,101021,100,,,101103,100,,,101149,100,,,101244,100,,
2019-06-28 10:13:00.000000000,100689,206,100159,206,100746,206,99886,206,100790,206,99453,206,100813,306,99047,206,100932,100,98974,100,100971,100,98300,100,101021,100,,,101103,100,,,101149,100,,,101244,100,,
2019-06-28 10:13:10.000000000,100689,184,100159,184,100746,184,99886,184,100790,184,99453,184,100813,284,99047,184,100932,184,98974,184,100971,100,98300,100,101021,100,,,101103,100,,,101149,100,,,101244,100,,
2019-06-28 10:13:20.000000000,100689,243,100159,243,100746,239,99886,239,100790,239,99453,239,100813,200,99047,100,100932,100,98974,100,100971,100,98300,100,101021,100,,,101103,100,,,101149,100,,,101244,100,,
2019-06-28 10:13:25.776143072,100689,243,100159,243,100746,239,99886,239,100790,239,99453,239,100813,200,99047,100,100932,100,98997,100,100971,100,98974,100,101021,100,98300,100,101103,100,,,101149,100,,,101244,100,,
2019-06-28 10:13:30.000000000,100689,184,100159,184,100746,184,99886,184,100790,184,99453,184,100813,284,99047,184,100932,184,98997,184,100971,100,98974,100,101021,100,98300,100,101103,100,,,101149,100,,,101244,100,,
2019-06-28 10:13:35.205158021,100689,184,100159,184,100746,184,99886,184,100790,184,99453,184,100813,284,99156,100,100932,184,99047,184,100971,100,98997,184,101021,100,98974,100,101103,100,98300,100,101149,100,,,101244,100,,
2019-06-28 10:13:40.000000000,100689,206,100159,206,100746,206,99886,206,100790,206,99453,206,100813,306,99156,206,100932,100,99047,100,100971,100,98997,100,101021,100,98974,100,101103,100,98300,100,101149,100,,,101244,100,,
2019-06-28 10:13:50.000000000,100689,243,100159,243,100746,239,99886,239,100790,239,99453,239,100813,200,99156,100,100932,100,99047,100,100971,100,98997,100,101021,100,98974,100,101103,100,98300,100,101149,100,,,101244,100,,
2019-06-28 10:14:00.000000000,100689,311,100159,311,100746,311,99886,311,100790,100,99453,100,100813,200,99156,100,100932,100,99047,100,100971,100,98997,100,101021,100,98974,100,101103,100,98300,100,101149,100,,,101244,100,,
2019-06-28 10:14:10.000000000,100689,184,100159,184,100746,184,99886,184,100790,184,99453,184,100813,284,99156,184,100932,184,99047,184,100971,100,98997,100,101021,100,98974,100,101103,100,98300,100,101149,100,,,101244,100,,
2019-06-28 10:14:17.468862236,100689,184,100159,84,100746,184,99886,184,100790,184,99453,184,100813,284,99156,184,100932,184,99047,184,100971,100,98997,100,101021,100,98974,100,101103,100,98300,100,101149,100,,,101244,100,,
2019-06-28 10:14:19.148591999,100689,84,100159,84,100746,184,99886,184,100790,184,99453,184,100813,284,99156,184,100932,184,99047,184,100971,100,98997,100,101021,100,98974,100,101103,100,98300,100,101149,100,,,101244,100,,
2019-06-28 10:14:20.000000000,100746,206,99886,206,100790,206,99453,206,100813,306,99156,206,100932,206,99047,206,100971,100,98997,100,101021,100,98974,100,101103,100,98300,100,101149,100,,,101244,100,,,,,,
2019-06-28 10:14:30.000000000,100746,184,99886,184,100790,184,99453,184,100813,284,99156,184,100932,184,99047,184,100971,184,98997,184,101021,100,98974,100,101103,100,98300,100,101149,100,,,101244,100,,,,,,
2019-06-28 10:14:33.053526107,100746,184,99886,84,100790,184,99453,184,100813,284,99156,84,100932,184,99047,184,100971,184,98997,184,101021,100,98974,100,101103,100,98300,100,101149,100,,,101244,100,,,,,,
2019-06-28 10:14:36.334521110,100159,100,99886,84,100746,184,99453,184,100790,184,99156,84,100813,284,99047,184,100932,184,98997,184,100971,184,98300,100,101021,100,,,101103,100,,,101149,100,,,101244,100,,
2019-06-28 10:14:40.000000000,100159,184,99453,184,100746,184,99047,184,100790,184,98997,184,100813,284,98300,184,100932,184,98299,84,100971,100,,,101021,100,,,101103,100,,,101149,100,,,101244,100,,
2019-06-28 10:14:50.000000000,100159,522,99453,522,100746,100,99047,100,100790,100,98997,100,100813,200,98300,100,100932,100,,,100971,100,,,101021,100,,,101103,100,,,101149,100,,,101244,100,,
2019-06-28 10:15:00.000000000,100159,206,99453,206,100746,206,99047,206,100790,206,98997,206,100813,306,98300,206,100932,100,,,100971,100,,,101021,100,,,101103,100,,,101149,100,,,101244,100,,
2019-06-28 10:15:10.000000000,100159,311,99453,311,100746,311,99047,311,100790,100,98997,100,100813,200,98300,100,100932,100,,,100971,100,,,101021,100,,,101103,100,,,101149,100,,,101244,100,,
2019-06-28 10:15:15.056762906,100159,311,99453,311,100746,311,99047,311,100790,100,98997,100,100813,200,98300,100,100932,100,97960,100,100971,100,,,101021,100,,,101103,100,,,101149,100,,,101244,100,,
2019-06-28 10:15:20.000000000,100159,311,99453,311,100746,311,99047,311,100790,100,98997,100,100813,200,98300,100,100932,100,97960,100,100971,100,,,101021,100,,,101103,100,,,101149,100,,,101244,100,,
2019-06-28 10:15:30.000000000,100159,206,99453,206,100746,206,99047,206,100790,206,98997,206,100813,306,98300,206,100932,100,97960,100,100971,100,,,101021,100,,,101103,100,,,101149,100,,,101244,100,,
2019-06-28 10:15:37.478961119,100159,306,99453,206,100746,206,99047,206,100790,206,98997,206,100813,306,98300,206,100932,100,97960,100,100971,100,,,101021,100,,,101103,100,,,101149,100,,,101244,100,,
2019-06-28 10:15:39.770902836,100159,306,99453,106,100746,206,99047,206,100790,206,98997,206,100813,306,98300,206,100932,100,97960,100,100971,100,,,101021,100,,,101103,100,,,101149,100,,,101244,100,,
2019-06-28 10:15:40.000000000,100159,343,99047,243,100746,239,98997,239,100790,239,98300,239,100813,200,97960,100,100932,100,,,100971,100,,,101021,100,,,101103,100,,,101149,100,,,101244,100,,
