,ask_price_1,ask_size_1,bid_price_1,bid_size_1,ask_price_2,ask_size_2,bid_price_2,bid_size_2,ask_price_3,ask_size_3,bid_price_3,bid_size_3,ask_price_4,ask_size_4,bid_price_4,bid_size_4,ask_price_5,ask_size_5,bid_price_5,bid_size_5,ask_price_6,ask_size_6,bid_price_6,bid_size_6,ask_price_7,ask_size_7,bid_price_7,bid_size_7,ask_price_8,ask_size_8,bid_price_8,bid_size_8,ask_price_9,ask_size_9,bid_price_9,bid_size_9,ask_price_10,ask_size_10,bid_price_10,bid_size_10
2019-06-28 09:30:00.000000000,,,99808,100,,,,,,,,,,,,,,,,,,,,,,,,,,,,,,,,,,,,
2019-06-28 09:30:00.000000002,,,100028,100,,,99808,100,,,,,,,,,,,,,,,,,,,,,,,,,,,,,,,,
2019-06-28 09:30:00.000000004,100041,100,100028,100,,,99808,100,,,99799,100,,,,,,,,,,,,,,,,,,,,,,,,,,,,
2019-06-28 09:30:00.000000006,100041,100,100028,100,100046,100,99808,100,,,99799,100,,,,,,,,,,,,,,,,,,,,,,,,,,,,
2019-06-28 09:30:00.000000010,100041,100,99808,100,100046,100,99799,100,,,,,,,,,,,,,,,,,,,,,,,,,,,,,,,,
2019-06-28 09:30:00.000000011,100041,100,99808,100,100046,100,99799,100,100144,100,,,,,,,,,,,,,,,,,,,,,,,,,,,,,,
2019-06-28 09:30:00.000000012,100041,100,99808,100,100046,100,99799,100,100078,100,,,100144,100,,,,,,,,,,,,,,,,,,,,,,,,,,
2019-06-28 09:30:00.000000013,100041,100,99857,100,100046,100,99808,100,100078,100,99799,100,100144,100,,,,,,,,,,,,,,,,,,,,,,,,,,
2019-06-28 09:30:00.000000015,100041,100,99857,100,100046,100,99808,100,100078,100,99799,100,100082,100,,,100144,100,,,,,,,,,,,,,,,,,,,,,,
2019-06-28 09:30:00.000000017,100041,100,99857,100,100046,100,99808,100,100078,100,99799,100,100082,100,,,100144,200,,,,,,,,,,,,,,,,,,,,,,
2019-06-28 09:30:00.000000018,100041,100,99906,100,100046,100,99857,100,100078,100,99808,100,100082,100,99799,100,100144,200,,,,,,,,,,,,,,,,,,,,,,
2019-06-28 09:30:00.000000019,100041,100,99989,100,100046,100,99963,100,100078,100,99906,100,100082,100,99857,100,100144,200,99808,100,,,99799,100,,,,,,,,,,,,,,,,
2019-06-28 09:30:00.000000020,100041,100,99963,100,100046,100,99906,100,100078,100,99857,100,100082,100,99808,100,100144,200,99799,100,,,,,,,,,,,,,,,,,,,,
2019-06-28 09:30:00.000000021,100028,100,99963,100,100041,100,99906,100,100046,100,99857,100,100078,100,99808,100,100082,100,99799,100,100144,200,,,,,,,,,,,,,,,,,,
2019-06-28 09:30:00.000000029,100028,100,99963,100,100041,100,99906,100,100046,100,99857,100,100078,100,99808,100,100082,100,99799,100,100144,200,99794,100,,,,,,,,,,,,,,,,
2019-06-28 09:30:00.000000030,100028,100,99963,100,100041,100,99906,100,100046,100,99884,100,100078,100,99857,100,100082,100,99808,100,100144,200,99799,100,,,99794,100,,,,,,,,,,,,
2019-06-28 09:30:00.000000032,100028,100,99963,100,100041,100,99906,100,100046,100,99884,100,100078,100,99857,100,100082,100,99826,100,100144,200,99808,100,,,99799,100,,,99794,100,,,,,,,,
2019-06-28 09:30:00.000000033,100028,200,99963,100,100041,100,99906,100,100046,100,99884,100,100078,100,99857,100,100082,100,99826,100,100144,200,99808,100,,,99799,100,,,99794,100,,,99777,100,,,,
2019-06-28 09:30:00.000000035,100028,200,99963,100,100041,100,99906,100,100046,100,99884,100,100078,100,99857,100,100082,100,99831,100,100144,200,99826,100,,,99808,100,,,99799,100,,,99794,100,,,99777,100
2019-06-28 09:30:00.000000036,100028,300,99963,100,100041,100,99906,100,100043,100,99884,100,100046,100,99857,100,100078,100,99831,100,100082,100,99826,100,100144,200,99808,100,,,99799,100,,,99794,100,,,99777,100
2019-06-28 09:30:00.000000040,100028,400,99963,100,100041,100,99906,100,100043,100,99884,100,100046,100,99857,100,100078,100,99831,100,100082,100,99826,100,100144,200,99808,100,,,99799,100,,,99794,100,,,99777,100
2019-06-28 09:30:00.000000044,100028,400,99939,100,100041,100,99906,100,100043,100,99884,100,100046,100,99857,100,100078,100,99831,100,100082,100,99826,100,100144,200,99808,100,,,99799,100,,,99794,100,,,99777,100
2019-06-28 09:30:00.000000046,100028,400,99939,100,100041,100,99906,100,100043,100,99884,100,100046,100,99857,100,100062,100,99831,100,100078,100,99826,100,100082,100,99808,100,100144,200,99799,100,,,99794,100,,,99777,100
2019-06-28 09:30:00.000000051,100028,400,99939,100,100041,100,99906,100,100043,100,99884,100,100046,100,99857,100,100062,100,99831,100,100078,100,99826,100,100082,100,99808,100,100118,100,99799,100,100144,200,99794,100,,,99777,100
2019-06-28 09:30:00.000000052,99989,100,99939,100,100028,400,99926,100,100041,100,99906,100,100043,100,99884,100,100046,100,99857,100,100062,100,99831,100,100078,100,99826,100,100082,100,99808,100,100118,100,99799,100,100144,200,99794,100
2019-06-28 09:30:00.000000054,99989,100,99939,100,100001,100,99926,100,100028,400,99906,100,100041,100,99884,100,100043,100,99857,100,100046,100,99831,100,100062,100,99826,100,100078,100,99808,100,100082,100,99799,100,100118,100,99794,100
2019-06-28 09:30:00.000000055,99989,100,99939,100,100001,100,99926,100,100028,400,99906,100,100041,100,99884,100,100043,100,99876,100,100046,100,99866,100,100062,100,99857,100,100078,100,99831,100,100082,100,99826,100,100118,100,99808,100
2019-06-28 09:30:00.000000056,99969,100,99939,100,99989,100,99926,100,100001,100,99906,100,100028,400,99884,100,100041,100,99876,100,100043,100,99866,100,100046,100,99857,100,100062,100,99831,100,100078,100,99826,100,100082,100,99808,100
2019-06-28 09:30:00.000000057,99969,100,99939,100,99989,100,99926,100,100001,100,99906,100,100028,400,99884,100,100041,100,99876,100,100043,100,99866,100,100046,100,99857,100,100052,100,99831,100,100062,100,99826,100,100072,100,99808,100
2019-06-28 09:30:00.000000058,99969,100,99939,100,99989,200,99926,100,100001,100,99906,100,100024,100,99884,100,100028,400,99876,100,100041,100,99866,100,100043,100,99857,100,100046,100,99856,100,100052,100,99831,100,100062,100,99826,100
2019-06-28 09:30:00.000000060,99969,100,99963,100,99989,200,99939,100,100001,100,99926,100,100024,100,99906,100,100028,400,99884,100,100041,100,99876,100,100043,100,99866,100,100046,100,99857,100,100052,100,99856,100,100062,100,99831,100
2019-06-28 09:30:00.000000061,99989,200,99964,100,100001,100,99963,100,100024,100,99939,100,100028,400,99926,100,100041,100,99906,100,100043,100,99884,100,100046,100,99876,100,100052,100,99866,100,100062,100,99857,100,100072,100,99856,100
2019-06-28 09:30:00.000000067,99989,200,99964,100,100001,100,99963,100,100024,100,99939,100,100028,400,99926,100,100041,100,99906,100,100043,100,99884,100,100046,100,99877,100,100052,100,99876,100,100062,100,99866,100,100072,100,99857,100
2019-06-28 09:30:00.000000068,99989,200,99964,200,100001,100,99963,100,100024,100,99939,100,100028,400,99926,100,100041,100,99906,100,100043,100,99884,100,100046,100,99877,100,100052,100,99876,100,100062,100,99866,100,100072,100,99857,100
2019-06-28 09:30:00.000000070,99989,200,99964,200,100001,100,99963,100,100024,100,99939,100,100028,400,99926,100,100041,100,99906,100,100043,100,99884,100,100046,100,99877,100,100052,100,99876,100,100062,100,99866,100,100068,100,99857,100
2019-06-28 09:30:00.000000071,99989,200,99964,300,100001,100,99963,100,100024,100,99939,100,100028,400,99926,100,100041,100,99906,100,100043,100,99884,100,100046,100,99877,100,100052,100,99876,100,100062,100,99866,100,100068,100,99857,100
2019-06-28 09:30:00.000000072,99989,200,99964,400,100001,100,99963,100,100024,100,99939,100,100028,400,99926,100,100041,100,99906,100,100043,100,99884,100,100046,100,99877,100,100052,100,99876,100,100062,100,99866,100,100068,100,99857,100
2019-06-28 09:30:00.000000073,99989,200,99964,400,100001,100,99963,100,100024,100,99939,100,100028,400,99926,100,100041,100,99906,100,100043,100,99884,100,100046,100,99877,100,100052,100,99876,100,100062,100,99866,100,100068,100,99857,100
2019-06-28 09:30:00.000000074,99989,200,99964,500,100001,100,99963,100,100024,100,99939,100,100028,400,99926,100,100041,100,99906,100,100043,100,99884,100,100046,100,99877,100,100052,100,99876,100,100062,100,99866,100,100068,100,99857,100
2019-06-28 09:30:00.000000076,99989,100,99964,500,100001,100,99963,100,100024,100,99939,100,100028,400,99926,100,100041,100,99915,100,100043,100,99906,100,100046,100,99884,100,100052,100,99877,100,100062,100,99876,100,100068,100,99866,100
2019-06-28 09:30:00.000000077,99989,100,99964,500,100001,100,99963,100,100024,100,99939,100,100028,400,99926,100,100041,100,99915,100,100043,100,99906,100,100046,100,99884,100,100052,100,99877,100,100062,100,99876,100,100068,100,99866,100
2019-06-28 09:30:00.000000079,99989,100,99969,100,100001,100,99964,500,100024,100,99963,100,100028,400,99939,100,100041,100,99926,100,100043,100,99915,100,100046,100,99906,100,100052,100,99884,100,100062,100,99877,100,100068,100,99876,100
2019-06-28 09:30:00.000000081,99988,100,99969,100,99989,100,99964,500,100001,100,99963,100,100024,100,99939,100,100028,400,99926,100,100041,100,99915,100,100043,100,99906,100,100046,100,99884,100,100052,100,99877,100,100062,100,99876,100
2019-06-28 09:30:00.000000083,99988,100,99969,100,99989,100,99964,500,100001,100,99963,100,100024,100,99939,100,100028,400,99926,100,100040,100,99915,100,100041,100,99906,100,100043,100,99884,100,100046,100,99877,100,100052,100,99876,100
2019-06-28 09:30:00.000000085,99988,200,99969,100,99989,100,99964,500,100001,100,99963,100,100024,100,99939,100,100028,400,99926,100,100040,100,99915,100,100041,100,99906,100,100043,100,99884,100,100046,100,99877,100,100052,100,99876,100
2019-06-28 09:30:00.000000090,99988,200,99969,100,99989,100,99964,500,100001,100,99963,100,100024,100,99957,100,100028,400,99939,100,100040,100,99926,100,100041,100,99915,100,100043,100,99906,100,100046,100,99884,100,100052,100,99877,100
2019-06-28 09:30:00.000000091,99988,200,99969,100,99989,100,99964,500,100001,100,99963,100,100024,100,99957,100,100028,400,99939,100,100040,100,99926,100,100041,100,99916,100,100043,100,99915,100,100046,100,99906,100,100052,100,99884,100
2019-06-28 09:30:00.000000092,99988,200,99969,100,99989,100,99964,500,100001,100,99963,100,100024,100,99957,100,100028,400,99940,100,100040,100,99939,100,100041,100,99926,100,100043,100,99916,100,100046,100,99915,100,100052,100,99906,100
2019-06-28 09:30:00.000000094,99988,200,99969,100,99989,100,99964,500,100001,100,99963,100,100009,100,99957,100,100024,100,99940,100,100028,400,99939,100,100040,100,99926,100,100041,100,99916,100,100043,100,99915,100,100046,100,99906,100
2019-06-28 09:30:00.000000097,99988,200,99969,100,99989,100,99964,500,100001,200,99963,100,100009,100,99957,100,100024,100,99940,100,100028,400,99939,100,100040,100,99926,100,100041,100,99916,100,100043,100,99915,100,100046,100,99906,100
2019-06-28 09:30:10.000000000,99988,361,99969,261,99989,261,99964,661,100001,200,99963,100,100009,100,99957,100,100024,100,99940,100,100028,400,99939,100,100040,100,99926,100,100041,100,99916,100,100043,100,99915,100,100046,100,99906,100
2019-06-28 09:30:10.419157723,99988,261,99969,261,99989,261,99964,661,100001,200,99963,100,100009,100,99957,100,100024,100,99940,100,100028,400,99939,100,100040,100,99926,100,100041,100,99916,100,100043,100,99915,100,100046,100,99884,100
2019-06-28 09:30:14.415726751,99988,161,99969,261,99989,261,99964,661,100001,200,99963,100,100009,100,99957,100,100024,100,99940,100,100028,400,99939,100,100040,100,99916,100,100041,100,99915,100,100043,100,99884,100,100046,100,99877,100
2019-06-28 09:30:20.000000000,99989,422,99969,422,100001,200,99964,500,100009,100,99963,100,100024,100,99957,100,100028,400,99940,100,100040,100,99939,100,100041,100,99916,100,100043,100,99915,100,100046,100,99884,100,100052,100,99877,100
2019-06-28 09:30:24.343501524,99987,100,99969,422,99989,422,99964,500,100001,200,99963,100,100009,100,99957,100,100024,100,99940,100,100028,400,99939,100,100040,100,99916,100,100041,100,99915,100,100043,100,99884,100,100046,100,99877,100
2019-06-28 09:30:30.000000000,99987,180,99969,180,99989,180,99964,580,100001,280,99963,180,100009,180,99957,180,100024,100,99940,100,100028,400,99939,100,100040,100,99916,100,100041,100,99915,100,100043,100,99884,100,100046,100,99877,100
2019-06-28 09:30:40.000000000,99987,261,99969,261,99989,261,99964,661,100001,200,99963,100,100009,100,99957,100,100024,100,99940,100,100028,400,99939,100,100040,100,99916,100,100041,100,99915,100,100043,100,99884,100,100046,100,99877,100
2019-06-28 09:30:43.141405572,99987,261,99969,261,99989,261,99964,661,100001,200,99963,100,100009,100,99957,100,100024,100,99940,100,100028,300,99939,100,100040,100,99916,100,100041,100,99915,100,100043,100,99884,100,100046,100,99877,100
2019-06-28 09:30:50.000000000,99987,261,99969,261,99989,261,99964,661,100001,200,99963,100,100009,100,99957,100,100024,100,99940,100,100028,300,99939,100,100040,100,99916,100,100041,100,99915,100,100043,100,99884,100,100046,100,99877,100
2019-06-28 09:30:55.649459768,99987,261,99969,261,99989,261,99964,661,100001,200,99963,100,100009,100,99957,100,100024,100,99940,100,100028,300,99939,100,100040,100,99916,100,100041,100,99915,100,100043,100,99884,100,100046,100,99877,100
2019-06-28 09:30:58.196993592,99987,261,99969,161,99989,261,99964,661,100001,200,99963,100,100009,100,99957,100,100024,100,99940,100,100028,300,99939,100,100040,100,99916,100,100041,100,99915,100,100043,100,99884,100,100046,100,99877,100
2019-06-28 09:31:00.000000000,99987,209,99964,609,99989,206,99963,206,100001,306,99957,206,100009,100,99940,100,100024,100,99939,100,100028,300,99916,100,100040,100,99915,100,100041,100,99884,100,100043,100,99877,100,100046,100,99876,100
2019-06-28 09:31:01.170727695,99987,209,99964,609,99989,206,99963,206,100001,306,99957,206,100009,100,99940,100,100024,100,99939,100,100028,300,99916,100,100040,100,99915,100,100041,100,99884,100,100043,100,99877,100,100046,100,99876,100
2019-06-28 09:31:02.372043465,99987,109,99964,609,99989,206,99963,206,100001,306,99957,206,100009,100,99940,100,100024,100,99939,100,100028,300,99916,100,100040,100,99915,100,100043,100,99884,100,100046,100,99877,100,100052,100,99876,100
2019-06-28 09:31:10.000000000,99989,180,99964,580,100001,280,99963,180,100009,180,99957,180,100024,180,99940,180,100028,300,99939,100,100040,100,99916,100,100043,100,99915,100,100046,100,99884,100,100052,100,99877,100,100061,100,99876,100
2019-06-28 09:31:20.000000000,99989,422,99964,822,100001,200,99963,100,100009,100,99957,100,100024,100,99940,100,100028,300,99939,100,100040,100,99916,100,100043,100,99915,100,100046,100,99884,100,100052,100,99877,100,100061,100,99876,100
2019-06-28 09:31:27.190498547,99989,422,99964,722,100001,200,99963,100,100009,100,99957,100,100024,100,99939,100,100028,300,99916,100,100040,100,99915,100,100043,100,99884,100,100046,100,99877,100,100052,100,99876,100,100061,100,99866,100
2019-06-28 09:31:27.213030591,99989,322,99964,722,100001,200,99963,100,100009,100,99957,100,100024,100,99939,100,100028,300,99916,100,100040,100,99915,100,100043,100,99884,100,100046,100,99877,100,100052,100,99876,100,100061,100,99866,100
2019-06-28 09:31:30.000000000,100001,522,99964,722,100009,100,99963,100,100024,100,99957,100,100028,300,99939,100,100040,100,99916,100,100043,100,99915,100,100046,100,99884,100,100052,100,99877,100,100061,100,99876,100,100064,100,99866,100
2019-06-28 09:31:40.000000000,100001,309,99964,509,100009,206,99963,206,100024,206,99957,206,100028,300,99939,100,100040,100,99916,100,100043,100,99915,100,100046,100,99884,100,100052,100,99877,100,100061,100,99876,100,100064,100,99866,100
2019-06-28 09:31:50.000000000,100001,264,99964,464,100009,164,99963,164,100024,164,99957,164,100028,364,99939,164,100040,164,99916,164,100043,100,99915,100,100046,100,99884,100,100052,100,99877,100,100061,100,99876,100,100064,100,99866,100
2019-06-28 09:31:58.242074773,100001,264,99964,464,100009,164,99963,164,100024,164,99957,164,100028,364,99939,164,100040,164,99916,164,100043,100,99915,100,100046,100,99884,100,100052,100,99877,100,100061,100,99876,100,100064,100,99866,100
2019-06-28 09:32:00.000000000,100001,361,99964,561,100009,261,99963,261,100024,100,99957,100,100028,300,99939,100,100040,100,99916,100,100043,100,99915,100,100046,100,99884,100,100052,100,99877,100,100061,100,99876,100,100064,100,99866,100
2019-06-28 09:32:07.622354017,100001,361,99964,561,100009,261,99963,261,100024,100,99957,100,100028,300,99939,100,100040,100,99916,100,100043,100,99915,100,100046,100,99884,100,100052,100,99877,100,100061,100,99876,100,100064,100,99866,100
2019-06-28 09:32:10.000000000,100001,309,99964,509,100009,206,99963,206,100024,206,99957,206,100028,300,99939,100,100040,100,99916,100,100043,100,99915,100,100046,100,99884,100,100052,100,99877,100,100061,100,99876,100,100064,100,99866,100
2019-06-28 09:32:15.499737637,100001,309,99964,509,100009,206,99963,206,100024,206,99957,206,100028,300,99939,100,100040,100,99916,100,100043,100,99915,100,100046,100,99884,100,100052,100,99877,100,100061,100,99876,100,100064,100,99866,100
2019-06-28 09:32:20.000000000,100001,361,99964,561,100009,261,99963,261,100024,100,99957,100,100028,300,99939,100,100040,100,99916,100,100043,100,99915,100,100046,100,99884,100,100052,100,99877,100,100061,100,99876,100,100064,100,99866,100
2019-06-28 09:32:30.000000000,100001,522,99964,722,100009,100,99963,100,100024,100,99957,100,100028,300,99939,100,100040,100,99916,100,100043,100,99915,100,100046,100,99884,100,100052,100,99877,100,100061,100,99876,100,100064,100,99866,100
2019-06-28 09:32:40.000000000,100001,522,99964,722,100009,100,99963,100,100024,100,99957,100,100028,300,99939,100,100040,100,99916,100,100043,100,99915,100,100046,100,99884,100,100052,100,99877,100,100061,100,99876,100,100064,100,99866,100
2019-06-28 09:32:50.000000000,100001,522,99964,722,100009,100,99963,100,100024,100,99957,100,100028,300,99939,100,100040,100,99916,100,100043,100,99915,100,100046,100,99884,100,100052,100,99877,100,100061,100,99876,100,100064,100,99866,100
2019-06-28 09:32:51.262719938,100001,522,99964,722,100009,100,99963,100,100024,100,99957,100,100028,300,99939,100,100040,100,99915,100,100043,100,99884,100,100046,100,99877,100,100052,100,99876,100,100061,100,99866,100,100064,100,99857,100
2019-06-28 09:32:53.435512347,100001,422,99964,722,100024,100,99963,100,100028,300,99957,100,100040,100,99939,100,100043,100,99915,100,100046,100,99884,100,100052,100,99877,100,100061,100,99876,100,100064,100,99866,100,100068,100,99857,100
2019-06-28 09:33:00.000000000,100001,209,99964,509,100024,206,99963,206,100028,406,99957,206,100040,100,99939,100,100043,100,99915,100,100046,100,99884,100,100052,100,99877,100,100061,100,99876,100,100064,100,99866,100,100068,100,99857,100
2019-06-28 09:33:10.000000000,100001,209,99964,509,100024,206,99963,206,100028,406,99957,206,100040,100,99939,100,100043,100,99915,100,100046,100,99884,100,100052,100,99877,100,100061,100,99876,100,100064,100,99866,100,100068,100,99857,100
2019-06-28 09:33:20.000000000,100001,164,99964,464,100024,164,99963,164,100028,364,99957,164,100040,164,99939,164,100043,164,99915,164,100046,100,99884,100,100052,100,99877,100,100061,100,99876,100,100064,100,99866,100,100068,100,99857,100
2019-06-28 09:33:20.233717133,100001,164,99964,464,100024,164,99963,164,100028,264,99957,164,100040,164,99939,164,100043,164,99915,164,100046,100,99884,100,100052,100,99877,100,100061,100,99876,100,100064,100,99866,100,100068,100,99857,100
2019-06-28 09:33:30.000000000,100001,180,99964,480,100024,180,99963,180,100028,280,99957,180,100040,180,99939,180,100043,100,99915,100,100046,100,99884,100,100052,100,99877,100,100061,100,99876,100,100064,100,99866,100,100068,100,99857,100
2019-06-28 09:33:40.000000000,100001,422,99964,722,100024,100,99963,100,100028,200,99957,100,100040,100,99939,100,100043,100,99915,100,100046,100,99884,100,100052,100,99877,100,100061,100,99876,100,100064,100,99866,100,100068,100,99857,100
2019-06-28 09:33:50.000000000,100001,209,99964,509,100024,206,99963,206,100028,306,99957,206,100040,100,99939,100,100043,100,99915,100,100046,100,99884,100,100052,100,99877,100,100061,100,99876,100,100064,100,99866,100,100068,100,99857,100
2019-06-28 09:34:00.000000000,100001,180,99964,480,100024,180,99963,180,100028,280,99957,180,100040,180,99939,180,100043,100,99915,100,100046,100,99884,100,100052,100,99877,100,100061,100,99876,100,100064,100,99866,100,100068,100,99857,100
2019-06-28 09:34:00.127811530,100001,180,99964,480,100024,180,99963,180,100028,280,99957,180,100040,180,99939,180,100043,100,99915,100,100046,100,99884,100,100052,100,99877,100,100061,100,99866,100,100064,100,99857,100,100068,100,99856,100
2019-06-28 09:34:03.006707300,100001,80,99964,480,100024,180,99963,180,100028,280,99957,180,100040,180,99939,180,100043,100,99915,100,100046,100,99884,100,100052,100,99877,100,100061,100,99866,100,100064,100,99857,100,100068,100,99856,100
2019-06-28 09:34:06.013983271,100024,180,100001,20,100028,280,99964,480,100040,180,99963,180,100043,100,99957,180,100046,100,99939,180,100052,100,99915,100,100061,100,99884,100,100064,100,99877,100,100068,100,99866,100,100072,200,99857,100
2019-06-28 09:34:07.586439007,100024,80,100001,20,100028,280,99964,480,100040,180,99963,180,100043,100,99957,180,100046,100,99939,180,100052,100,99915,100,100061,100,99884,100,100064,100,99877,100,100068,100,99866,100,100072,200,99857,100
2019-06-28 09:34:08.371911472,100028,280,100024,20,100040,180,100001,20,100043,100,99964,480,100046,100,99963,180,100061,100,99957,180,100064,100,99939,180,100068,100,99915,100,100072,200,99884,100,100078,100,99877,100,100081,100,99866,100
2019-06-28 09:34:10.000000000,100028,361,100024,181,100040,261,100001,181,100043,100,99964,400,100046,100,99963,100,100061,100,99957,100,100064,100,99939,100,100068,100,99915,100,100072,200,99884,100,100078,100,99877,100,100081,100,99866,100
2019-06-28 09:34:20.000000000,100028,280,100024,100,100040,180,100001,100,100043,180,99964,480,100046,180,99963,180,100061,100,99957,100,100064,100,99939,100,100068,100,99915,100,100072,200,99884,100,100078,100,99877,100,100081,100,99866,100
2019-06-28 09:34:30.000000000,100028,280,100024,100,100040,180,100001,100,100043,180,99964,480,100046,180,99963,180,100061,100,99957,100,100064,100,99939,100,100068,100,99915,100,100072,200,99884,100,100078,100,99877,100,100081,100,99866,100
2019-06-28 09:34:40.000000000,100028,264,100024,84,100040,164,100001,84,100043,164,99964,464,100046,164,99963,164,100061,164,99957,164,100064,100,99939,100,100068,100,99915,100,100072,200,99884,100,100078,100,99877,100,100081,100,99866,100
2019-06-28 09:34:50.000000000,100028,309,100024,129,100040,206,100001,126,100043,206,99964,506,100046,100,99963,100,100061,100,99957,100,100064,100,99939,100,100068,100,99915,100,100072,200,99884,100,100078,100,99877,100,100081,100,99866,100
2019-06-28 09:34:50.200133254,100028,209,100024,129,100040,206,100001,126,100043,206,99964,506,100046,100,99963,100,100061,100,99957,100,100064,100,99939,100,100068,100,99915,100,100072,200,99884,100,100078,100,99877,100,100081,100,99866,100
2019-06-28 09:34:56.190420674,100028,109,100024,129,100040,206,100001,126,100043,206,99964,506,100046,100,99963,100,100061,100,99957,100,100064,100,99939,100,100068,100,99915,100,100072,200,99884,100,100078,100,99877,100,100081,100,99866,100
2019-06-28 09:35:00.000000000,100040,209,100024,129,100043,206,100001,126,100046,206,99964,506,100061,100,99963,100,100064,100,99957,100,100068,100,99939,100,100072,200,99915,100,100078,100,99884,100,100081,100,99877,100,100082,100,99866,100
2019-06-28 09:35:10.000000000,100040,164,100024,84,100043,164,100001,84,100046,164,99964,464,100061,164,99963,164,100064,164,99957,164,100068,100,99939,100,100072,200,99915,100,100078,100,99884,100,100081,100,99877,100,100082,100,99866,100
2019-06-28 09:35:13.577356867,100040,164,100028,100,100043,164,100024,84,100046,164,100001,84,100061,164,99964,464,100064,164,99963,164,100068,100,99957,164,100072,200,99939,100,100078,100,99915,100,100081,100,99884,100,100082,100,99877,100
2019-06-28 09:35:20.000000000,100040,180,100028,180,100043,180,100024,100,100046,180,100001,100,100061,180,99964,480,100064,100,99963,100,100068,100,99957,100,100072,200,99939,100,100078,100,99915,100,100081,100,99884,100,100082,100,99877,100
2019-06-28 09:35:20.391304484,100040,180,100028,180,100043,180,100024,100,100046,180,100001,100,100061,180,99964,480,100064,100,99963,100,100068,100,99957,100,100072,200,99939,100,100078,100,99915,100,100081,100,99884,100,100082,100,99877,100
2019-06-28 09:35:30.000000000,100040,422,100028,422,100043,100,100024,20,100046,100,100001,20,100061,100,99964,400,100064,100,99963,100,100068,100,99957,100,100072,200,99939,100,100078,100,99915,100,100081,100,99884,100,100082,100,99877,100
2019-06-28 09:35:40.000000000,100040,422,100028,422,100043,100,100024,20,100046,100,100001,20,100061,100,99964,400,100064,100,99963,100,100068,100,99957,100,100072,200,99939,100,100078,100,99915,100,100081,100,99884,100,100082,100,99877,100
2019-06-28 09:35:50.000000000,100040,209,100028,209,100043,206,100024,126,100046,206,100001,126,100061,100,99964,400,100064,100,99963,100,100068,100,99957,100,100072,200,99939,100,100078,100,99915,100,100081,100,99884,100,100082,100,99877,100
2019-06-28 09:36:00.000000000,100040,180,100028,180,100043,180,100024,100,100046,180,100001,100,100061,180,99964,480,100064,100,99963,100,100068,100,99957,100,100072,200,99939,100,100078,100,99915,100,100081,100,99884,100,100082,100,99877,100
2019-06-28 09:36:01.017567724,100040,180,100028,180,100043,180,100024,100,100046,180,100001,100,100061,180,99964,480,100064,100,99963,100,100068,100,99957,100,100072,200,99939,100,100078,100,99915,100,100081,100,99884,100,100082,100,99877,100
2019-06-28 09:36:10.000000000,100040,422,100028,422,100043,100,100024,20,100046,100,100001,20,100061,100,99964,400,100064,100,99963,100,100068,100,99957,100,100072,200,99939,100,100078,100,99915,100,100081,100,99884,100,100082,100,99877,100
2019-06-28 09:36:10.679037552,100040,422,100028,522,100043,100,100024,20,100046,100,100001,20,100061,100,99964,400,100064,100,99963,100,100068,100,99957,100,100072,200,99939,100,100078,100,99915,100,100081,100,99884,100,100082,100,99877,100
2019-06-28 09:36:16.833222502,100040,322,100028,522,100043,100,100024,20,100046,100,100001,20,100064,100,99964,400,100068,100,99963,100,100072,200,99957,100,100078,100,99939,100,100081,100,99915,100,100082,100,99884,100,100098,100,99877,100
2019-06-28 09:36:20.000000000,100043,180,100028,280,100046,180,100024,100,100064,180,100001,100,100068,180,99964,480,100072,200,99963,100,100078,100,99957,100,100081,100,99939,100,100082,100,99915,100,100098,100,99884,100,100118,100,99877,100
2019-06-28 09:36:29.283513742,100043,80,100028,280,100046,180,100024,100,100064,180,100001,100,100068,180,99964,480,100072,200,99963,100,100078,100,99957,100,100081,100,99939,100,100082,100,99915,100,100098,100,99884,100,100118,100,99877,100
2019-06-28 09:36:30.000000000,100046,422,100028,522,100064,100,100024,20,100068,100,100001,20,100072,200,99964,400,100078,100,99963,100,100081,100,99957,100,100082,100,99939,100,100098,100,99915,100,100118,100,99884,100,100127,100,99877,100
2019-06-28 09:36:40.000000000,100046,209,100028,309,100064,206,100024,126,100068,206,100001,126,100072,200,99964,400,100078,100,99963,100,100081,100,99957,100,100082,100,99939,100,100098,100,99915,100,100118,100,99884,100,100127,100,99877,100
2019-06-28 09:36:41.874681613,100046,109,100028,309,100064,206,100024,126,100068,206,100001,126,100072,200,99964,400,100078,100,99963,100,100081,100,99957,100,100082,100,99939,100,100098,100,99915,100,100118,100,99884,100,100127,100,99877,100
2019-06-28 09:36:46.829967512,100046,109,100028,309,100064,206,100024,126,100068,206,100001,126,100072,200,99964,400,100078,100,99963,100,100081,100,99957,100,100082,100,99939,100,100118,100,99915,100,100127,100,99884,100,100144,100,99877,100
2019-06-28 09:36:50.000000000,100064,209,100028,309,100068,206,100024,126,100072,306,100001,126,100078,100,99964,400,100081,100,99963,100,100082,100,99957,100,100118,100,99939,100,100127,100,99915,100,100144,100,99884,100,100173,100,99877,100
2019-06-28 09:37:00.000000000,100064,261,100028,361,100068,261,100024,181,100072,200,100001,20,100078,100,99964,400,100081,100,99963,100,100082,100,99957,100,100118,100,99939,100,100127,100,99915,100,100144,100,99884,100,100173,100,99877,100
2019-06-28 09:37:10.000000000,100064,209,100028,309,100068,206,100024,126,100072,306,100001,126,100078,100,99964,400,100081,100,99963,100,100082,100,99957,100,100118,100,99939,100,100127,100,99915,100,100144,100,99884,100,100173,100,99877,100
2019-06-28 09:37:11.766634220,100064,209,100043,100,100068,206,100028,309,100072,306,100024,126,100078,100,100001,126,100081,100,99964,400,100082,100,99963,100,100118,100,99957,100,100127,100,99939,100,100144,100,99915,100,100173,100,99884,100
2019-06-28 09:37:19.416183480,100064,209,100043,100,100068,206,100028,309,100072,306,100024,126,100078,100,100001,126,100081,100,99964,400,100082,100,99963,100,100118,100,99957,100,100127,100,99939,100,100144,100,99915,100,100173,100,99884,100
2019-06-28 09:37:20.000000000,100064,422,100043,422,100068,100,100028,200,100072,200,100024,20,100078,100,100001,20,100081,100,99964,400,100082,100,99963,100,100118,100,99957,100,100127,100,99939,100,100144,100,99915,100,100173,100,99884,100
2019-06-28 09:37:23.729432932,100064,322,100043,422,100068,100,100028,200,100072,200,100024,20,100078,100,100001,20,100081,100,99964,400,100082,100,99963,100,100118,100,99957,100,100127,100,99939,100,100144,100,99915,100,100173,100,99884,100
2019-06-28 09:37:30.000000000,100068,209,100043,209,100072,306,100028,306,100078,206,100024,126,100081,100,100001,20,100082,100,99964,400,100118,100,99963,100,100127,100,99957,100,100144,100,99939,100,100173,100,99915,100,100184,100,99884,100
2019-06-28 09:37:40.000000000,100068,164,100043,164,100072,264,100028,264,100078,164,100024,84,100081,164,100001,84,100082,164,99964,464,100118,100,99963,100,100127,100,99957,100,100144,100,99939,100,100173,100,99915,100,100184,100,99884,100
2019-06-28 09:37:50.000000000,100068,180,100043,180,100072,280,100028,280,100078,180,100024,100,100081,180,100001,100,100082,100,99964,400,100118,100,99963,100,100127,100,99957,100,100144,100,99939,100,100173,100,99915,100,100184,100,99884,100
2019-06-28 09:37:51.790660477,100068,180,100046,100,100072,280,100043,180,100078,180,100028,280,100081,180,100024,100,100082,100,100001,100,100118,100,99964,400,100127,100,99963,100,100144,100,99957,100,100173,100,99939,100,100184,100,99915,100
2019-06-28 09:38:00.000000000,100068,164,100046,164,100072,264,100043,164,100078,164,100028,264,100081,164,100024,84,100082,164,100001,84,100118,100,99964,400,100127,100,99963,100,100144,100,99957,100,100173,100,99939,100,100184,100,99915,100
2019-06-28 09:38:10.000000000,100068,261,100046,261,100072,361,100043,261,100078,100,100028,200,100081,100,100024,20,100082,100,100001,20,100118,100,99964,400,100127,100,99963,100,100144,100,99957,100,100173,100,99939,100,100184,100,99915,100
2019-06-28 09:38:20.000000000,100068,164,100046,164,100072,264,100043,164,100078,164,100028,264,100081,164,100024,84,100082,164,100001,84,100118,100,99964,400,100127,100,99963,100,100144,100,99957,100,100173,100,99939,100,100184,100,99915,100
2019-06-28 09:38:21.030669853,100068,64,100046,164,100072,264,100043,164,100078,164,100028,264,100081,164,100024,84,100082,164,100001,84,100118,100,99964,400,100127,100,99963,100,100173,100,99957,100,100184,100,99939,100,100268,100,99915,100
2019-06-28 09:38:30.000000000,100072,280,100046,180,100078,180,100043,180,100081,180,100028,280,100082,180,100024,100,100118,100,100001,20,100127,100,99964,400,100173,100,99963,100,100184,100,99957,100,100268,100,99939,100,100303,100,99915,100
2019-06-28 09:38:36.954218026,100072,280,100064,100,100078,180,100046,180,100081,180,100043,180,100082,180,100028,280,100118,100,100024,100,100127,100,100001,20,100173,100,99964,400,100184,100,99963,100,100268,100,99957,100,100303,100,99939,100
2019-06-28 09:38:40.000000000,100072,522,100064,422,100078,100,100046,100,100081,100,100043,100,100082,100,100028,200,100118,100,100024,20,100127,100,100001,20,100173,100,99964,400,100184,100,99963,100,100268,100,99957,100,100303,100,99939,100
2019-06-28 09:38:48.799187621,100072,522,100064,422,100078,100,100046,100,100081,100,100043,100,100082,100,100028,200,100118,100,100024,20,100127,100,100001,20,100173,100,99964,400,100184,100,99963,100,100268,100,99957,100,100303,100,99939,100
2019-06-28 09:38:50.000000000,100072,309,100064,209,100078,206,100046,206,100081,206,100043,206,100082,100,100028,200,100118,100,100024,20,100127,100,100001,20,100173,100,99964,400,100184,100,99963,100,100268,100,99957,100,100303,100,99939,100
2019-06-28 09:38:59.553080980,100072,209,100064,209,100078,206,100046,206,100081,206,100043,206,100082,100,100028,200,100118,100,100024,20,100127,100,100001,20,100173,100,99964,400,100184,100,99963,100,100268,100,99939,100,100303,100,99915,100
2019-06-28 09:39:00.000000000,100072,164,100064,164,100078,164,100046,164,100081,164,100043,164,100082,164,100028,264,100118,164,100024,84,100127,100,100001,20,100173,100,99964,400,100184,100,99963,100,100268,100,99939,100,100303,100,99915,100
2019-06-28 09:39:10.000000000,100072,422,100064,422,100078,100,100046,100,100081,100,100043,100,100082,100,100028,200,100118,100,100024,20,100127,100,100001,20,100173,100,99964,400,100184,100,99963,100,100268,100,99939,100,100303,100,99915,100
2019-06-28 09:39:18.817037092,100072,322,100064,422,100078,100,100046,100,100081,100,100043,100,100082,100,100028,200,100118,100,100024,20,100127,100,100001,20,100173,100,99964,400,100184,100,99963,100,100268,100,99939,100,100303,100,99915,100
2019-06-28 09:39:19.506135155,100072,222,100064,422,100078,100,100046,100,100081,100,100043,100,100082,100,100028,200,100118,100,100024,20,100127,100,100001,20,100173,100,99964,400,100184,100,99963,100,100268,100,99939,100,100303,100,99915,100
2019-06-28 09:39:20.000000000,100078,422,100064,422,100081,100,100046,100,100082,100,100043,100,100118,100,100028,200,100127,100,100024,20,100173,100,100001,20,100184,100,99964,400,100268,100,99963,100,100303,100,99939,100,100610,100,99915,100
2019-06-28 09:39:27.484370675,100078,422,100072,100,100081,100,100064,422,100082,100,100046,100,100118,100,100043,100,100127,100,100028,200,100173,100,100024,20,100184,100,100001,20,100268,100,99964,400,100303,100,99963,100,100610,100,99939,100
2019-06-28 09:39:30.000000000,100078,164,100072,164,100081,164,100064,164,100082,164,100046,164,100118,164,100043,164,100127,164,100028,264,100173,100,100024,20,100184,100,100001,20,100268,100,99964,400,100303,100,99963,100,100610,100,99939,100
2019-06-28 09:39:37.946810212,100078,64,100072,164,100081,164,100064,164,100082,164,100046,164,100118,164,100043,164,100127,164,100028,264,100173,100,100024,20,100184,100,100001,20,100268,100,99964,400,100303,100,99963,100,100610,100,99939,100
2019-06-28 09:39:40.000000000,100081,261,100072,261,100082,261,100064,261,100118,100,100046,100,100127,100,100043,100,100173,100,100028,200,100184,100,100024,20,100268,100,100001,20,100303,100,99964,400,100610,100,99963,100,100762,100,99939,100
2019-06-28 09:39:47.790051239,100081,161,100072,261,100082,261,100064,261,100118,100,100046,100,100127,100,100043,100,100173,100,100028,200,100184,100,100024,20,100268,100,100001,20,100303,100,99964,400,100610,100,99963,100,100762,100,99939,100
2019-06-28 09:39:50.000000000,100082,180,100072,180,100118,180,100064,180,100127,180,100046,180,100173,180,100043,180,100184,100,100028,200,100268,100,100024,20,100303,100,100001,20,100610,100,99964,400,100762,100,99963,100,100770,100,99939,100
2019-06-28 09:39:51.153193832,100082,80,100072,180,100118,180,100064,180,100127,180,100046,180,100173,180,100043,180,100184,100,100028,200,100268,100,100024,20,100303,100,100001,20,100610,100,99964,400,100762,100,99963,100,100770,100,99939,100
2019-06-28 09:39:56.457770324,100082,80,100081,100,100118,180,100072,180,100127,180,100064,180,100173,180,100046,80,100184,100,100043,180,100268,100,100028,200,100303,100,100024,20,100610,100,100001,20,100762,100,99964,400,100770,100,99963,100
2019-06-28 09:40:00.000000000,100118,209,100081,209,100127,206,100072,206,100173,206,100064,206,100184,100,100043,100,100268,100,100028,200,100303,100,100024,20,100610,100,100001,20,100762,100,99964,400,100770,100,99963,100,100782,100,99939,100
2019-06-28 09:40:10.000000000,100118,261,100081,261,100127,261,100072,261,100173,100,100064,100,100184,100,100043,100,100268,100,100028,200,100303,100,100024,20,100610,100,100001,20,100762,100,99964,400,100770,100,99963,100,100782,100,99939,100
2019-06-28 09:40:17.391667277,100118,161,100081,261,100127,261,100072,261,100173,100,100064,100,100184,100,100043,100,100268,100,100028,200,100303,100,100024,20,100610,100,100001,20,100762,100,99964,400,100770,100,99963,100,100782,100,99939,100
2019-06-28 09:40:20.000000000,100127,209,100081,209,100173,206,100072,206,100184,206,100064,206,100268,100,100043,100,100303,100,100028,200,100610,100,100024,20,100762,100,100001,20,100770,100,99964,400,100782,100,99963,100,100786,100,99939,100
2019-06-28 09:40:27.988816643,100127,209,100081,209,100173,206,100072,206,100184,206,100064,206,100268,100,100043,100,100303,100,100028,200,100573,100,100024,20,100610,100,100001,20,100762,100,99964,400,100770,100,99963,100,100782,100,99939,100
2019-06-28 09:40:30.000000000,100127,164,100081,164,100173,164,100072,164,100184,164,100064,164,100268,164,100043,164,100303,164,100028,264,100573,100,100024,20,100610,100,100001,20,100762,100,99964,400,100770,100,99963,100,100782,100,99939,100
2019-06-28 09:40:33.088076168,100127,64,100081,164,100173,164,100072,164,100184,164,100064,164,100268,164,100043,164,100303,164,100028,264,100573,100,100024,20,100610,100,100001,20,100770,100,99964,400,100782,100,99963,100,100786,100,99939,100
2019-06-28 09:40:33.407894840,100127,64,100081,164,100173,164,100072,64,100184,164,100064,164,100268,164,100043,164,100303,164,100028,264,100573,100,100024,20,100610,100,100001,20,100770,100,99964,400,100782,100,99963,100,100786,100,99939,100
2019-06-28 09:40:34.277881110,100127,64,100118,100,100173,164,100081,164,100184,164,100072,64,100268,164,100064,164,100303,164,100043,164,100573,100,100028,264,100610,100,100024,20,100770,100,100001,20,100782,100,99964,400,100786,100,99963,100
2019-06-28 09:40:40.000000000,100173,422,100118,422,100184,100,100081,100,100268,100,100064,100,100303,100,100043,100,100573,100,100028,200,100610,100,100024,20,100770,100,100001,20,100782,100,99964,400,100786,100,99963,100,,,99939,100
2019-06-28 09:40:49.196671433,100173,422,100118,422,100184,100,100081,100,100268,100,100064,100,100303,100,100043,100,100573,100,100028,200,100610,100,100024,20,100770,100,100001,20,100782,100,99964,400,100786,100,99963,100,101001,100,99939,100
2019-06-28 09:40:50.000000000,100173,261,100118,261,100184,261,100081,261,100268,100,100064,100,100303,100,100043,100,100573,100,100028,200,100610,100,100024,20,100770,100,100001,20,100782,100,99964,400,100786,100,99963,100,101001,100,99939,100
2019-06-28 09:40:51.010696620,100173,261,100118,361,100184,261,100081,161,100268,100,100064,100,100303,100,100043,100,100573,100,100028,200,100610,100,100024,20,100770,100,100001,20,100782,100,99964,400,100786,100,99963,100,101001,100,99939,100
2019-06-28 09:41:00.000000000,100173,209,100118,309,100184,206,100064,206,100268,206,100043,206,100303,100,100028,200,100573,100,100024,20,100610,100,100001,20,100770,100,99964,400,100782,100,99963,100,100786,100,99939,100,101001,100,99915,100
2019-06-28 09:41:02.617083378,100173,209,100118,409,100184,206,100064,206,100268,206,100043,206,100303,100,100028,200,100573,100,100024,20,100610,100,100001,20,100770,100,99964,400,100782,100,99963,100,100786,100,99939,100,101001,100,99915,100
2019-06-28 09:41:03.862343372,100173,209,100118,509,100184,206,100064,206,100268,206,100043,206,100303,100,100028,200,100573,100,100024,20,100610,100,100001,20,100770,100,99964,400,100782,100,99963,100,100786,100,99939,100,101001,100,99915,100
2019-06-28 09:41:10.000000000,100173,164,100118,464,100184,164,100064,164,100268,164,100043,164,100303,164,100028,264,100573,164,100024,84,100610,100,100001,20,100770,100,99964,400,100782,100,99963,100,100786,100,99939,100,101001,100,99915,100
2019-06-28 09:41:20.000000000,100173,180,100118,480,100184,180,100064,180,100268,180,100043,180,100303,180,100028,280,100573,100,100024,20,100610,100,100001,20,100770,100,99964,400,100782,100,99963,100,100786,100,99939,100,101001,100,99915,100
2019-06-28 09:41:30.000000000,100173,164,100118,464,100184,164,100064,164,100268,164,100043,164,100303,164,100028,264,100573,164,100024,84,100610,100,100001,20,100770,100,99964,400,100782,100,99963,100,100786,100,99939,100,101001,100,99915,100
2019-06-28 09:41:40.000000000,100173,261,100118,561,100184,261,100064,261,100268,100,100043,100,100303,100,100028,200,100573,100,100024,20,100610,100,100001,20,100770,100,99964,400,100782,100,99963,100,100786,100,99939,100,101001,100,99915,100
2019-06-28 09:41:43.327202371,100173,261,100118,561,100184,261,100064,261,100268,100,100043,100,100303,100,100028,200,100445,100,100024,20,100573,100,100001,20,100610,100,99964,400,100770,100,99963,100,100782,100,99939,100,100786,100,99915,100
2019-06-28 09:41:50.000000000,100173,180,100118,480,100184,180,100064,180,100268,180,100043,180,100303,180,100028,280,100445,100,100024,20,100573,100,100001,20,100610,100,99964,400,100770,100,99963,100,100782,100,99939,100,100786,100,99915,100
2019-06-28 09:41:59.935263754,100173,180,100118,480,100184,180,100064,180,100268,180,100043,180,100303,180,100028,280,100400,100,100024,20,100445,100,100001,20,100573,100,99964,400,100610,100,99963,100,100770,100,99939,100,100782,100,99915,100
2019-06-28 09:42:00.000000000,100173,422,100118,722,100184,100,100064,100,100268,100,100043,100,100303,100,100028,200,100400,100,100024,20,100445,100,100001,20,100573,100,99964,400,100610,100,99963,100,100770,100,99939,100,100782,100,99915,100
2019-06-28 09:42:05.549153082,100173,422,100118,822,100184,100,100064,100,100268,100,100028,200,100303,100,100024,20,100400,100,100001,20,100445,100,99964,400,100573,100,99963,100,100610,100,99939,100,100770,100,99915,100,100782,100,99884,100
2019-06-28 09:42:06.859006045,100173,422,100118,822,100184,100,100064,100,100268,100,100028,200,100303,100,100024,20,100346,100,100001,20,100400,100,99964,400,100445,100,99963,100,100573,100,99939,100,100610,100,99915,100,100770,100,99884,100
2019-06-28 09:42:07.596450567,100173,422,100118,822,100184,100,100064,100,100236,100,100028,200,100268,100,100024,20,100303,100,100001,20,100346,100,99964,400,100400,100,99963,100,100445,100,99939,100,100573,100,99915,100,100610,100,99884,100
2019-06-28 09:42:10.000000000,100173,261,100118,661,100184,261,100064,261,100236,100,100028,200,100268,100,100024,20,100303,100,100001,20,100346,100,99964,400,100400,100,99963,100,100445,100,99939,100,100573,100,99915,100,100610,100,99884,100
2019-06-28 09:42:20.000000000,100173,261,100118,661,100184,261,100064,261,100236,100,100028,200,100268,100,100024,20,100303,100,100001,20,100346,100,99964,400,100400,100,99963,100,100445,100,99939,100,100573,100,99915,100,100610,100,99884,100
2019-06-28 09:42:30.000000000,100173,422,100118,822,100184,100,100064,100,100236,100,100028,200,100268,100,100024,20,100303,100,100001,20,100346,100,99964,400,100400,100,99963,100,100445,100,99939,100,100573,100,99915,100,100610,100,99884,100
2019-06-28 09:42:40.000000000,100173,180,100118,580,100184,180,100064,180,100236,180,100028,280,100268,180,100024,100,100303,100,100001,20,100346,100,99964,400,100400,100,99963,100,100445,100,99939,100,100573,100,99915,100,100610,100,99884,100
2019-06-28 09:42:48.646259649,100173,180,100118,580,100184,180,100064,180,100236,180,100028,280,100268,180,100024,100,100303,100,100001,20,100346,100,99964,300,100400,100,99963,100,100445,100,99939,100,100573,100,99915,100,100610,100,99884,100
2019-06-28 09:42:50.000000000,100173,164,100118,564,100184,164,100064,164,100236,164,100028,264,100268,164,100024,84,100303,164,100001,84,100346,100,99964,300,100400,100,99963,100,100445,100,99939,100,100573,100,99915,100,100610,100,99884,100
2019-06-28 09:42:59.502048363,100173,164,100118,564,100184,164,100064,164,100236,164,100028,264,100268,164,100024,84,100303,164,100001,84,100346,100,99964,300,100400,100,99963,100,100445,100,99939,100,100573,100,99915,100,100610,100,99884,100
2019-06-28 09:43:00.000000000,100173,164,100118,564,100184,164,100064,164,100236,164,100028,264,100268,164,100024,84,100303,164,100001,84,100346,100,99964,300,100400,100,99963,100,100445,100,99939,100,100573,100,99915,100,100610,100,99884,100
2019-06-28 09:43:10.000000000,100173,261,100118,661,100184,261,100064,261,100236,100,100028,200,100268,100,100024,20,100303,100,100001,20,100346,100,99964,300,100400,100,99963,100,100445,100,99939,100,100573,100,99915,100,100610,100,99884,100
2019-06-28 09:43:18.375450175,100173,261,100118,761,100184,261,100064,261,100236,100,100028,200,100268,100,100024,20,100303,100,100001,20,100346,100,99964,300,100400,100,99963,100,100445,100,99939,100,100573,100,99915,100,100610,100,99884,100
2019-06-28 09:43:20.000000000,100173,164,100118,664,100184,164,100064,164,100236,164,100028,264,100268,164,100024,84,100303,164,100001,84,100346,100,99964,300,100400,100,99963,100,100445,100,99939,100,100573,100,99915,100,100610,100,99884,100
2019-06-28 09:43:30.000000000,100173,209,100118,709,100184,206,100064,206,100236,206,100028,306,100268,100,100024,20,100303,100,100001,20,100346,100,99964,300,100400,100,99963,100,100445,100,99939,100,100573,100,99915,100,100610,100,99884,100
2019-06-28 09:43:33.946412884,100173,109,100118,709,100184,206,100064,206,100236,206,100028,306,100268,100,100024,20,100303,100,100001,20,100346,100,99964,300,100400,100,99963,100,100445,100,99939,100,100573,100,99884,100,100610,100,99877,100
2019-06-28 09:43:40.000000000,100184,261,100118,761,100236,261,100064,261,100268,100,100028,200,100303,100,100024,20,100346,100,100001,20,100400,100,99964,300,100445,100,99963,100,100573,100,99939,100,100610,100,99884,100,100738,100,99877,100
2019-06-28 09:43:45.275923005,100184,261,100118,761,100236,261,100064,261,100268,100,100028,200,100303,100,100024,20,100346,100,100001,20,100400,100,99964,300,100445,100,99963,100,100573,100,99939,100,100610,100,99884,100,100738,100,99877,100
2019-06-28 09:43:50.000000000,100184,209,100118,709,100236,206,100064,206,100268,206,100028,306,100303,100,100024,20,100346,100,100001,20,100400,100,99964,300,100445,100,99963,100,100573,100,99939,100,100610,100,99884,100,100738,100,99877,100
2019-06-28 09:43:51.708518780,100184,209,100118,709,100236,206,100064,206,100268,206,100028,306,100303,100,100024,20,100346,100,100001,20,100400,100,99964,300,100445,100,99963,100,100573,100,99939,100,100610,100,99884,100,100738,100,99877,100
2019-06-28 09:44:00.000000000,100184,261,100118,761,100236,261,100064,261,100268,100,100028,200,100303,100,100024,20,100346,100,100001,20,100400,100,99964,300,100445,100,99963,100,100573,100,99939,100,100610,100,99884,100,100738,100,99877,100
2019-06-28 09:44:05.743559860,100184,161,100118,761,100236,261,100064,261,100268,100,100028,200,100303,100,100024,20,100346,100,100001,20,100400,100,99964,300,100445,100,99963,100,100573,100,99939,100,100610,100,99884,100,100770,100,99877,100
2019-06-28 09:44:10.000000000,100236,261,100118,761,100268,261,100064,261,100303,100,100028,200,100346,100,100024,20,100400,100,100001,20,100445,100,99964,300,100573,100,99963,100,100610,100,99939,100,100770,100,99884,100,100782,100,99877,100
2019-06-28 09:44:13.255767282,100236,261,100173,100,100268,261,100118,761,100303,100,100064,261,100346,100,100028,200,100400,100,100024,20,100445,100,100001,20,100573,100,99964,300,100610,100,99963,100,100770,100,99939,100,100782,100,99884,100
2019-06-28 09:44:20.000000000,100236,180,100173,180,100268,180,100118,680,100303,180,100064,180,100346,180,100028,280,100400,100,100024,20,100445,100,100001,20,100573,100,99964,300,100610,100,99963,100,100770,100,99939,100,100782,100,99884,100
2019-06-28 09:44:28.111084713,100236,180,100173,180,100268,180,100118,580,100303,180,100064,180,100346,180,100028,280,100400,100,100024,20,100445,100,100001,20,100573,100,99964,300,100610,100,99963,100,100770,100,99939,100,100782,100,99884,100
2019-06-28 09:44:30.000000000,100236,261,100173,261,100268,261,100118,661,100303,100,100064,100,100346,100,100028,200,100400,100,100024,20,100445,100,100001,20,100573,100,99964,300,100610,100,99963,100,100770,100,99939,100,100782,100,99884,100
2019-06-28 09:44:40.000000000,100236,164,100173,164,100268,164,100118,564,100303,164,100064,164,100346,164,100028,264,100400,164,100024,84,100445,100,100001,20,100573,100,99964,300,100610,100,99963,100,100770,100,99939,100,100782,100,99884,100
2019-06-28 09:44:42.939670134,100236,164,100173,164,100268,164,100118,464,100303,164,100064,164,100346,164,100028,264,100400,164,100024,84,100445,100,100001,20,100573,100,99964,300,100610,100,99963,100,100770,100,99939,100,100782,100,99884,100
2019-06-28 09:44:50.000000000,100236,209,100173,209,100268,206,100118,506,100303,206,100064,206,100346,100,100028,200,100400,100,100024,20,100445,100,100001,20,100573,100,99964,300,100610,100,99963,100,100770,100,99939,100,100782,100,99884,100
2019-06-28 09:45:00.000000000,100236,261,100173,261,100268,261,100118,561,100303,100,100064,100,100346,100,100028,200,100400,100,100024,20,100445,100,100001,20,100573,100,99964,300,100610,100,99963,100,100770,100,99939,100,100782,100,99884,100
2019-06-28 09:45:03.274234385,100236,161,100173,261,100268,261,100118,561,100303,100,100064,100,100346,100,100028,200,100400,100,100024,20,100445,100,100001,20,100573,100,99964,300,100610,100,99963,100,100770,100,99939,100,100782,100,99884,100
2019-06-28 09:45:10.000000000,100268,209,100173,209,100303,206,100118,506,100346,206,100064,206,100400,100,100028,200,100445,100,100024,20,100573,100,100001,20,100610,100,99964,300,100770,100,99963,100,100782,100,99939,100,100786,100,99884,100
2019-06-28 09:45:18.527830051,100268,209,100184,100,100303,206,100173,209,100346,206,100118,506,100400,100,100064,206,100445,100,100028,100,100573,100,100024,20,100610,100,100001,20,100770,100,99964,300,100782,100,99963,100,100786,100,99939,100
2019-06-28 09:45:20.000000000,100268,422,100184,422,100303,100,100173,100,100346,100,100118,400,100400,100,100064,100,100445,100,100028,100,100573,100,100024,20,100610,100,100001,20,100770,100,99964,300,100782,100,99963,100,100786,100,99939,100
2019-06-28 09:45:30.000000000,100268,422,100184,422,100303,100,100173,100,100346,100,100118,400,100400,100,100064,100,100445,100,100028,100,100573,100,100024,20,100610,100,100001,20,100770,100,99964,300,100782,100,99963,100,100786,100,99939,100
2019-06-28 09:45:32.852009454,100268,322,100184,422,100303,100,100173,100,100346,100,100118,400,100400,100,100064,100,100445,100,100028,100,100573,100,100024,20,100610,100,100001,20,100770,100,99964,300,100782,100,99963,100,100786,100,99939,100
2019-06-28 09:45:37.926556095,100268,322,100236,100,100303,100,100184,422,100346,100,100173,100,100400,100,100118,400,100445,100,100064,100,100573,100,100028,100,100610,100,100024,20,100770,100,100001,20,100782,100,99964,300,100786,100,99963,100
2019-06-28 09:45:40.000000000,100303,209,100236,209,100346,206,100184,206,100400,206,100173,206,100445,100,100118,400,100573,100,100064,100,100610,100,100028,100,100770,100,100024,20,100782,100,100001,20,100786,100,99964,300,101001,100,99963,100
2019-06-28 09:45:50.000000000,100303,422,100236,422,100346,100,100184,100,100400,100,100173,100,100445,100,100118,400,100573,100,100064,100,100610,100,100028,100,100770,100,100024,20,100782,100,100001,20,100786,100,99964,300,101001,100,99963,100
2019-06-28 09:46:00.000000000,100303,422,100236,422,100346,100,100184,100,100400,100,100173,100,100445,100,100118,400,100573,100,100064,100,100610,100,100028,100,100770,100,100024,20,100782,100,100001,20,100786,100,99964,300,101001,100,99963,100
2019-06-28 09:46:10.000000000,100303,261,100236,261,100346,261,100184,261,100400,100,100173,100,100445,100,100118,400,100573,100,100064,100,100610,100,100028,100,100770,100,100024,20,100782,100,100001,20,100786,100,99964,300,101001,100,99963,100
2019-06-28 09:46:20.000000000,100303,180,100236,180,100346,180,100184,180,100400,180,100173,180,100445,180,100118,480,100573,100,100064,100,100610,100,100028,100,100770,100,100024,20,100782,100,100001,20,100786,100,99964,300,101001,100,99963,100
2019-06-28 09:46:22.245921990,100303,180,100236,180,100346,180,100184,180,100400,180,100173,180,100445,180,100118,480,100573,100,100064,100,100610,100,100028,100,100770,100,100024,20,100782,100,100001,20,100786,100,99964,300,101001,100,99963,100
2019-06-28 09:46:30.000000000,100303,164,100236,164,100346,164,100184,164,100400,164,100173,164,100445,164,100118,464,100573,164,100064,164,100610,100,100028,100,100770,100,100024,20,100782,100,100001,20,100786,100,99964,300,101001,100,99963,100
2019-06-28 09:46:40.000000000,100303,422,100236,422,100346,100,100184,100,100400,100,100173,100,100445,100,100118,400,100573,100,100064,100,100610,100,100028,100,100770,100,100024,20,100782,100,100001,20,100786,100,99964,300,101001,100,99963,100
2019-06-28 09:46:50.000000000,100303,180,100236,180,100346,180,100184,180,100400,180,100173,180,100445,180,100118,480,100573,100,100064,100,100610,100,100028,100,100770,100,100024,20,100782,100,100001,20,100786,100,99964,300,101001,100,99963,100
2019-06-28 09:47:00.000000000,100303,422,100236,422,100346,100,100184,100,100400,100,100173,100,100445,100,100118,400,100573,100,100064,100,100610,100,100028,100,100770,100,100024,20,100782,100,100001,20,100786,100,99964,300,101001,100,99963,100
2019-06-28 09:47:01.592367074,100303,422,100236,522,100346,100,100184,100,100400,100,100173,100,100445,100,100118,400,100573,100,100064,100,100610,100,100028,100,100770,100,100024,20,100782,100,100001,20,100786,100,99964,300,101001,100,99963,100
2019-06-28 09:47:01.994599996,100303,322,100236,522,100346,100,100184,100,100400,100,100173,100,100445,100,100118,400,100573,100,100064,100,100610,100,100028,100,100770,100,100024,20,100782,100,100001,20,100786,100,99964,300,101001,100,99963,100
2019-06-28 09:47:10.000000000,100346,209,100236,309,100400,206,100184,206,100445,206,100173,206,100573,100,100118,400,100610,100,100064,100,100770,100,100028,100,100782,100,100024,20,100786,100,100001,20,101001,100,99964,300,101028,100,99963,100
2019-06-28 09:47:10.622979618,100346,209,100236,309,100400,206,100184,206,100445,206,100173,206,100573,100,100118,400,100610,100,100064,100,100770,100,100028,100,100782,100,100024,20,100786,100,100001,20,101001,100,99964,300,101028,100,99963,100
2019-06-28 09:47:20.000000000,100346,209,100236,309,100400,206,100184,206,100445,206,100173,206,100573,100,100118,400,100610,100,100064,100,100770,100,100028,100,100782,100,100024,20,100786,100,100001,20,101001,100,99964,300,101028,100,99963,100
2019-06-28 09:47:28.897571568,100346,209,100236,309,100400,206,100184,206,100445,206,100173,206,100573,100,100118,400,100610,100,100064,100,100770,100,100028,100,100782,100,100024,20,100786,100,100001,20,101001,100,99964,300,101028,100,99939,100
2019-06-28 09:47:30.000000000,100346,261,100236,361,100400,261,100184,261,100445,100,100173,100,100573,100,100118,400,100610,100,100064,100,100770,100,100028,100,100782,100,100024,20,100786,100,100001,20,101001,100,99964,300,101028,100,99939,100
2019-06-28 09:47:40.000000000,100346,422,100236,522,100400,100,100184,100,100445,100,100173,100,100573,100,100118,400,100610,100,100064,100,100770,100,100028,100,100782,100,100024,20,100786,100,100001,20,101001,100,99964,300,101028,100,99939,100
2019-06-28 09:47:42.269917076,100346,322,100236,522,100400,100,100184,100,100445,100,100173,100,100573,100,100118,400,100610,100,100064,100,100770,100,100028,100,100782,100,100024,20,100786,100,100001,20,101001,100,99964,300,101028,100,99939,100
2019-06-28 09:47:49.726155731,100346,322,100303,100,100400,100,100236,522,100445,100,100184,100,100573,100,100173,100,100610,100,100118,400,100770,100,100064,100,100782,100,100028,100,100786,100,100024,20,101001,100,100001,20,101028,100,99964,300
2019-06-28 09:47:50.000000000,100400,209,100303,209,100445,206,100236,306,100573,206,100184,206,100610,100,100173,100,100770,100,100118,400,100782,100,100064,100,100786,100,100028,100,101001,100,100024,20,101028,100,100001,20,101031,100,99964,300
2019-06-28 09:48:00.000000000,100400,209,100303,209,100445,206,100236,306,100573,206,100184,206,100610,100,100173,100,100770,100,100118,400,100782,100,100064,100,100786,100,100028,100,101001,100,100024,20,101028,100,100001,20,101031,100,99964,300
2019-06-28 09:48:04.964609963,100400,109,100303,209,100445,206,100236,306,100573,206,100184,206,100610,100,100173,100,100770,100,100118,400,100782,100,100064,100,100786,100,100028,100,101001,100,100024,20,101028,100,100001,20,101031,100,99964,300
2019-06-28 09:48:10.000000000,100445,261,100303,261,100573,261,100236,361,100610,100,100184,100,100770,100,100173,100,100782,100,100118,400,100786,100,100064,100,101001,100,100028,100,101028,100,100024,20,101031,100,100001,20,101288,100,99964,300
2019-06-28 09:48:20.000000000,100445,180,100303,180,100573,180,100236,280,100610,180,100184,180,100770,180,100173,180,100782,100,100118,400,100786,100,100064,100,101001,100,100028,100,101028,100,100024,20,101031,100,100001,20,101288,100,99964,300
2019-06-28 09:48:26.592235255,100445,180,100346,100,100573,180,100303,180,100610,180,100236,280,100770,180,100184,180,100782,100,100173,180,100786,100,100118,400,101001,100,100064,100,101028,100,100028,100,101031,100,100024,20,101288,100,100001,20
2019-06-28 09:48:30.000000000,100445,164,100346,164,100573,164,100303,164,100610,164,100236,264,100770,164,100184,164,100782,164,100173,164,100786,100,100118,400,101001,100,100064,100,101028,100,100028,100,101031,100,100024,20,101288,100,100001,20
2019-06-28 09:48:31.539425359,100445,164,100346,164,100573,164,100303,164,100610,164,100236,264,100770,164,100184,164,100782,164,100173,164,100786,100,100118,400,101001,100,100064,100,101028,100,100028,100,101031,100,100024,20,101288,100,100001,20
2019-06-28 09:48:40.000000000,100445,180,100346,180,100573,180,100303,180,100610,180,100236,280,100770,180,100184,180,100782,100,100173,100,100786,100,100118,400,101001,100,100064,100,101028,100,100028,100,101031,100,100024,20,101288,100,100001,20
2019-06-28 09:48:50.000000000,100445,180,100346,180,100573,180,100303,180,100610,180,100236,280,100770,180,100184,180,100782,100,100173,100,100786,100,100118,400,101001,100,100064,100,101028,100,100028,100,101031,100,100024,20,101288,100,100001,20
2019-06-28 09:48:57.410901294,100445,180,100346,180,100573,180,100303,180,100610,180,100236,280,100770,180,100184,180,100782,100,100173,100,100786,100,100118,400,101028,100,100064,100,101031,100,100028,100,101288,100,100024,20,101406,100,100001,20
2019-06-28 09:49:00.000000000,100445,180,100346,180,100573,180,100303,180,100610,180,100236,280,100770,180,100184,180,100782,100,100173,100,100786,100,100118,400,101028,100,100064,100,101031,100,100028,100,101288,100,100024,20,101406,100,100001,20
2019-06-28 09:49:01.460148448,100445,180,100346,180,100573,180,100303,180,100610,180,100236,280,100770,180,100184,180,100782,100,100173,100,100786,100,100118,400,101028,100,100064,100,101031,100,100028,100,101288,100,100024,20,101396,100,100001,20
2019-06-28 09:49:10.000000000,100445,261,100346,261,100573,261,100303,261,100610,100,100236,200,100770,100,100184,100,100782,100,100173,100,100786,100,100118,400,101028,100,100064,100,101031,100,100028,100,101288,100,100024,20,101396,100,100001,20
2019-06-28 09:49:20.000000000,100445,209,100346,209,100573,206,100303,206,100610,206,100236,306,100770,100,100184,100,100782,100,100173,100,100786,100,100118,400,101028,100,100064,100,101031,100,100028,100,101288,100,100024,20,101396,100,100001,20
2019-06-28 09:49:26.199499062,100445,209,100346,309,100573,206,100303,206,100610,206,100236,306,100770,100,100184,100,100782,100,100173,100,100786,100,100118,400,101028,100,100064,100,101031,100,100028,100,101288,100,100024,20,101396,100,100001,20
2019-06-28 09:49:30.000000000,100445,180,100346,280,100573,180,100303,180,100610,180,100236,280,100770,180,100184,180,100782,100,100173,100,100786,100,100118,400,101028,100,100064,100,101031,100,100028,100,101288,100,100024,20,101396,100,100001,20
2019-06-28 09:49:40.000000000,100445,261,100346,361,100573,261,100303,261,100610,100,100236,200,100770,100,100184,100,100782,100,100173,100,100786,100,100118,400,101028,100,100064,100,101031,100,100028,100,101288,100,100024,20,101396,100,100001,20
2019-06-28 09:49:42.374741527,100445,261,100346,361,100573,261,100303,261,100610,100,100236,200,100770,100,100184,100,100782,100,100173,100,100786,100,100118,400,101028,100,100064,100,101031,100,100028,100,101070,100,100024,20,101288,100,99964,300
2019-06-28 09:49:50.000000000,100445,164,100346,264,100573,164,100303,164,100610,164,100236,264,100770,164,100184,164,100782,164,100173,164,100786,100,100118,400,101028,100,100064,100,101031,100,100028,100,101070,100,100024,20,101288,100,99964,300
2019-06-28 09:49:51.984740613,100445,164,100346,264,100573,164,100303,164,100610,164,100236,164,100770,164,100184,164,100782,164,100173,164,100786,100,100118,400,101028,100,100064,100,101031,100,100028,100,101070,100,100024,20,101288,100,99964,300
2019-06-28 09:50:00.000000000,100445,164,100346,264,100573,164,100303,164,100610,164,100236,164,100770,164,100184,164,100782,164,100173,164,100786,100,100118,400,101028,100,100064,100,101031,100,100028,100,101070,100,100024,20,101288,100,99964,300
2019-06-28 09:50:08.965960725,100445,164,100346,264,100573,164,100303,164,100610,164,100236,164,100665,100,100184,164,100770,164,100173,164,100782,164,100118,400,100786,100,100064,100,101028,100,100028,100,101031,100,100024,20,101070,100,99964,300
2019-06-28 09:50:10.000000000,100445,261,100346,361,100573,261,100303,261,100610,100,100236,100,100665,100,100184,100,100770,100,100173,100,100782,100,100118,400,100786,100,100064,100,101028,100,100028,100,101031,100,100024,20,101070,100,99964,300
2019-06-28 09:50:20.000000000,100445,180,100346,280,100573,180,100303,180,100610,180,100236,180,100665,180,100184,180,100770,100,100173,100,100782,100,100118,400,100786,100,100064,100,101028,100,100028,100,101031,100,100024,20,101070,100,99964,300
2019-06-28 09:50:30.000000000,100445,164,100346,264,100573,164,100303,164,100610,164,100236,164,100665,164,100184,164,100770,164,100173,164,100782,100,100118,400,100786,100,100064,100,101028,100,100028,100,101031,100,100024,20,101070,100,99964,300
2019-06-28 09:50:34.563494541,100445,64,100346,264,100573,164,100303,164,100610,164,100236,164,100665,164,100184,164,100770,164,100173,164,100782,100,100118,400,100786,100,100064,100,101028,100,100028,100,101031,100,100024,20,101070,100,99964,300
2019-06-28 09:50:40.000000000,100573,422,100346,522,100610,100,100303,100,100665,100,100236,100,100770,100,100184,100,100782,100,100173,100,100786,100,100118,400,101028,100,100064,100,101031,100,100028,100,101070,100,100024,20,101288,100,99964,300
2019-06-28 09:50:42.493102936,100573,322,100346,522,100610,100,100303,100,100665,100,100236,100,100770,100,100184,100,100782,100,100173,100,100786,100,100118,400,101028,100,100064,100,101031,100,100028,100,101070,100,100024,20,101288,100,99964,300
2019-06-28 09:50:50.000000000,100610,164,100346,264,100665,164,100303,164,100770,164,100236,164,100782,164,100184,164,100786,164,100173,164,101028,100,100118,400,101031,100,100064,100,101070,100,100028,100,101288,100,100024,20,101396,100,99964,300
2019-06-28 09:51:00.000000000,100610,422,100346,522,100665,100,100303,100,100770,100,100236,100,100782,100,100184,100,100786,100,100173,100,101028,100,100118,400,101031,100,100064,100,101070,100,100028,100,101288,100,100024,20,101396,100,99964,300
2019-06-28 09:51:02.010554486,100610,322,100346,522,100665,100,100303,100,100770,100,100236,100,100782,100,100184,100,100786,100,100173,100,101028,100,100118,400,101031,100,100064,100,101070,100,100028,100,101288,100,100024,20,101396,100,99964,300
2019-06-28 09:51:09.514339283,100610,322,100573,100,100665,100,100346,422,100770,100,100303,100,100782,100,100236,100,100786,100,100184,100,101028,100,100173,100,101031,100,100118,400,101070,100,100064,100,101288,100,100028,100,101396,100,100024,20
2019-06-28 09:51:10.000000000,100665,422,100573,422,100770,100,100346,100,100782,100,100303,100,100786,100,100236,100,101028,100,100184,100,101031,100,100173,100,101070,100,100118,400,101288,100,100064,100,101396,100,100028,100,101406,100,100024,20
2019-06-28 09:51:12.873804424,100665,422,100573,522,100770,100,100346,100,100782,100,100303,100,100786,100,100236,100,101028,100,100184,100,101031,100,100173,100,101070,100,100118,400,101288,100,100064,100,101396,100,100028,100,101406,100,100024,20
2019-06-28 09:51:18.991645880,100665,422,100573,522,100770,100,100346,100,100782,100,100303,100,100786,100,100236,100,101028,100,100184,100,101031,100,100118,400,101070,100,100064,100,101288,100,100028,100,101396,100,100024,20,101406,100,99964,200
2019-06-28 09:51:20.000000000,100665,180,100573,280,100770,180,100346,180,100782,180,100303,180,100786,180,100236,180,101028,100,100184,100,101031,100,100118,400,101070,100,100064,100,101288,100,100028,100,101396,100,100024,20,101406,100,99964,200
2019-06-28 09:51:30.000000000,100665,209,100573,309,100770,206,100346,206,100782,206,100303,206,100786,100,100236,100,101028,100,100184,100,101031,100,100118,400,101070,100,100064,100,101288,100,100028,100,101396,100,100024,20,101406,100,99964,200
2019-06-28 09:51:35.080783997,100665,209,100573,409,100770,206,100346,206,100782,206,100303,206,100786,100,100236,100,101028,100,100184,100,101031,100,100118,400,101070,100,100028,100,101288,100,100024,20,101396,100,99964,200,101406,100,99939,100
2019-06-28 09:51:39.605571035,100665,209,100573,509,100770,206,100346,206,100782,206,100303,206,100786,100,100236,100,101028,100,100184,100,101031,100,100118,400,101070,100,100028,100,101288,100,100024,20,101396,100,99964,200,101406,100,99939,100
2019-06-28 09:51:40.000000000,100665,180,100573,480,100770,180,100346,180,100782,180,100303,180,100786,180,100236,180,101028,100,100184,100,101031,100,100118,400,101070,100,100028,100,101288,100,100024,20,101396,100,99964,200,101406,100,99939,100
2019-06-28 09:51:50.000000000,100665,209,100573,509,100770,206,100346,206,100782,206,100303,206,100786,100,100236,100,101028,100,100184,100,101031,100,100118,400,101070,100,100028,100,101288,100,100024,20,101396,100,99964,200,101406,100,99939,100
2019-06-28 09:51:53.235810133,100665,109,100573,509,100770,206,100346,206,100782,206,100303,206,100786,100,100236,100,101028,100,100184,100,101031,100,100118,400,101070,100,100028,100,101288,100,100024,20,101396,100,99964,200,101406,100,99939,100
2019-06-28 09:51:54.438401273,100665,9,100573,509,100770,206,100346,206,100782,206,100303,206,100786,100,100236,100,101028,100,100184,100,101031,100,100118,400,101070,100,100028,100,101288,100,100024,20,101396,100,99964,200,101406,100,99939,100
2019-06-28 09:52:00.000000000,100770,164,100573,464,100782,164,100346,164,100786,164,100303,164,101028,164,100236,164,101031,164,100184,164,101070,100,100118,400,101288,100,100028,100,101396,100,100024,20,101406,100,99964,200,101589,100,99939,100
2019-06-28 09:52:10.000000000,100770,180,100573,480,100782,180,100346,180,100786,180,100303,180,101028,180,100236,180,101031,100,100184,100,101070,100,100118,400,101288,100,100028,100,101396,100,100024,20,101406,100,99964,200,101589,100,99939,100
2019-06-28 09:52:15.693767227,100770,180,100573,480,100782,180,100346,180,100786,180,100303,180,101028,180,100245,100,101031,100,100236,180,101070,100,100184,100,101288,100,100118,400,101396,100,100028,100,101406,100,100024,20,101589,100,99964,200
2019-06-28 09:52:20.000000000,100770,209,100573,509,100782,206,100346,206,100786,206,100303,206,101028,100,100245,100,101031,100,100236,100,101070,100,100184,100,101288,100,100118,400,101396,100,100028,100,101406,100,100024,20,101589,100,99964,200
2019-06-28 09:52:30.000000000,100770,261,100573,561,100782,261,100346,261,100786,100,100303,100,101028,100,100245,100,101031,100,100236,100,101070,100,100184,100,101288,100,100118,400,101396,100,100028,100,101406,100,100024,20,101589,100,99964,200
2019-06-28 09:52:31.841029840,100770,261,100573,561,100782,261,100346,261,100786,100,100303,100,101028,100,100245,100,101031,100,100236,100,101070,100,100184,100,101396,100,100118,400,101406,100,100074,100,101589,100,100028,100,,,100024,20
2019-06-28 09:52:40.000000000,100770,209,100573,509,100782,206,100346,206,100786,206,100303,206,101028,100,100245,100,101031,100,100236,100,101070,100,100184,100,101396,100,100118,400,101406,100,100074,100,101589,100,100028,100,,,100024,20
2019-06-28 09:52:50.000000000,100770,261,100573,561,100782,261,100346,261,100786,100,100303,100,101028,100,100245,100,101031,100,100236,100,101070,100,100184,100,101396,100,100118,400,101406,100,100074,100,101589,100,100028,100,,,100024,20
2019-06-28 09:52:54.762615656,100663,100,100573,561,100770,261,100346,261,100782,261,100303,100,100786,100,100245,100,101028,100,100236,100,101031,100,100184,100,101070,100,100118,400,101396,100,100074,100,101406,100,100028,100,101589,100,100024,20
2019-06-28 09:53:00.000000000,100663,164,100573,464,100770,164,100346,164,100782,164,100303,164,100786,164,100245,164,101028,164,100236,164,101031,100,100184,100,101070,100,100118,400,101396,100,100074,100,101406,100,100028,100,101589,100,100024,20
2019-06-28 09:53:07.058294238,100663,64,100573,464,100770,164,100346,164,100782,164,100303,164,100786,164,100245,164,101028,164,100236,164,101031,100,100184,100,101070,100,100118,300,101396,100,100074,100,101406,100,100028,100,101589,100,100024,20
2019-06-28 09:53:07.507706537,100663,64,100573,464,100770,164,100346,164,100782,164,100303,164,100786,164,100245,164,100816,100,100236,164,101028,164,100184,100,101031,100,100118,300,101070,100,100074,100,101396,100,100028,100,101406,100,100024,20
2019-06-28 09:53:10.000000000,100770,261,100573,561,100782,261,100346,261,100786,100,100303,100,100816,100,100245,100,101028,100,100236,100,101031,100,100184,100,101070,100,100118,300,101396,100,100074,100,101406,100,100028,100,101589,100,100024,20
2019-06-28 09:53:14.034462891,100695,100,100573,561,100770,261,100346,261,100782,261,100303,100,100786,100,100245,100,100816,100,100236,100,101028,100,100184,100,101031,100,100118,300,101070,100,100074,100,101396,100,100028,100,101406,100,100024,20
2019-06-28 09:53:19.455217806,100695,100,100573,561,100767,100,100346,261,100770,261,100303,100,100782,261,100245,100,100786,100,100236,100,100816,100,100184,100,101028,100,100118,300,101031,100,100074,100,101070,100,100028,100,101396,100,100024,20
2019-06-28 09:53:19.538870798,100695,100,100663,100,100767,100,100573,561,100770,261,100346,261,100782,261,100303,100,100786,100,100245,100,100816,100,100236,100,101028,100,100184,100,101031,100,100118,300,101070,100,100074,100,101396,100,100028,100
2019-06-28 09:53:20.000000000,100695,180,100663,180,100767,180,100573,480,100770,180,100346,180,100782,180,100303,180,100786,100,100245,100,100816,100,100236,100,101028,100,100184,100,101031,100,100118,300,101070,100,100074,100,101396,100,100028,100
2019-06-28 09:53:24.322310019,100695,80,100663,180,100767,180,100573,480,100770,180,100346,180,100782,180,100303,180,100786,100,100245,100,100816,100,100236,100,101028,100,100184,100,101031,100,100118,300,101070,100,100074,100,101396,100,100028,100
2019-06-28 09:53:30.000000000,100767,164,100663,164,100770,164,100573,464,100782,164,100346,164,100786,164,100303,164,100816,164,100245,164,101028,100,100236,100,101031,100,100184,100,101070,100,100118,300,101396,100,100074,100,101406,100,100028,100
2019-06-28 09:53:40.000000000,100767,180,100663,180,100770,180,100573,480,100782,180,100346,180,100786,180,100303,180,100816,100,100245,100,101028,100,100236,100,101031,100,100184,100,101070,100,100118,300,101396,100,100074,100,101406,100,100028,100
2019-06-28 09:53:41.012614684,100767,180,100663,80,100770,180,100573,480,100782,180,100346,180,100786,180,100303,180,100816,100,100245,100,101028,100,100236,100,101031,100,100184,100,101070,100,100118,300,101396,100,100074,100,101406,100,100028,100
2019-06-28 09:53:47.239351458,100663,20,100573,480,100767,180,100346,180,100770,180,100303,180,100782,180,100245,100,100786,180,100236,100,100816,100,100184,100,101028,100,100118,300,101031,100,100074,100,101070,100,100028,100,101396,100,100024,20
2019-06-28 09:53:48.157191565,100663,20,100573,480,100767,180,100433,100,100770,180,100346,180,100782,180,100303,180,100786,180,100245,100,100816,100,100236,100,101028,100,100184,100,101031,100,100118,300,101070,100,100074,100,101396,100,100028,100
2019-06-28 09:53:49.487851246,100663,20,100573,380,100767,180,100433,100,100770,180,100346,180,100782,180,100303,180,100786,180,100245,100,100816,100,100236,100,101028,100,100184,100,101031,100,100118,300,101070,100,100074,100,101396,100,100028,100
2019-06-28 09:53:50.000000000,100663,84,100573,364,100767,164,100433,164,100770,164,100346,164,100782,164,100303,164,100786,164,100245,164,100816,100,100236,100,101028,100,100184,100,101031,100,100118,300,101070,100,100074,100,101396,100,100028,100
2019-06-28 09:54:00.000000000,100663,129,100573,409,100767,206,100433,206,100770,206,100346,206,100782,100,100303,100,100786,100,100245,100,100816,100,100236,100,101028,100,100184,100,101031,100,100118,300,101070,100,100074,100,101396,100,100028,100
2019-06-28 09:54:04.712241000,100663,29,100573,309,100767,206,100433,206,100770,206,100346,206,100782,100,100303,100,100786,100,100245,100,100816,100,100236,100,101028,100,100184,100,101031,100,100118,300,101070,100,100074,100,101396,100,100028,100
2019-06-28 09:54:07.277465359,100663,29,100573,309,100767,206,100433,206,100770,206,100346,206,100782,100,100303,100,100786,100,100245,100,100816,100,100236,100,101028,100,100184,100,101031,100,100118,300,101070,100,100074,100,101396,100,100028,100
2019-06-28 09:54:10.000000000,100767,261,100573,361,100770,261,100433,261,100782,100,100346,100,100786,100,100303,100,100816,100,100245,100,101028,100,100236,100,101031,100,100184,100,101070,100,100118,300,101396,100,100074,100,101589,100,100028,100
2019-06-28 09:54:20.000000000,100767,180,100573,280,100770,180,100433,180,100782,180,100346,180,100786,180,100303,180,100816,100,100245,100,101028,100,100236,100,101031,100,100184,100,101070,100,100118,300,101396,100,100074,100,101589,100,100028,100
2019-06-28 09:54:30.000000000,100767,209,100573,309,100770,206,100433,206,100782,206,100346,206,100786,100,100303,100,100816,100,100245,100,101028,100,100236,100,101031,100,100184,100,101070,100,100118,300,101396,100,100074,100,101589,100,100028,100
2019-06-28 09:54:40.000000000,100767,422,100573,522,100770,100,100433,100,100782,100,100346,100,100786,100,100303,100,100816,100,100245,100,101028,100,100236,100,101031,100,100184,100,101070,100,100118,300,101396,100,100074,100,101589,100,100028,100
2019-06-28 09:54:50.000000000,100767,180,100573,280,100770,180,100433,180,100782,180,100346,180,100786,180,100303,180,100816,100,100245,100,101028,100,100236,100,101031,100,100184,100,101070,100,100118,300,101396,100,100074,100,101589,100,100028,100
2019-06-28 09:54:50.365061349,100767,180,100573,280,100770,180,100433,180,100782,180,100346,180,100786,180,100303,180,100816,100,100245,100,101028,100,100236,100,101031,100,100184,100,101070,100,100118,200,101396,100,100074,100,101589,100,100028,100
2019-06-28 09:55:00.000000000,100767,422,100573,522,100770,100,100433,100,100782,100,100346,100,100786,100,100303,100,100816,100,100245,100,101028,100,100236,100,101031,100,100184,100,101070,100,100118,200,101396,100,100074,100,101589,100,100028,100
2019-06-28 09:55:10.000000000,100767,261,100573,361,100770,261,100433,261,100782,100,100346,100,100786,100,100303,100,100816,100,100245,100,101028,100,100236,100,101031,100,100184,100,101070,100,100118,200,101396,100,100074,100,101589,100,100028,100
2019-06-28 09:55:16.507387454,100767,261,100573,361,100770,261,100433,261,100782,100,100346,100,100786,100,100303,100,100816,100,100245,100,101028,100,100236,100,101031,100,100184,100,101070,100,100118,100,101396,100,100074,100,101589,100,100028,100
2019-06-28 09:55:20.000000000,100767,422,100573,522,100770,100,100433,100,100782,100,100346,100,100786,100,100303,100,100816,100,100245,100,101028,100,100236,100,101031,100,100184,100,101070,100,100118,100,101396,100,100074,100,101589,100,100028,100
2019-06-28 09:55:30.000000000,100767,422,100573,522,100770,100,100433,100,100782,100,100346,100,100786,100,100303,100,100816,100,100245,100,101028,100,100236,100,101031,100,100184,100,101070,100,100118,100,101396,100,100074,100,101589,100,100028,100
2019-06-28 09:55:40.000000000,100767,180,100573,280,100770,180,100433,180,100782,180,100346,180,100786,180,100303,180,100816,100,100245,100,101028,100,100236,100,101031,100,100184,100,101070,100,100118,100,101396,100,100074,100,101589,100,100028,100
2019-06-28 09:55:44.347213841,100767,180,100573,280,100770,180,100433,180,100782,180,100346,180,100786,180,100303,180,100816,100,100245,100,101028,100,100236,100,101031,100,100184,100,101070,100,100118,100,101396,100,100111,100,101589,100,100074,100
2019-06-28 09:55:50.000000000,100767,164,100573,264,100770,164,100433,164,100782,164,100346,164,100786,164,100303,164,100816,164,100245,164,101028,100,100236,100,101031,100,100184,100,101070,100,100118,100,101396,100,100111,100,101589,100,100074,100
2019-06-28 09:56:00.000000000,100767,422,100573,522,100770,100,100433,100,100782,100,100346,100,100786,100,100303,100,100816,100,100245,100,101028,100,100236,100,101031,100,100184,100,101070,100,100118,100,101396,100,100111,100,101589,100,100074,100
2019-06-28 09:56:00.242532268,100662,100,100573,522,100767,422,100433,100,100770,100,100346,100,100782,100,100303,100,100786,100,100245,100,100816,100,100236,100,101028,100,100184,100,101031,100,100118,100,101070,100,100111,100,101396,100,100074,100
2019-06-28 09:56:10.000000000,100662,422,100573,522,100767,100,100433,100,100770,100,100346,100,100782,100,100303,100,100786,100,100245,100,100816,100,100236,100,101028,100,100184,100,101031,100,100118,100,101070,100,100111,100,101396,100,100074,100
2019-06-28 09:56:19.162006797,100662,522,100573,422,100767,100,100433,100,100770,100,100346,100,100782,100,100303,100,100786,100,100245,100,100816,100,100236,100,101028,100,100184,100,101031,100,100118,100,101070,100,100111,100,101396,100,100074,100
2019-06-28 09:56:20.000000000,100662,280,100573,180,100767,180,100433,180,100770,180,100346,180,100782,180,100303,180,100786,100,100245,100,100816,100,100236,100,101028,100,100184,100,101031,100,100118,100,101070,100,100111,100,101396,100,100074,100
2019-06-28 09:56:26.590743411,100662,280,100573,80,100767,180,100433,180,100770,180,100346,180,100782,180,100303,180,100786,100,100245,100,100816,100,100236,100,101028,100,100184,100,101031,100,100118,100,101070,100,100111,100,101396,100,100074,100
2019-06-28 09:56:30.000000000,100662,280,100433,180,100767,180,100346,180,100770,180,100303,180,100782,180,100245,180,100786,100,100236,100,100816,100,100184,100,101028,100,100118,100,101031,100,100111,100,101070,100,100074,100,101396,100,100028,100
2019-06-28 09:56:40.000000000,100662,309,100433,209,100767,206,100346,206,100770,206,100303,206,100782,100,100245,100,100786,100,100236,100,100816,100,100184,100,101028,100,100118,100,101031,100,100111,100,101070,100,100074,100,101396,100,100028,100
2019-06-28 09:56:50.000000000,100662,280,100433,180,100767,180,100346,180,100770,180,100303,180,100782,180,100245,180,100786,100,100236,100,100816,100,100184,100,101028,100,100118,100,101031,100,100111,100,101070,100,100074,100,101396,100,100028,100
2019-06-28 09:57:00.000000000,100662,264,100433,164,100767,164,100346,164,100770,164,100303,164,100782,164,100245,164,100786,164,100236,164,100816,100,100184,100,101028,100,100118,100,101031,100,100111,100,101070,100,100074,100,101396,100,100028,100
2019-06-28 09:57:10.000000000,100662,309,100433,209,100767,206,100346,206,100770,206,100303,206,100782,100,100245,100,100786,100,100236,100,100816,100,100184,100,101028,100,100118,100,101031,100,100111,100,101070,100,100074,100,101396,100,100028,100
2019-06-28 09:57:20.000000000,100662,309,100433,209,100767,206,100346,206,100770,206,100303,206,100782,100,100245,100,100786,100,100236,100,100816,100,100184,100,101028,100,100118,100,101031,100,100111,100,101070,100,100074,100,101396,100,100028,100
2019-06-28 09:57:22.000249184,100661,100,100433,209,100662,309,100346,206,100767,206,100303,206,100770,206,100245,100,100782,100,100236,100,100786,100,100184,100,100816,100,100118,100,101028,100,100111,100,101031,100,100074,100,101070,100,100024,20
2019-06-28 09:57:30.000000000,100661,422,100433,422,100662,200,100346,100,100767,100,100303,100,100770,100,100245,100,100782,100,100236,100,100786,100,100184,100,100816,100,100118,100,101028,100,100111,100,101031,100,100074,100,101070,100,100024,20
2019-06-28 09:57:40.000000000,100661,261,100433,261,100662,361,100346,261,100767,100,100303,100,100770,100,100245,100,100782,100,100236,100,100786,100,100184,100,100816,100,100118,100,101028,100,100111,100,101031,100,100074,100,101070,100,100024,20
2019-06-28 09:57:43.758630610,100661,261,100433,261,100662,361,100346,261,100767,100,100303,100,100770,100,100245,100,100782,100,100236,100,100786,100,100184,100,100816,100,100118,100,101028,100,100111,100,101031,100,100074,100,101070,100,100024,20
2019-06-28 09:57:50.000000000,100661,209,100433,209,100662,306,100346,206,100767,206,100303,206,100770,100,100245,100,100782,100,100236,100,100786,100,100184,100,100816,100,100118,100,101028,100,100111,100,101031,100,100074,100,101070,100,100024,20
2019-06-28 09:57:54.615219356,100661,209,100433,109,100662,306,100346,206,100767,206,100303,206,100770,100,100245,100,100782,100,100236,100,100786,100,100184,100,100816,100,100118,100,101028,100,100111,100,101031,100,100074,100,101070,100,100024,20
2019-06-28 09:58:00.000000000,100661,422,100346,422,100662,200,100303,100,100767,100,100245,100,100770,100,100236,100,100782,100,100184,100,100786,100,100118,100,100816,100,100111,100,101028,100,100074,100,101031,100,100024,20,101070,100,99964,100
2019-06-28 09:58:08.214267562,100661,422,100346,322,100662,200,100303,100,100767,100,100245,100,100770,100,100236,100,100782,100,100184,100,100786,100,100118,100,100816,100,100111,100,101028,100,100074,100,101031,100,100024,20,101070,100,99964,100
2019-06-28 09:58:10.000000000,100661,422,100303,422,100662,200,100245,100,100767,100,100236,100,100770,100,100184,100,100782,100,100118,100,100786,100,100111,100,100816,100,100074,100,101028,100,100024,20,101031,100,99964,100,101070,100,99884,100
2019-06-28 09:58:20.000000000,100661,180,100303,180,100662,280,100245,180,100767,180,100236,180,100770,180,100184,180,100782,100,100118,100,100786,100,100111,100,100816,100,100074,100,101028,100,100024,20,101031,100,99964,100,101070,100,99884,100
2019-06-28 09:58:30.000000000,100661,261,100303,261,100662,361,100245,261,100767,100,100236,100,100770,100,100184,100,100782,100,100118,100,100786,100,100111,100,100816,100,100074,100,101028,100,100024,20,101031,100,99964,100,101070,100,99884,100
2019-06-28 09:58:40.000000000,100661,180,100303,180,100662,280,100245,180,100767,180,100236,180,100770,180,100184,180,100782,100,100118,100,100786,100,100111,100,100816,100,100074,100,101028,100,100024,20,101031,100,99964,100,101070,100,99884,100
2019-06-28 09:58:48.017791484,100433,100,100303,180,100661,180,100245,180,100662,180,100236,180,100767,180,100184,180,100770,180,100118,100,100782,100,100111,100,100786,100,100074,100,100816,100,100024,20,101028,100,99964,100,101031,100,99884,100
2019-06-28 09:58:50.000000000,100433,209,100303,209,100661,206,100245,206,100662,206,100236,206,100767,100,100184,100,100770,100,100118,100,100782,100,100111,100,100786,100,100074,100,100816,100,100024,20,101028,100,99964,100,101031,100,99884,100
2019-06-28 09:59:00.000000000,100433,422,100303,422,100661,100,100245,100,100662,100,100236,100,100767,100,100184,100,100770,100,100118,100,100782,100,100111,100,100786,100,100074,100,100816,100,100024,20,101028,100,99964,100,101031,100,99884,100
2019-06-28 09:59:10.000000000,100433,422,100303,422,100661,100,100245,100,100662,100,100236,100,100767,100,100184,100,100770,100,100118,100,100782,100,100111,100,100786,100,100074,100,100816,100,100024,20,101028,100,99964,100,101031,100,99884,100
2019-06-28 09:59:20.000000000,100433,422,100303,422,100661,100,100245,100,100662,100,100236,100,100767,100,100184,100,100770,100,100118,100,100782,100,100111,100,100786,100,100074,100,100816,100,100024,20,101028,100,99964,100,101031,100,99884,100
2019-06-28 09:59:26.096375997,100433,422,100303,422,100661,100,100245,100,100662,100,100236,100,100767,100,100184,100,100770,100,100118,100,100782,100,100111,100,100786,100,100074,100,100816,100,100024,20,101028,100,99969,100,101031,100,99964,100
2019-06-28 09:59:30.000000000,100433,164,100303,164,100661,164,100245,164,100662,164,100236,164,100767,164,100184,164,100770,164,100118,164,100782,100,100111,100,100786,100,100074,100,100816,100,100024,20,101028,100,99969,100,101031,100,99964,100
2019-06-28 09:59:40.000000000,100433,261,100303,261,100661,261,100245,261,100662,100,100236,100,100767,100,100184,100,100770,100,100118,100,100782,100,100111,100,100786,100,100074,100,100816,100,100024,20,101028,100,99969,100,101031,100,99964,100
2019-06-28 09:59:41.532966148,100433,261,100303,161,100661,261,100245,261,100662,100,100236,100,100767,100,100184,100,100770,100,100118,100,100782,100,100111,100,100786,100,100074,100,100816,100,100024,20,101028,100,99969,100,101031,100,99964,100
2019-06-28 09:59:43.707717572,100433,261,100303,161,100661,261,100245,261,100767,100,100236,100,100770,100,100184,100,100782,100,100118,100,100786,100,100111,100,100816,100,100074,100,101028,100,100024,20,101031,100,99969,100,101070,100,99964,100
2019-06-28 09:59:50.000000000,100433,180,100245,180,100661,180,100236,180,100767,180,100184,180,100770,180,100118,180,100782,100,100111,100,100786,100,100074,100,100816,100,100024,20,101028,100,99969,100,101031,100,99964,100,101070,100,99884,100
2019-06-28 09:59:50.746593355,100433,180,100245,80,100661,180,100236,180,100767,180,100184,180,100770,180,100118,180,100782,100,100111,100,100786,100,100074,100,100816,100,100024,20,101028,100,99969,100,101031,100,99964,100,101070,100,99884,100
2019-06-28 09:59:57.594775636,100433,180,100245,80,100661,180,100236,180,100767,180,100184,180,100770,180,100118,180,100782,100,100111,100,100786,100,100074,100,100816,100,100024,20,101028,100,99969,100,101031,100,99964,100,101070,100,99884,100
2019-06-28 09:59:58.387640513,100303,100,100245,80,100433,180,100236,180,100661,180,100184,180,100767,180,100118,180,100770,180,100111,100,100782,100,100074,100,100786,100,100024,20,100816,100,99969,100,101028,100,99964,100,101031,100,99884,100
2019-06-28 10:00:00.000000000,100303,180,100236,180,100433,180,100184,180,100661,180,100118,180,100767,180,100111,180,100770,100,100074,100,100782,100,100024,20,100786,100,99969,100,100816,100,99964,100,101028,100,99884,100,101031,100,99866,100
2019-06-28 10:00:10.000000000,100303,209,100236,209,100433,206,100184,206,100661,206,100118,206,100767,100,100111,100,100770,100,100074,100,100782,100,100024,20,100786,100,99969,100,100816,100,99964,100,101028,100,99884,100,101031,100,99866,100
2019-06-28 10:00:20.000000000,100303,422,100236,422,100433,100,100184,100,100661,100,100118,100,100767,100,100111,100,100770,100,100074,100,100782,100,100024,20,100786,100,99969,100,100816,100,99964,100,101028,100,99884,100,101031,100,99866,100
2019-06-28 10:00:26.462806224,100303,422,100236,422,100433,100,100184,100,100661,100,100111,100,100767,100,100074,100,100770,100,100024,20,100782,100,99969,100,100786,100,99964,100,100816,100,99884,100,101028,100,99866,100,101031,100,99857,100
2019-06-28 10:00:30.000000000,100303,422,100236,422,100433,100,100184,100,100661,100,100111,100,100767,100,100074,100,100770,100,100024,20,100782,100,99969,100,100786,100,99964,100,100816,100,99884,100,101028,100,99866,100,101031,100,99857,100
2019-06-28 10:00:40.000000000,100303,164,100236,164,100433,164,100184,164,100661,164,100111,164,100767,164,100074,164,100770,164,100024,84,100782,100,99969,100,100786,100,99964,100,100816,100,99884,100,101028,100,99866,100,101031,100,99857,100
2019-06-28 10:00:45.387974624,100303,164,100236,164,100433,164,100184,164,100661,164,100111,164,100767,164,100074,164,100770,164,100024,84,100782,100,99969,100,100786,100,99964,100,100816,100,99884,100,101028,100,99857,100,101031,100,99804,100
2019-06-28 10:00:50.000000000,100303,209,100236,209,100433,206,100184,206,100661,206,100111,206,100767,100,100074,100,100770,100,100024,20,100782,100,99969,100,100786,100,99964,100,100816,100,99884,100,101028,100,99857,100,101031,100,99804,100
2019-06-28 10:00:54.440897795,100303,209,100236,209,100433,206,100184,206,100661,206,100111,206,100767,100,100074,100,100770,100,100024,20,100782,100,99964,100,100786,100,99884,100,100816,100,99857,100,101028,100,99804,100,101031,100,99788,100
2019-06-28 10:01:00.000000000,100303,422,100236,422,100433,100,100184,100,100661,100,100111,100,100767,100,100074,100,100770,100,100024,20,100782,100,99964,100,100786,100,99884,100,100816,100,99857,100,101028,100,99804,100,101031,100,99788,100
2019-06-28 10:01:10.000000000,100303,261,100236,261,100433,261,100184,261,100661,100,100111,100,100767,100,100074,100,100770,100,100024,20,100782,100,99964,100,100786,100,99884,100,100816,100,99857,100,101028,100,99804,100,101031,100,99788,100
2019-06-28 10:01:11.977297491,100303,261,100236,161,100433,261,100184,261,100661,100,100111,100,100767,100,100074,100,100770,100,100024,20,100782,100,99964,100,100786,100,99884,100,100816,100,99857,100,101028,100,99804,100,101031,100,99788,100
2019-06-28 10:01:20.000000000,100303,422,100184,422,100433,100,100111,100,100661,100,100074,100,100767,100,100024,20,100770,100,99964,100,100782,100,99884,100,100786,100,99857,100,100816,100,99804,100,101028,100,99788,100,101031,100,99497,100
2019-06-28 10:01:24.631174456,100303,422,100184,322,100433,100,100111,100,100661,100,100074,100,100767,100,100024,20,100770,100,99964,100,100782,100,99884,100,100786,100,99857,100,100816,100,99804,100,101028,100,99497,100,101031,100,99474,100
2019-06-28 10:01:30.000000000,100303,422,100111,422,100433,100,100074,100,100661,100,100024,20,100767,100,99964,100,100770,100,99884,100,100782,100,99857,100,100786,100,99804,100,100816,100,99497,100,101028,100,99474,100,101031,100,,
2019-06-28 10:01:40.000000000,100303,422,100111,422,100433,100,100074,100,100661,100,100024,20,100767,100,99964,100,100770,100,99884,100,100782,100,99857,100,100786,100,99804,100,100816,100,99497,100,101028,100,99474,100,101031,100,,
2019-06-28 10:01:49.346066098,100303,422,100111,422,100433,100,100074,100,100661,100,100024,20,100767,100,99964,100,100770,100,99884,100,100782,100,99857,100,100786,100,99814,100,100816,100,99804,100,101028,100,99497,100,101031,100,99474,100
2019-06-28 10:01:50.000000000,100303,180,100111,180,100433,180,100074,180,100661,180,100024,100,100767,180,99964,180,100770,100,99884,100,100782,100,99857,100,100786,100,99814,100,100816,100,99804,100,101028,100,99497,100,101031,100,99474,100
2019-06-28 10:01:52.689377867,100303,180,100111,180,100433,180,100074,180,100661,180,100024,100,100767,180,99964,180,100770,100,99884,100,100782,100,99814,100,100786,100,99804,100,100816,100,99734,100,101028,100,99497,100,101031,100,99474,100
2019-06-28 10:01:53.036738680,100303,180,100111,180,100433,180,100074,180,100661,180,100024,100,100767,180,99964,180,100770,100,99884,100,100782,100,99840,100,100786,100,99814,100,100816,100,99804,100,101028,100,99734,100,101031,100,99497,100
2019-06-28 10:02:00.000000000,100303,261,100111,261,100433,261,100074,261,100661,100,100024,20,100767,100,99964,100,100770,100,99884,100,100782,100,99840,100,100786,100,99814,100,100816,100,99804,100,101028,100,99734,100,101031,100,99497,100
2019-06-28 10:02:06.320600204,100303,261,100111,161,100433,261,100074,261,100661,100,100024,20,100767,100,99964,100,100770,100,99884,100,100782,100,99840,100,100786,100,99814,100,100816,100,99804,100,101028,100,99734,100,101031,100,99497,100
2019-06-28 10:02:10.000000000,100303,164,100074,164,100433,164,100024,84,100661,164,99964,164,100767,164,99884,164,100770,164,99840,164,100782,100,99814,100,100786,100,99804,100,100816,100,99734,100,101028,100,99497,100,101031,100,99474,100
2019-06-28 10:02:13.378027154,100184,100,100074,164,100303,164,100024,84,100433,164,99964,64,100661,164,99884,164,100767,164,99840,164,100770,164,99814,100,100782,100,99804,100,100786,100,99734,100,100816,100,99497,100,101028,100,99474,100
2019-06-28 10:02:20.000000000,100184,209,100074,209,100303,206,100024,126,100433,206,99884,206,100661,100,99840,100,100767,100,99814,100,100770,100,99804,100,100782,100,99734,100,100786,100,99497,100,100816,100,99474,100,101028,100,,
2019-06-28 10:02:30.000000000,100184,422,100074,422,100303,100,100024,20,100433,100,99884,100,100661,100,99840,100,100767,100,99814,100,100770,100,99804,100,100782,100,99734,100,100786,100,99497,100,100816,100,99474,100,101028,100,,
2019-06-28 10:02:36.469839333,100184,322,100074,422,100303,100,100024,20,100433,100,99884,100,100661,100,99840,100,100767,100,99814,100,100770,100,99804,100,100782,100,99734,100,100786,100,99497,100,100816,100,99474,100,101028,100,,
2019-06-28 10:02:40.000000000,100303,261,100074,261,100433,261,100024,181,100661,100,99884,100,100767,100,99840,100,100770,100,99814,100,100782,100,99804,100,100786,100,99734,100,100816,100,99497,100,101028,100,99474,100,101031,100,,
2019-06-28 10:02:43.552668741,100303,261,100279,100,100433,261,100074,261,100661,100,100024,181,100767,100,99884,100,100770,100,99840,100,100782,100,99814,100,100786,100,99804,100,100816,100,99734,100,101028,100,99497,100,101031,100,99474,100
2019-06-28 10:02:46.011665490,100303,261,100279,100,100433,261,100112,100,100661,100,100074,261,100767,100,100024,181,100770,100,99884,100,100782,100,99840,100,100786,100,99814,100,100816,100,99804,100,101028,100,99734,100,101031,100,99497,100
2019-06-28 10:02:49.213722563,100303,161,100279,100,100433,261,100112,100,100661,100,100074,261,100767,100,100024,181,100770,100,99884,100,100782,100,99840,100,100786,100,99814,100,100816,100,99804,100,101028,100,99734,100,101031,100,99497,100
2019-06-28 10:02:50.000000000,100433,261,100279,261,100661,261,100112,261,100767,100,100074,100,100770,100,100024,20,100782,100,99884,100,100786,100,99840,100,100816,100,99814,100,101028,100,99804,100,101031,100,99734,100,101070,100,99497,100
2019-06-28 10:02:53.459442420,100433,161,100279,261,100661,261,100112,261,100767,100,100024,20,100770,100,99884,100,100782,100,99840,100,100786,100,99814,100,100816,100,99804,100,101028,100,99734,100,101031,100,99497,100,101070,100,99474,100
2019-06-28 10:02:55.664905834,100421,100,100279,261,100433,161,100112,261,100661,261,100024,20,100767,100,99884,100,100770,100,99840,100,100786,100,99814,100,100816,100,99804,100,101028,100,99734,100,101031,100,99497,100,101070,100,99474,100
2019-06-28 10:03:00.000000000,100421,164,100279,164,100661,164,100112,164,100767,164,100024,84,100770,164,99884,164,100786,164,99840,164,100816,100,99814,100,101028,100,99804,100,101031,100,99734,100,101070,100,99497,100,101396,100,99474,100
2019-06-28 10:03:05.486236151,100421,164,100279,164,100661,164,100112,164,100718,100,100024,84,100767,164,99884,164,100770,164,99840,164,100786,164,99814,100,101028,100,99804,100,101031,100,99734,100,101070,100,99497,100,101396,100,99474,100
2019-06-28 10:03:09.667409673,100421,64,100279,164,100661,164,100112,164,100718,100,100024,64,100767,164,99884,164,100770,164,99840,164,100786,164,99814,100,101028,100,99804,100,101031,100,99734,100,101070,100,99497,100,101396,100,99474,100
2019-06-28 10:03:10.000000000,100661,180,100279,180,100718,180,100112,180,100767,180,99884,180,100770,180,99840,180,100786,100,99814,100,101028,100,99804,100,101031,100,99734,100,101070,100,99497,100,101396,100,99474,100,,,,
2019-06-28 10:03:12.739709950,100661,180,100421,100,100718,180,100279,180,100767,180,100112,180,100770,180,99884,180,100786,100,99840,180,101028,100,99814,100,101031,100,99804,100,101070,100,99734,100,101396,100,99497,100,,,99474,100
2019-06-28 10:03:14.845088457,100534,100,100421,100,100661,180,100279,180,100718,180,100112,180,100767,180,99884,180,100770,180,99840,180,100786,100,99814,100,101028,100,99804,100,101031,100,99734,100,101070,100,99497,100,101396,100,99474,100
2019-06-28 10:03:20.000000000,100534,209,100421,209,100661,206,100279,206,100718,206,100112,206,100767,100,99884,100,100770,100,99840,100,100786,100,99814,100,101028,100,99804,100,101031,100,99734,100,101070,100,99497,100,101396,100,99474,100
2019-06-28 10:03:30.000000000,100534,422,100421,422,100661,100,100279,100,100718,100,100112,100,100767,100,99884,100,100770,100,99840,100,100786,100,99814,100,101028,100,99804,100,101031,100,99734,100,101070,100,99497,100,101396,100,99474,100
2019-06-28 10:03:40.000000000,100534,261,100421,261,100661,261,100279,261,100718,100,100112,100,100767,100,99884,100,100770,100,99840,100,100786,100,99814,100,101028,100,99804,100,101031,100,99734,100,101070,100,99497,100,101396,100,99474,100
2019-06-28 10:03:50.000000000,100534,209,100421,209,100661,206,100279,206,100718,206,100112,206,100767,100,99884,100,100770,100,99840,100,100786,100,99814,100,101028,100,99804,100,101031,100,99734,100,101070,100,99497,100,101396,100,99474,100
2019-06-28 10:04:00.000000000,100534,164,100421,164,100661,164,100279,164,100718,164,100112,164,100767,164,99884,164,100770,164,99840,164,100786,100,99814,100,101028,100,99804,100,101031,100,99734,100,101070,100,99497,100,101396,100,99474,100
2019-06-28 10:04:10.000000000,100534,180,100421,180,100661,180,100279,180,100718,180,100112,180,100767,180,99884,180,100770,100,99840,100,100786,100,99814,100,101028,100,99804,100,101031,100,99734,100,101070,100,99497,100,101396,100,99474,100
2019-06-28 10:04:20.000000000,100534,422,100421,422,100661,100,100279,100,100718,100,100112,100,100767,100,99884,100,100770,100,99840,100,100786,100,99814,100,101028,100,99804,100,101031,100,99734,100,101070,100,99497,100,101396,100,99474,100
2019-06-28 10:04:30.000000000,100534,261,100421,261,100661,261,100279,261,100718,100,100112,100,100767,100,99884,100,100770,100,99840,100,100786,100,99814,100,101028,100,99804,100,101031,100,99734,100,101070,100,99497,100,101396,100,99474,100
2019-06-28 10:04:40.000000000,100534,164,100421,164,100661,164,100279,164,100718,164,100112,164,100767,164,99884,164,100770,164,99840,164,100786,100,99814,100,101028,100,99804,100,101031,100,99734,100,101070,100,99497,100,101396,100,99474,100
2019-06-28 10:04:50.000000000,100534,180,100421,180,100661,180,100279,180,100718,180,100112,180,100767,180,99884,180,100770,100,99840,100,100786,100,99814,100,101028,100,99804,100,101031,100,99734,100,101070,100,99497,100,101396,100,99474,100
2019-06-28 10:04:52.035935499,100534,180,100421,80,100661,180,100279,180,100718,180,100112,180,100767,180,99884,180,100770,100,99840,100,100786,100,99814,100,101028,100,99804,100,101031,100,99734,100,101070,100,99497,100,101396,100,99474,100
2019-06-28 10:05:00.000000000,100534,180,100279,180,100661,180,100112,180,100718,180,99884,180,100767,180,99840,180,100770,100,99814,100,100786,100,99804,100,101028,100,99734,100,101031,100,99497,100,101070,100,99474,100,101396,100,,
2019-06-28 10:05:10.000000000,100534,209,100279,209,100661,206,100112,206,100718,206,99884,206,100767,100,99840,100,100770,100,99814,100,100786,100,99804,100,101028,100,99734,100,101031,100,99497,100,101070,100,99474,100,101396,100,,
2019-06-28 10:05:13.735086249,100534,209,100279,109,100661,206,100112,206,100718,206,99884,206,100767,100,99840,100,100770,100,99814,100,100786,100,99804,100,101028,100,99734,100,101031,100,99497,100,101070,100,99474,100,101396,100,,
2019-06-28 10:05:14.987853812,100534,209,100279,109,100661,206,100112,206,100718,206,99884,206,100767,100,99840,100,100770,100,99814,100,100786,100,99804,100,101028,100,99734,100,101031,100,99497,100,101396,100,99474,100,,,98413,100
