,ask_price_1,ask_size_1,bid_price_1,bid_size_1,ask_price_2,ask_size_2,bid_price_2,bid_size_2,ask_price_3,ask_size_3,bid_price_3,bid_size_3,ask_price_4,ask_size_4,bid_price_4,bid_size_4,ask_price_5,ask_size_5,bid_price_5,bid_size_5,ask_price_6,ask_size_6,bid_price_6,bid_size_6,ask_price_7,ask_size_7,bid_price_7,bid_size_7,ask_price_8,ask_size_8,bid_price_8,bid_size_8,ask_price_9,ask_size_9,bid_price_9,bid_size_9,ask_price_10,ask_size_10,bid_price_10,bid_size_10
2019-06-28 09:30:00.000000003,,,99948,100,,,,,,,,,,,,,,,,,,,,,,,,,,,,,,,,,,,,
2019-06-28 09:30:00.000000004,,,99969,100,,,99948,100,,,,,,,,,,,,,,,,,,,,,,,,,,,,,,,,
2019-06-28 09:30:00.000000007,,,99969,100,,,99948,100,,,99902,100,,,,,,,,,,,,,,,,,,,,,,,,,,,,
2019-06-28 09:30:00.000000010,100048,100,99969,100,,,99948,100,,,99902,100,,,,,,,,,,,,,,,,,,,,,,,,,,,,
2019-06-28 09:30:00.000000011,100048,100,99969,100,,,99948,100,,,99925,100,,,99902,100,,,,,,,,,,,,,,,,,,,,,,,,
2019-06-28 09:30:00.000000012,100048,100,99969,100,,,99948,100,,,99925,100,,,99902,100,,,,,,,,,,,,,,,,,,,,,,,,
2019-06-28 09:30:00.000000013,100016,100,99969,100,100048,100,99948,100,,,99925,100,,,99902,100,,,,,,,,,,,,,,,,,,,,,,,,
2019-06-28 09:30:00.000000014,100016,100,99969,100,100048,100,99948,100,,,99925,100,,,99902,100,,,99877,100,,,,,,,,,,,,,,,,,,,,
2019-06-28 09:30:00.000000015,100016,100,99969,100,100048,200,99948,100,100069,100,99925,100,100082,100,99902,100,100088,100,99877,100,100130,100,,,,,,,,,,,,,,,,,,
2019-06-28 09:30:00.000000016,100016,100,99969,100,100048,200,99948,100,100069,100,99925,100,100082,100,99902,100,100088,200,99877,100,100130,100,,,,,,,,,,,,,,,,,,
2019-06-28 09:30:00.000000018,99993,100,99969,100,100016,100,99948,100,100048,200,99925,100,100069,100,99902,100,100082,100,99877,100,100088,200,,,100130,100,,,,,,,,,,,,,,
2019-06-28 09:30:00.000000023,99993,100,99969,100,100016,100,99948,100,100048,200,99925,100,100053,100,99902,100,100069,100,99877,100,100082,100,,,100088,200,,,100130,100,,,100154,100,,,,,,
2019-06-28 09:30:00.000000025,99993,100,99969,100,100016,100,99948,100,100048,200,99929,100,100053,100,99925,100,100069,100,99902,100,100082,100,99886,100,100088,200,99877,100,100130,100,,,100154,100,,,,,,
2019-06-28 09:30:00.000000027,99993,100,99969,100,100016,100,99948,100,100020,100,99929,100,100048,200,99925,100,100053,100,99902,100,100069,100,99900,100,100082,100,99886,100,100088,200,99877,100,100130,100,,,100154,100,,
2019-06-28 09:30:00.000000029,99993,100,99969,100,100016,100,99948,100,100020,200,99929,100,100048,200,99925,100,100053,100,99902,100,100069,100,99900,100,100082,100,99886,100,100088,200,99877,100,100130,100,,,100154,100,,
2019-06-28 09:30:00.000000030,100016,100,99969,100,100020,200,99948,100,100048,200,99929,100,100053,100,99925,100,100069,100,99902,100,100082,100,99900,100,100088,200,99886,100,100130,100,99877,100,100154,100,,,,,,
2019-06-28 09:30:00.000000031,100016,100,99969,100,100020,200,99963,100,100048,200,99948,100,100053,100,99929,100,100069,100,99925,100,100081,100,99902,100,100082,100,99900,100,100088,200,99886,100,100130,100,99877,100,100154,100,,
2019-06-28 09:30:00.000000032,99993,100,99969,100,100016,100,99963,100,100020,200,99948,100,100048,200,99929,100,100053,100,99925,100,100069,100,99902,100,100081,100,99900,100,100082,100,99886,100,100088,200,99877,100,100130,100,,
2019-06-28 09:30:00.000000035,99993,100,99969,100,100007,100,99963,100,100016,100,99948,100,100020,200,99929,100,100048,200,99925,100,100053,100,99908,100,100069,100,99902,100,100081,100,99900,100,100082,100,99886,100,100088,200,99877,100
2019-06-28 09:30:00.000000037,99993,100,99969,100,100007,100,99963,100,100016,100,99948,100,100020,200,99938,100,100048,200,99929,100,100053,100,99925,100,100069,100,99908,100,100081,100,99902,100,100082,100,99900,100,100088,200,99886,100
2019-06-28 09:30:00.000000040,100007,100,99969,100,100016,100,99963,100,100020,200,99948,100,100048,200,99938,100,100053,100,99929,100,100069,100,99925,100,100081,100,99908,100,100082,100,99902,100,100088,200,99900,100,100130,100,99886,100
2019-06-28 09:30:00.000000044,100016,100,99969,100,100020,200,99963,100,100048,200,99948,100,100053,100,99938,100,100069,100,99929,100,100081,100,99925,100,100082,100,99908,100,100088,200,99902,100,100130,100,99900,100,100152,100,99886,100
2019-06-28 09:30:00.000000045,100016,100,99969,100,100020,200,99963,100,100048,200,99948,100,100053,100,99938,100,100069,100,99929,100,100081,100,99925,100,100082,100,99908,100,100088,200,99902,100,100130,100,99900,100,100152,100,99886,100
2019-06-28 09:30:00.000000047,100016,100,99969,100,100020,200,99963,100,100048,200,99948,100,100053,100,99938,100,100069,100,99929,100,100081,100,99925,100,100082,100,99908,100,100088,200,99905,100,100130,100,99902,100,100152,100,99900,100
2019-06-28 09:30:00.000000048,100016,100,99969,100,100020,200,99963,100,100048,200,99948,100,100053,100,99938,100,100069,100,99929,100,100081,100,99925,100,100082,100,99908,100,100088,200,99905,100,100130,100,99902,100,100152,100,99900,100
2019-06-28 09:30:00.000000050,100016,100,99969,100,100020,200,99963,100,100048,200,99961,100,100053,100,99948,100,100069,100,99938,100,100081,100,99929,100,100082,100,99925,100,100088,200,99908,100,100130,100,99905,100,100152,100,99902,100
2019-06-28 09:30:00.000000051,100016,100,99969,100,100020,200,99963,100,100048,200,99961,100,100053,100,99948,100,100063,100,99938,100,100069,100,99929,100,100081,100,99925,100,100082,100,99908,100,100088,200,99905,100,100130,100,99902,100
2019-06-28 09:30:00.000000053,100016,100,99963,100,100020,200,99961,100,100048,200,99948,100,100053,100,99938,100,100063,100,99929,100,100069,100,99925,100,100081,100,99908,100,100082,100,99905,100,100088,200,99902,100,100130,100,99900,100
2019-06-28 09:30:00.000000055,100016,100,99963,100,100020,200,99961,100,100048,200,99948,100,100053,100,99938,100,100063,100,99929,100,100069,100,99925,100,100081,100,99908,100,100082,100,99905,100,100088,200,99902,100,100125,100,99900,100
2019-06-28 09:30:00.000000059,99996,100,99969,100,100016,100,99963,100,100020,200,99961,100,100048,200,99948,100,100053,100,99938,100,100063,100,99929,100,100069,100,99925,100,100081,100,99908,100,100082,100,99905,100,100088,200,99902,100
2019-06-28 09:30:00.000000061,100016,100,99969,100,100020,200,99963,100,100048,200,99961,100,100053,100,99948,100,100063,100,99938,100,100069,100,99929,100,100081,100,99925,100,100082,100,99908,100,100088,200,99905,100,100125,100,99902,100
2019-06-28 09:30:00.000000064,100016,100,99969,100,100020,200,99963,100,100048,200,99961,100,100053,100,99948,100,100063,100,99938,100,100069,100,99929,100,100081,100,99925,100,100082,100,99908,100,100088,200,99905,100,100125,100,99902,100
2019-06-28 09:30:00.000000068,100016,100,99969,100,100020,200,99963,100,100048,200,99961,100,100053,100,99948,100,100063,100,99940,100,100069,100,99938,100,100081,100,99929,100,100082,100,99925,100,100088,200,99908,100,100125,100,99905,100
2019-06-28 09:30:00.000000069,99996,100,99969,100,100016,100,99963,100,100020,200,99961,100,100024,100,99948,100,100048,200,99940,100,100053,100,99938,100,100063,100,99929,100,100069,100,99925,100,100081,100,99908,100,100082,100,99905,100
2019-06-28 09:30:00.000000075,99996,100,99969,200,100016,100,99963,100,100020,200,99961,100,100024,100,99948,100,100048,200,99940,100,100053,100,99938,100,100063,100,99929,100,100069,100,99925,100,100081,100,99908,100,100082,100,99905,100
2019-06-28 09:30:00.000000076,99996,100,99969,200,100016,100,99963,100,100020,200,99961,100,100024,100,99948,100,100048,200,99940,100,100053,100,99938,100,100063,100,99929,100,100069,100,99925,100,100081,100,99908,100,100082,100,99905,100
2019-06-28 09:30:00.000000081,99996,100,99969,200,100016,100,99963,100,100020,200,99961,100,100024,100,99948,100,100048,200,99940,100,100053,100,99938,100,100063,100,99929,100,100069,100,99925,100,100079,100,99908,100,100081,100,99905,100
2019-06-28 09:30:00.000000086,99996,100,99969,200,100014,100,99963,100,100016,100,99961,100,100020,200,99948,100,100024,100,99940,100,100048,200,99938,100,100053,100,99929,100,100063,100,99925,100,100069,100,99908,100,100079,100,99905,100
2019-06-28 09:30:00.000000087,99996,200,99969,200,100014,100,99963,100,100016,100,99961,200,100020,200,99948,100,100024,100,99940,100,100048,200,99938,100,100053,100,99929,100,100063,100,99925,100,100069,100,99908,100,100079,100,99905,100
2019-06-28 09:30:00.000000090,99996,200,99969,200,100014,100,99963,100,100016,100,99961,200,100020,200,99948,100,100024,100,99940,100,100037,100,99938,100,100048,200,99929,100,100053,100,99925,100,100063,100,99908,100,100069,100,99905,100
2019-06-28 09:30:00.000000091,99996,200,99969,200,100014,100,99963,100,100016,100,99961,200,100020,200,99955,100,100024,100,99948,100,100037,100,99940,100,100048,200,99938,100,100053,100,99929,100,100063,100,99925,200,100069,100,99908,100
2019-06-28 09:30:00.000000097,99995,100,99969,200,99996,100,99963,100,100014,100,99961,200,100016,100,99955,100,100020,200,99948,100,100024,100,99940,100,100037,100,99938,100,100041,100,99929,100,100048,200,99925,200,100053,100,99908,100
2019-06-28 09:30:00.000000099,99995,100,99969,200,99996,100,99963,100,100014,100,99961,200,100016,100,99955,100,100020,200,99948,100,100024,100,99940,100,100037,100,99938,100,100041,100,99929,100,100048,200,99925,200,100053,100,99908,100
2019-06-28 09:30:10.000000000,99995,189,99969,289,99996,187,99963,187,100014,187,99961,287,100016,100,99955,100,100020,200,99948,100,100024,100,99940,100,100037,100,99938,100,100041,100,99929,100,100048,200,99925,200,100053,100,99908,100
2019-06-28 09:30:20.000000000,99995,363,99969,463,99996,100,99963,100,100014,100,99961,200,100016,100,99955,100,100020,200,99948,100,100024,100,99940,100,100037,100,99938,100,100041,100,99929,100,100048,200,99925,200,100053,100,99908,100
2019-06-28 09:30:30.000000000,99995,153,99969,253,99996,153,99963,153,100014,153,99961,253,100016,153,99955,153,100020,253,99948,153,100024,100,99940,100,100037,100,99938,100,100041,100,99929,100,100048,200,99925,200,100053,100,99908,100
2019-06-28 09:30:40.000000000,99995,363,99969,463,99996,100,99963,100,100014,100,99961,200,100016,100,99955,100,100020,200,99948,100,100024,100,99940,100,100037,100,99938,100,100041,100,99929,100,100048,200,99925,200,100053,100,99908,100
2019-06-28 09:30:40.109320536,99995,363,99969,463,99996,100,99963,100,100014,100,99961,200,100016,100,99955,100,100020,200,99948,100,100024,100,99940,100,100041,100,99938,100,100048,200,99929,100,100053,100,99925,200,100063,100,99908,100
2019-06-28 09:30:50.000000000,99995,153,99969,253,99996,153,99963,153,100014,153,99961,253,100016,153,99955,153,100020,253,99948,153,100024,100,99940,100,100041,100,99938,100,100048,200,99929,100,100053,100,99925,200,100063,100,99908,100
2019-06-28 09:30:53.137468122,99995,153,99969,253,99996,153,99963,153,100014,153,99961,253,100016,53,99955,153,100020,253,99948,153,100024,100,99940,100,100041,100,99938,100,100048,200,99929,100,100053,100,99925,200,100063,100,99908,100
2019-06-28 09:31:00.000000000,99995,189,99969,289,99996,187,99963,187,100014,187,99961,287,100020,200,99955,100,100024,100,99948,100,100041,100,99940,100,100048,200,99938,100,100053,100,99929,100,100063,100,99925,200,100069,200,99908,100
2019-06-28 09:31:04.519518020,99995,189,99969,189,99996,187,99963,187,100014,187,99961,187,100020,200,99955,100,100024,100,99948,100,100041,100,99940,100,100048,200,99938,100,100053,100,99929,100,100063,100,99925,200,100069,200,99908,100
2019-06-28 09:31:05.169139613,99995,189,99969,189,99996,187,99963,187,100014,187,99961,187,100020,200,99955,100,100024,100,99948,100,100041,100,99938,100,100048,200,99929,100,100053,100,99925,200,100063,100,99908,100,100069,200,99905,100
2019-06-28 09:31:10.000000000,99995,189,99969,189,99996,187,99963,187,100014,187,99961,187,100020,200,99955,100,100024,100,99948,100,100041,100,99938,100,100048,200,99929,100,100053,100,99925,200,100063,100,99908,100,100069,200,99905,100
2019-06-28 09:31:10.139536804,99995,189,99969,89,99996,187,99963,187,100014,187,99961,187,100020,200,99955,100,100024,100,99948,100,100041,100,99938,100,100048,200,99929,100,100053,100,99925,200,100063,100,99908,100,100069,200,99905,100
2019-06-28 09:31:20.000000000,99995,232,99963,232,99996,232,99961,232,100014,100,99955,100,100020,200,99948,100,100024,100,99938,100,100041,100,99929,100,100048,200,99925,200,100053,100,99908,100,100063,100,99905,100,100069,200,99902,100
2019-06-28 09:31:30.000000000,99995,166,99963,166,99996,166,99961,166,100014,166,99955,166,100020,266,99948,166,100024,100,99938,100,100041,100,99929,100,100048,200,99925,200,100053,100,99908,100,100063,100,99905,100,100069,200,99902,100
2019-06-28 09:31:33.571074005,99995,166,99963,166,99996,166,99961,166,100014,166,99955,166,100020,266,99948,166,100024,100,99938,100,100041,100,99929,100,100048,200,99925,200,100053,100,99908,100,100063,100,99905,100,100069,200,99902,100
2019-06-28 09:31:35.739356307,99995,166,99986,100,99996,166,99963,166,100014,166,99961,166,100020,266,99955,166,100024,100,99948,166,100041,100,99938,100,100048,200,99929,100,100053,100,99925,200,100063,100,99908,100,100069,200,99905,100
2019-06-28 09:31:36.403874729,99995,166,99986,100,99996,166,99970,100,100014,166,99963,166,100020,266,99961,166,100024,100,99955,166,100041,100,99948,166,100048,200,99938,100,100053,100,99929,100,100063,100,99925,200,100069,200,99908,100
2019-06-28 09:31:39.288790533,99995,166,99970,100,99996,166,99963,166,100014,166,99961,166,100020,266,99955,166,100024,100,99948,166,100041,100,99938,100,100048,200,99929,100,100053,100,99925,100,100063,100,99908,100,100069,200,99905,100
2019-06-28 09:31:40.000000000,99995,189,99970,189,99996,187,99963,187,100014,187,99961,187,100020,200,99955,100,100024,100,99948,100,100041,100,99938,100,100048,200,99929,100,100053,100,99925,100,100063,100,99908,100,100069,200,99905,100
2019-06-28 09:31:50.000000000,99995,232,99970,232,99996,232,99963,232,100014,100,99961,100,100020,200,99955,100,100024,100,99948,100,100041,100,99938,100,100048,200,99929,100,100053,100,99925,100,100063,100,99908,100,100069,200,99905,100
2019-06-28 09:32:00.000000000,99995,363,99970,363,99996,100,99963,100,100014,100,99961,100,100020,200,99955,100,100024,100,99948,100,100041,100,99938,100,100048,200,99929,100,100053,100,99925,100,100063,100,99908,100,100069,200,99905,100
2019-06-28 09:32:10.000000000,99995,232,99970,232,99996,232,99963,232,100014,100,99961,100,100020,200,99955,100,100024,100,99948,100,100041,100,99938,100,100048,200,99929,100,100053,100,99925,100,100063,100,99908,100,100069,200,99905,100
2019-06-28 09:32:20.000000000,99995,363,99970,363,99996,100,99963,100,100014,100,99961,100,100020,200,99955,100,100024,100,99948,100,100041,100,99938,100,100048,200,99929,100,100053,100,99925,100,100063,100,99908,100,100069,200,99905,100
2019-06-28 09:32:20.567329242,99995,363,99971,100,99996,100,99970,363,100014,100,99963,100,100020,200,99961,100,100024,100,99955,100,100041,100,99948,100,100048,100,99938,100,100053,100,99929,100,100063,100,99925,100,100069,200,99908,100
2019-06-28 09:32:30.000000000,99995,232,99971,232,99996,232,99970,232,100014,100,99963,100,100020,200,99961,100,100024,100,99955,100,100041,100,99948,100,100048,100,99938,100,100053,100,99929,100,100063,100,99925,100,100069,200,99908,100
2019-06-28 09:32:30.058709106,99995,132,99971,232,99996,232,99970,232,100014,100,99963,100,100020,200,99961,100,100024,100,99955,100,100041,100,99948,100,100048,100,99938,100,100053,100,99929,100,100063,100,99925,100,100069,200,99908,100
2019-06-28 09:32:40.000000000,99996,363,99971,363,100014,100,99970,100,100020,200,99963,100,100024,100,99961,100,100041,100,99955,100,100048,100,99948,100,100053,100,99938,100,100063,100,99929,100,100069,200,99925,100,100079,100,99908,100
2019-06-28 09:32:40.815879664,99996,363,99971,363,100014,100,99970,100,100020,200,99963,100,100024,100,99961,100,100041,100,99955,100,100053,100,99948,100,100063,100,99938,100,100069,200,99929,100,100079,100,99925,100,100081,100,99908,100
2019-06-28 09:32:50.000000000,99996,153,99971,153,100014,153,99970,153,100020,253,99963,153,100024,153,99961,153,100041,153,99955,153,100053,100,99948,100,100063,100,99938,100,100069,200,99929,100,100079,100,99925,100,100081,100,99908,100
2019-06-28 09:33:00.000000000,99996,166,99971,166,100014,166,99970,166,100020,266,99963,166,100024,166,99961,166,100041,100,99955,100,100053,100,99948,100,100063,100,99938,100,100069,200,99929,100,100079,100,99925,100,100081,100,99908,100
2019-06-28 09:33:10.000000000,99996,153,99971,153,100014,153,99970,153,100020,253,99963,153,100024,153,99961,153,100041,153,99955,153,100053,100,99948,100,100063,100,99938,100,100069,200,99929,100,100079,100,99925,100,100081,100,99908,100
2019-06-28 09:33:15.197270597,99996,53,99971,153,100014,153,99970,153,100020,253,99963,153,100024,153,99961,153,100041,153,99955,153,100053,100,99948,100,100063,100,99929,100,100069,200,99925,100,100079,100,99908,100,100081,100,99905,100
2019-06-28 09:33:20.000000000,100014,189,99971,189,100020,287,99970,187,100024,187,99963,187,100041,100,99961,100,100053,100,99955,100,100063,100,99948,100,100069,200,99929,100,100079,100,99925,100,100081,100,99908,100,100082,100,99905,100
2019-06-28 09:33:30.000000000,100014,189,99971,189,100020,287,99970,187,100024,187,99963,187,100041,100,99961,100,100053,100,99955,100,100063,100,99948,100,100069,200,99929,100,100079,100,99925,100,100081,100,99908,100,100082,100,99905,100
2019-06-28 09:33:40.000000000,100014,363,99971,363,100020,200,99970,100,100024,100,99963,100,100041,100,99961,100,100053,100,99955,100,100063,100,99948,100,100069,200,99929,100,100079,100,99925,100,100081,100,99908,100,100082,100,99905,100
2019-06-28 09:33:40.832898153,100014,263,99971,363,100020,200,99970,100,100024,100,99963,100,100041,100,99961,100,100053,100,99955,100,100063,100,99948,100,100069,200,99929,100,100079,100,99925,100,100081,100,99908,100,100082,100,99905,100
2019-06-28 09:33:49.397191406,100014,263,99996,100,100020,200,99971,363,100024,100,99970,100,100041,100,99963,100,100053,100,99961,100,100063,100,99955,100,100069,200,99948,100,100079,100,99929,100,100081,100,99925,100,100082,100,99908,100
2019-06-28 09:33:50.000000000,100020,266,99996,166,100024,166,99971,166,100041,166,99970,166,100053,166,99963,166,100063,100,99961,100,100069,200,99955,100,100079,100,99948,100,100081,100,99929,100,100082,100,99925,100,100088,200,99908,100
2019-06-28 09:34:00.000000000,100020,289,99996,189,100024,187,99971,187,100041,187,99970,187,100053,100,99963,100,100063,100,99961,100,100069,200,99955,100,100079,100,99948,100,100081,100,99929,100,100082,100,99925,100,100088,200,99908,100
2019-06-28 09:34:10.000000000,100020,463,99996,363,100024,100,99971,100,100041,100,99970,100,100053,100,99963,100,100063,100,99961,100,100069,200,99955,100,100079,100,99948,100,100081,100,99929,100,100082,100,99925,100,100088,200,99908,100
2019-06-28 09:34:11.818825901,100020,463,99996,463,100024,100,99971,100,100041,100,99970,100,100053,100,99963,100,100063,100,99961,100,100069,200,99955,100,100079,100,99948,100,100081,100,99929,100,100082,100,99925,100,100088,100,99908,100
2019-06-28 09:34:20.000000000,100020,332,99996,332,100024,232,99971,232,100041,100,99970,100,100053,100,99963,100,100063,100,99961,100,100069,200,99955,100,100079,100,99948,100,100081,100,99929,100,100082,100,99925,100,100088,100,99908,100
2019-06-28 09:34:28.525522191,100020,132,99996,332,100024,232,99971,232,100041,100,99970,100,100053,100,99963,100,100063,100,99961,100,100069,200,99955,100,100079,100,99948,100,100081,100,99929,100,100082,100,99925,100,100088,100,99908,100
2019-06-28 09:34:30.000000000,100024,189,99996,289,100041,187,99971,187,100053,187,99970,187,100063,100,99963,100,100069,200,99961,100,100079,100,99955,100,100081,100,99948,100,100082,100,99929,100,100088,100,99925,100,100094,100,99908,100
2019-06-28 09:34:36.577010426,100024,189,99996,289,100041,187,99971,187,100053,187,99970,187,100063,100,99963,100,100069,200,99961,100,100079,100,99955,100,100081,100,99948,100,100082,100,99929,100,100088,100,99925,100,100094,100,99908,100
2019-06-28 09:34:38.847649896,100024,189,99996,289,100041,187,99971,187,100053,187,99970,187,100063,100,99963,100,100069,200,99961,100,100079,100,99955,100,100081,100,99948,100,100082,100,99929,100,100088,100,99925,100,100094,100,99908,100
2019-06-28 09:34:40.000000000,100024,363,99996,463,100041,100,99971,100,100053,100,99970,100,100063,100,99963,100,100069,200,99961,100,100079,100,99955,100,100081,100,99948,100,100082,100,99929,100,100088,100,99925,100,100094,100,99908,100
2019-06-28 09:34:50.000000000,100024,153,99996,253,100041,153,99971,153,100053,153,99970,153,100063,153,99963,153,100069,253,99961,153,100079,100,99955,100,100081,100,99948,100,100082,100,99929,100,100088,100,99925,100,100094,100,99908,100
2019-06-28 09:35:00.000000000,100024,153,99996,253,100041,153,99971,153,100053,153,99970,153,100063,153,99963,153,100069,253,99961,153,100079,100,99955,100,100081,100,99948,100,100082,100,99929,100,100088,100,99925,100,100094,100,99908,100
2019-06-28 09:35:10.000000000,100024,232,99996,332,100041,232,99971,232,100053,100,99970,100,100063,100,99963,100,100069,200,99961,100,100079,100,99955,100,100081,100,99948,100,100082,100,99929,100,100088,100,99925,100,100094,100,99908,100
2019-06-28 09:35:16.992900545,100024,232,99996,332,100041,232,99971,232,100053,100,99970,100,100063,100,99963,100,100069,200,99961,100,100079,100,99955,100,100081,100,99953,100,100082,100,99948,100,100088,100,99929,100,100094,100,99925,100
2019-06-28 09:35:20.000000000,100024,166,99996,266,100041,166,99971,166,100053,166,99970,166,100063,166,99963,166,100069,200,99961,100,100079,100,99955,100,100081,100,99953,100,100082,100,99948,100,100088,100,99929,100,100094,100,99925,100
2019-06-28 09:35:30.000000000,100024,363,99996,463,100041,100,99971,100,100053,100,99970,100,100063,100,99963,100,100069,200,99961,100,100079,100,99955,100,100081,100,99953,100,100082,100,99948,100,100088,100,99929,100,100094,100,99925,100
2019-06-28 09:35:40.000000000,100024,153,99996,253,100041,153,99971,153,100053,153,99970,153,100063,153,99963,153,100069,253,99961,153,100079,100,99955,100,100081,100,99953,100,100082,100,99948,100,100088,100,99929,100,100094,100,99925,100
2019-06-28 09:35:50.000000000,100024,363,99996,463,100041,100,99971,100,100053,100,99970,100,100063,100,99963,100,100069,200,99961,100,100079,100,99955,100,100081,100,99953,100,100082,100,99948,100,100088,100,99929,100,100094,100,99925,100
2019-06-28 09:36:00.000000000,100024,189,99996,289,100041,187,99971,187,100053,187,99970,187,100063,100,99963,100,100069,200,99961,100,100079,100,99955,100,100081,100,99953,100,100082,100,99948,100,100088,100,99929,100,100094,100,99925,100
2019-06-28 09:36:10.000000000,100024,153,99996,253,100041,153,99971,153,100053,153,99970,153,100063,153,99963,153,100069,253,99961,153,100079,100,99955,100,100081,100,99953,100,100082,100,99948,100,100088,100,99929,100,100094,100,99925,100
2019-06-28 09:36:20.000000000,100024,189,99996,289,100041,187,99971,187,100053,187,99970,187,100063,100,99963,100,100069,200,99961,100,100079,100,99955,100,100081,100,99953,100,100082,100,99948,100,100088,100,99929,100,100094,100,99925,100
2019-06-28 09:36:21.924787064,100024,189,99996,289,100041,187,99971,187,100053,187,99970,187,100063,100,99963,100,100069,200,99961,100,100079,100,99955,100,100081,100,99953,100,100082,100,99948,100,100088,100,99929,100,100094,100,99925,100
2019-06-28 09:36:23.475428819,100024,189,99996,289,100041,187,99971,187,100053,187,99970,187,100063,100,99963,100,100069,200,99961,100,100079,100,99955,100,100081,100,99953,100,100082,100,99948,100,100088,100,99925,100,100094,100,99908,100
2019-06-28 09:36:25.543685778,100024,189,99996,289,100041,187,99971,187,100053,187,99970,187,100063,100,99963,100,100069,200,99961,100,100079,100,99955,100,100081,100,99953,100,100082,100,99948,100,100088,100,99925,100,100094,100,99908,100
2019-06-28 09:36:30.000000000,100024,166,99996,266,100041,166,99971,166,100053,166,99970,166,100063,166,99963,166,100069,200,99961,100,100079,100,99955,100,100081,100,99953,100,100082,100,99948,100,100088,100,99925,100,100094,100,99908,100
2019-06-28 09:36:34.733122248,100024,166,99996,266,100041,166,99971,166,100053,166,99970,166,100063,166,99963,166,100069,200,99961,100,100079,100,99955,100,100081,100,99953,100,100082,100,99948,100,100088,100,99925,100,100094,100,99908,100
2019-06-28 09:36:40.000000000,100024,153,99996,253,100041,153,99971,153,100053,153,99970,153,100063,153,99963,153,100069,253,99961,153,100079,100,99955,100,100081,100,99953,100,100082,100,99948,100,100088,100,99925,100,100094,100,99908,100
2019-06-28 09:36:43.266703819,100024,153,99996,253,100041,153,99971,153,100053,153,99970,153,100063,153,99963,153,100069,253,99961,153,100079,100,99955,100,100081,100,99953,100,100082,100,99948,100,100088,100,99925,100,100094,100,99908,100
2019-06-28 09:36:45.420835741,100024,153,100014,100,100041,153,99996,253,100053,153,99971,153,100063,153,99970,153,100069,253,99963,153,100079,100,99961,153,100081,100,99955,100,100082,100,99953,100,100088,100,99948,100,100094,100,99925,100
2019-06-28 09:36:50.000000000,100024,363,100014,363,100041,100,99996,200,100053,100,99971,100,100063,100,99970,100,100069,200,99963,100,100079,100,99961,100,100081,100,99955,100,100082,100,99953,100,100088,100,99948,100,100094,100,99925,100
2019-06-28 09:36:52.333179978,100024,363,100014,363,100041,100,99996,200,100053,100,99971,100,100063,100,99970,100,100069,200,99963,100,100079,100,99961,100,100081,100,99955,100,100082,100,99948,100,100088,100,99925,100,100094,100,99908,100
2019-06-28 09:36:55.134144799,100024,363,100014,363,100041,100,99996,200,100053,100,99971,100,100063,100,99970,100,100069,200,99963,100,100079,100,99961,100,100081,100,99955,100,100082,100,99948,100,100088,100,99925,100,100094,100,99908,100
2019-06-28 09:37:00.000000000,100024,166,100014,166,100041,166,99996,266,100053,166,99971,166,100063,166,99970,166,100069,200,99963,100,100079,100,99961,100,100081,100,99955,100,100082,100,99948,100,100088,100,99925,100,100094,100,99908,100
2019-06-28 09:37:10.000000000,100024,189,100014,189,100041,187,99996,287,100053,187,99971,187,100063,100,99970,100,100069,200,99963,100,100079,100,99961,100,100081,100,99955,100,100082,100,99948,100,100088,100,99925,100,100094,100,99908,100
2019-06-28 09:37:13.774115117,100024,189,100014,189,100041,187,99996,287,100053,187,99971,187,100063,100,99970,100,100069,200,99963,100,100079,100,99961,100,100081,100,99955,100,100082,100,99948,100,100088,100,99925,100,100094,100,99908,100
2019-06-28 09:37:20.000000000,100024,189,100014,189,100041,187,99996,287,100053,187,99971,187,100063,100,99970,100,100069,200,99963,100,100079,100,99961,100,100081,100,99955,100,100082,100,99948,100,100088,100,99925,100,100094,100,99908,100
2019-06-28 09:37:23.466635685,100024,89,100014,189,100041,187,99996,287,100053,187,99971,187,100063,100,99970,100,100069,200,99963,100,100079,100,99961,100,100081,100,99955,100,100082,100,99948,100,100088,100,99925,100,100094,100,99908,100
2019-06-28 09:37:30.000000000,100041,232,100014,232,100053,232,99996,332,100063,100,99971,100,100069,200,99970,100,100079,100,99963,100,100081,100,99961,100,100082,100,99955,100,100088,100,99948,100,100094,100,99925,100,100125,100,99908,100
2019-06-28 09:37:30.764750728,100041,132,100014,232,100053,232,99996,332,100063,100,99971,100,100069,200,99970,100,100079,100,99963,100,100081,100,99961,100,100082,100,99955,100,100088,100,99948,100,100094,100,99925,100,100125,100,99908,100
2019-06-28 09:37:34.969448902,100041,32,100014,232,100053,232,99996,332,100063,100,99971,100,100069,200,99970,100,100079,100,99963,100,100081,100,99961,100,100082,100,99955,100,100088,100,99948,100,100094,100,99925,100,100125,100,99908,100
2019-06-28 09:37:35.991303498,100053,232,100041,68,100063,100,100014,232,100069,200,99996,332,100079,100,99971,100,100081,100,99970,100,100082,100,99963,100,100088,100,99961,100,100094,100,99955,100,100125,100,99948,100,100130,100,99925,100
2019-06-28 09:37:40.000000000,100053,189,100041,157,100063,187,100014,187,100069,287,99996,287,100079,100,99971,100,100081,100,99970,100,100082,100,99963,100,100088,100,99961,100,100094,100,99955,100,100125,100,99948,100,100130,100,99925,100
2019-06-28 09:37:43.650122651,100053,189,100041,157,100063,187,100014,187,100069,287,99996,287,100079,100,99971,100,100081,100,99970,100,100082,100,99963,100,100088,100,99961,100,100094,100,99955,100,100125,100,99948,100,100130,100,99925,100
2019-06-28 09:37:50.000000000,100053,189,100041,157,100063,187,100014,187,100069,287,99996,287,100079,100,99971,100,100081,100,99970,100,100082,100,99963,100,100088,100,99961,100,100094,100,99955,100,100125,100,99948,100,100130,100,99925,100
2019-06-28 09:37:50.498907580,100053,89,100041,157,100063,187,100014,187,100069,287,99996,287,100079,100,99971,100,100081,100,99970,100,100082,100,99963,100,100088,100,99961,100,100094,100,99955,100,100125,100,99948,100,100130,100,99925,100
2019-06-28 09:37:52.027034189,100063,187,100053,11,100069,287,100041,157,100081,100,100014,187,100082,100,99996,287,100088,100,99971,100,100094,100,99970,100,100125,100,99963,100,100130,100,99961,100,100132,100,99955,100,100152,100,99948,100
2019-06-28 09:38:00.000000000,100063,232,100053,143,100069,332,100041,200,100081,100,100014,100,100082,100,99996,200,100088,100,99971,100,100094,100,99970,100,100125,100,99963,100,100130,100,99961,100,100132,100,99955,100,100152,100,99948,100
2019-06-28 09:38:10.000000000,100063,232,100053,143,100069,332,100041,200,100081,100,100014,100,100082,100,99996,200,100088,100,99971,100,100094,100,99970,100,100125,100,99963,100,100130,100,99961,100,100132,100,99955,100,100152,100,99948,100
2019-06-28 09:38:20.000000000,100063,153,100053,64,100069,253,100041,121,100081,153,100014,153,100082,153,99996,253,100088,153,99971,153,100094,100,99970,100,100125,100,99963,100,100130,100,99961,100,100132,100,99955,100,100152,100,99948,100
2019-06-28 09:38:30.000000000,100063,189,100053,100,100069,287,100041,155,100081,187,100014,187,100082,100,99996,200,100088,100,99971,100,100094,100,99970,100,100125,100,99963,100,100130,100,99961,100,100132,100,99955,100,100152,100,99948,100
2019-06-28 09:38:40.000000000,100063,363,100053,274,100069,200,100041,68,100081,100,100014,100,100082,100,99996,200,100088,100,99971,100,100094,100,99970,100,100125,100,99963,100,100130,100,99961,100,100132,100,99955,100,100152,100,99948,100
2019-06-28 09:38:50.000000000,100063,166,100053,77,100069,266,100041,134,100081,166,100014,166,100082,166,99996,266,100088,100,99971,100,100094,100,99970,100,100125,100,99963,100,100130,100,99961,100,100132,100,99955,100,100152,100,99948,100
2019-06-28 09:38:54.274465777,100063,66,100053,77,100069,266,100041,134,100081,166,100014,166,100082,166,99996,266,100088,100,99971,100,100094,100,99970,100,100125,100,99963,100,100130,100,99961,100,100132,100,99955,100,100152,100,99948,100
2019-06-28 09:38:54.423088165,100063,66,100054,100,100069,266,100053,77,100081,166,100041,134,100082,166,100014,166,100088,100,99996,266,100094,100,99971,100,100125,100,99970,100,100130,100,99963,100,100132,100,99961,100,100152,100,99955,100
2019-06-28 09:39:00.000000000,100069,332,100054,232,100081,232,100053,143,100082,100,100041,68,100088,100,100014,100,100094,100,99996,200,100125,100,99971,100,100130,100,99970,100,100132,100,99963,100,100152,100,99961,100,100154,100,99955,100
2019-06-28 09:39:10.000000000,100069,266,100054,166,100081,166,100053,77,100082,166,100041,134,100088,166,100014,166,100094,100,99996,200,100125,100,99971,100,100130,100,99970,100,100132,100,99963,100,100152,100,99961,100,100154,100,99955,100
2019-06-28 09:39:15.561564005,100069,266,100054,166,100081,166,100053,77,100082,166,100041,134,100088,166,100014,166,100094,100,99996,200,100125,100,99971,100,100130,100,99963,100,100132,100,99961,100,100152,100,99955,100,100154,100,99948,100
2019-06-28 09:39:20.000000000,100069,253,100054,153,100081,153,100053,64,100082,153,100041,121,100088,153,100014,153,100094,153,99996,253,100125,100,99971,100,100130,100,99963,100,100132,100,99961,100,100152,100,99955,100,100154,100,99948,100
2019-06-28 09:39:30.000000000,100069,253,100054,153,100081,153,100053,64,100082,153,100041,121,100088,153,100014,153,100094,153,99996,253,100125,100,99971,100,100130,100,99963,100,100132,100,99961,100,100152,100,99955,100,100154,100,99948,100
2019-06-28 09:39:30.611589312,100069,253,100054,153,100081,153,100053,64,100082,153,100041,121,100088,153,100014,153,100094,153,99996,253,100125,100,99971,100,100130,100,99963,100,100132,100,99961,100,100152,100,99955,100,100154,100,99948,100
2019-06-28 09:39:40.000000000,100069,253,100054,153,100081,153,100053,64,100082,153,100041,121,100088,153,100014,153,100094,153,99996,253,100125,100,99971,100,100130,100,99963,100,100132,100,99961,100,100152,100,99955,100,100154,100,99948,100
2019-06-28 09:39:40.869610560,100069,253,100054,153,100081,153,100053,64,100082,153,100041,121,100088,153,100014,153,100094,153,99996,253,100125,100,99971,100,100130,100,99963,100,100132,100,99955,100,100152,100,99948,100,100154,100,99925,100
2019-06-28 09:39:50.000000000,100069,289,100054,189,100081,187,100053,98,100082,187,100041,155,100088,100,100014,100,100094,100,99996,200,100125,100,99971,100,100130,100,99963,100,100132,100,99955,100,100152,100,99948,100,100154,100,99925,100
2019-06-28 09:40:00.000000000,100069,332,100054,232,100081,232,100053,143,100082,100,100041,68,100088,100,100014,100,100094,100,99996,200,100125,100,99971,100,100130,100,99963,100,100132,100,99955,100,100152,100,99948,100,100154,100,99925,100
2019-06-28 09:40:10.000000000,100069,332,100054,232,100081,232,100053,143,100082,100,100041,68,100088,100,100014,100,100094,100,99996,200,100125,100,99971,100,100130,100,99963,100,100132,100,99955,100,100152,100,99948,100,100154,100,99925,100
2019-06-28 09:40:16.330695705,100069,232,100054,232,100081,232,100053,143,100082,100,100041,68,100088,100,100014,100,100094,100,99996,200,100125,100,99971,100,100132,100,99963,100,100152,100,99955,100,100154,100,99948,100,100214,100,99925,100
2019-06-28 09:40:19.045338055,100069,232,100054,232,100081,232,100053,143,100082,100,100041,68,100088,100,100014,100,100094,100,99996,200,100132,100,99971,100,100152,100,99963,100,100154,100,99955,100,100214,100,99948,100,100526,100,99925,100
2019-06-28 09:40:20.000000000,100069,166,100054,166,100081,166,100053,77,100082,166,100041,134,100088,166,100014,166,100094,100,99996,200,100132,100,99971,100,100152,100,99963,100,100154,100,99955,100,100214,100,99948,100,100526,100,99925,100
2019-06-28 09:40:23.065419625,100069,66,100054,166,100081,166,100053,77,100082,166,100041,134,100088,166,100014,166,100094,100,99996,200,100132,100,99971,100,100152,100,99963,100,100154,100,99955,100,100214,100,99948,100,100526,100,99925,100
2019-06-28 09:40:30.000000000,100081,363,100054,363,100082,100,100053,11,100088,100,100041,68,100094,100,100014,100,100132,100,99996,200,100152,100,99971,100,100154,100,99963,100,100214,100,99955,100,100526,100,99948,100,100595,100,99925,100
2019-06-28 09:40:33.669441976,100081,363,100054,363,100082,100,100053,11,100088,100,100041,68,100094,100,100014,100,100132,100,99996,200,100152,100,99971,100,100154,100,99963,100,100214,100,99955,100,100526,100,99948,100,100670,100,99925,100
2019-06-28 09:40:40.000000000,100081,166,100054,166,100082,166,100053,77,100088,166,100041,134,100094,166,100014,166,100132,100,99996,200,100152,100,99971,100,100154,100,99963,100,100214,100,99955,100,100526,100,99948,100,100670,100,99925,100
2019-06-28 09:40:47.003929282,100081,166,100054,166,100082,166,100053,77,100088,166,100041,134,100094,166,100014,166,100132,100,99996,200,100152,100,99971,100,100154,100,99963,100,100214,100,99955,100,100526,100,99948,100,100670,100,99925,100
2019-06-28 09:40:50.000000000,100081,166,100054,166,100082,166,100053,77,100088,166,100041,134,100094,166,100014,166,100132,100,99996,200,100152,100,99971,100,100154,100,99963,100,100214,100,99955,100,100526,100,99948,100,100670,100,99925,100
2019-06-28 09:41:00.000000000,100081,363,100054,363,100082,100,100053,11,100088,100,100041,68,100094,100,100014,100,100132,100,99996,200,100152,100,99971,100,100154,100,99963,100,100214,100,99955,100,100526,100,99948,100,100670,100,99925,100
2019-06-28 09:41:05.714643630,100081,363,100069,100,100082,100,100054,263,100088,100,100053,11,100094,100,100041,68,100132,100,100014,100,100152,100,99996,200,100154,100,99971,100,100214,100,99963,100,100526,100,99955,100,100670,100,99948,100
2019-06-28 09:41:10.000000000,100081,166,100069,166,100082,166,100053,77,100088,166,100041,134,100094,166,100014,166,100132,100,99996,200,100152,100,99971,100,100154,100,99963,100,100214,100,99955,100,100526,100,99948,100,100670,100,99925,100
2019-06-28 09:41:20.000000000,100081,232,100069,232,100082,232,100053,143,100088,100,100041,68,100094,100,100014,100,100132,100,99996,200,100152,100,99971,100,100154,100,99963,100,100214,100,99955,100,100526,100,99948,100,100670,100,99925,100
2019-06-28 09:41:28.108249336,100081,132,100069,232,100082,232,100053,143,100088,100,100041,68,100094,100,100014,100,100132,100,99996,200,100152,100,99971,100,100154,100,99963,100,100214,100,99955,100,100526,100,99948,100,100670,100,99925,100
2019-06-28 09:41:30.000000000,100082,363,100069,363,100088,100,100053,11,100094,100,100041,68,100132,100,100014,100,100152,100,99996,200,100154,100,99971,100,100214,100,99963,100,100526,100,99955,100,100670,100,99948,100,100685,100,99925,100
2019-06-28 09:41:30.629195998,100082,363,100070,100,100088,100,100069,363,100094,100,100053,11,100132,100,100041,68,100152,100,100014,100,100154,100,99996,200,100214,100,99971,100,100526,100,99963,100,100670,100,99955,100,100685,100,99948,100
2019-06-28 09:41:31.176227389,100082,263,100070,100,100088,100,100069,363,100094,100,100053,11,100132,100,100041,68,100152,100,100014,100,100154,100,99996,200,100214,100,99971,100,100526,100,99963,100,100670,100,99955,100,100685,100,99948,100
2019-06-28 09:41:40.000000000,100088,153,100070,153,100094,153,100069,153,100132,153,100053,64,100152,153,100041,121,100154,153,100014,153,100214,100,99996,200,100526,100,99971,100,100670,100,99963,100,100685,100,99955,100,100733,200,99948,100
2019-06-28 09:41:43.962639042,100088,53,100070,153,100094,153,100069,153,100132,153,100053,64,100152,153,100041,121,100154,153,100014,153,100214,100,99996,200,100526,100,99971,100,100670,100,99963,100,100685,100,99955,100,100733,200,99948,100
2019-06-28 09:41:50.000000000,100094,363,100070,363,100132,100,100069,100,100152,100,100053,11,100154,100,100041,68,100214,100,100014,100,100526,100,99996,200,100670,100,99971,100,100685,100,99963,100,100733,200,99955,100,100778,100,99948,100
2019-06-28 09:42:00.000000000,100094,363,100070,363,100132,100,100069,100,100152,100,100053,11,100154,100,100041,68,100214,100,100014,100,100526,100,99996,200,100670,100,99971,100,100685,100,99963,100,100733,200,99955,100,100778,100,99948,100
2019-06-28 09:42:10.000000000,100094,189,100070,189,100132,187,100069,187,100152,187,100053,98,100154,100,100041,68,100214,100,100014,100,100526,100,99996,200,100670,100,99971,100,100685,100,99963,100,100733,200,99955,100,100778,100,99948,100
2019-06-28 09:42:20.000000000,100094,189,100070,189,100132,187,100069,187,100152,187,100053,98,100154,100,100041,68,100214,100,100014,100,100526,100,99996,200,100670,100,99971,100,100685,100,99963,100,100733,200,99955,100,100778,100,99948,100
2019-06-28 09:42:30.000000000,100094,232,100070,232,100132,232,100069,232,100152,100,100053,11,100154,100,100041,68,100214,100,100014,100,100526,100,99996,200,100670,100,99971,100,100685,100,99963,100,100733,200,99955,100,100778,100,99948,100
2019-06-28 09:42:32.143401721,100094,232,100070,232,100132,232,100069,232,100152,100,100053,11,100154,100,100041,68,100214,100,100014,100,100312,100,99996,200,100526,100,99971,100,100670,100,99963,100,100685,100,99955,100,100733,200,99948,100
2019-06-28 09:42:37.403298532,100094,232,100070,232,100132,232,100069,232,100152,100,100053,11,100154,100,100041,68,100214,100,100014,100,100312,100,99996,200,100670,100,99971,100,100685,100,99963,100,100733,200,99955,100,100778,100,99948,100
2019-06-28 09:42:40.000000000,100094,153,100070,153,100132,153,100069,153,100152,153,100053,64,100154,153,100041,121,100214,153,100014,153,100312,100,99996,200,100670,100,99971,100,100685,100,99963,100,100733,200,99955,100,100778,100,99948,100
2019-06-28 09:42:42.045710928,100094,153,100070,153,100132,153,100069,153,100152,153,100053,64,100154,153,100041,121,100214,153,100014,153,100312,100,99996,200,100670,100,99971,100,100685,100,99963,100,100733,200,99948,100,100778,100,99925,100
2019-06-28 09:42:50.000000000,100094,363,100070,363,100132,100,100069,100,100152,100,100053,11,100154,100,100041,68,100214,100,100014,100,100312,100,99996,200,100670,100,99971,100,100685,100,99963,100,100733,200,99948,100,100778,100,99925,100
2019-06-28 09:42:52.669715558,100094,263,100070,363,100132,100,100069,100,100152,100,100053,11,100154,100,100041,68,100214,100,100014,100,100312,100,99996,200,100670,100,99971,100,100685,100,99963,100,100733,200,99948,100,100778,100,99925,100
2019-06-28 09:42:54.111107997,100094,263,100070,363,100132,100,100069,100,100152,100,100053,11,100154,100,100041,68,100214,100,100014,100,100294,100,99996,200,100312,100,99971,100,100670,100,99963,100,100685,100,99948,100,100733,200,99925,100
2019-06-28 09:43:00.000000000,100132,189,100070,189,100152,187,100069,187,100154,187,100053,98,100214,100,100041,68,100294,100,100014,100,100312,100,99996,200,100670,100,99971,100,100685,100,99963,100,100733,200,99948,100,100778,100,99925,100
2019-06-28 09:43:00.177801832,100132,89,100070,189,100152,187,100069,187,100154,187,100053,98,100214,100,100041,68,100294,100,100014,100,100312,100,99996,200,100670,100,99971,100,100685,100,99963,100,100733,200,99948,100,100778,100,99925,100
2019-06-28 09:43:10.000000000,100152,166,100070,166,100154,166,100069,166,100214,166,100053,77,100294,166,100041,134,100312,100,100014,100,100670,100,99996,200,100685,100,99971,100,100733,200,99963,100,100778,100,99948,100,100921,100,99925,100
2019-06-28 09:43:12.921185688,100152,166,100070,166,100154,166,100069,166,100214,166,100053,77,100294,166,100041,134,100312,100,100029,100,100670,100,100014,100,100685,100,99996,200,100733,200,99971,100,100778,100,99963,100,100921,100,99948,100
2019-06-28 09:43:20.000000000,100152,166,100070,166,100154,166,100069,166,100214,166,100053,77,100294,166,100041,134,100312,100,100029,100,100670,100,100014,100,100685,100,99996,200,100733,200,99971,100,100778,100,99963,100,100921,100,99948,100
2019-06-28 09:43:30.000000000,100152,232,100070,232,100154,232,100069,232,100214,100,100053,11,100294,100,100041,68,100312,100,100029,100,100670,100,100014,100,100685,100,99996,200,100733,200,99971,100,100778,100,99963,100,100921,100,99948,100
2019-06-28 09:43:34.446030194,100152,232,100070,232,100154,232,100069,132,100214,100,100053,11,100294,100,100041,68,100312,100,100029,100,100670,100,100014,100,100685,100,99996,200,100733,200,99971,100,100778,100,99963,100,100921,100,99948,100
2019-06-28 09:43:40.000000000,100152,189,100070,189,100154,187,100053,98,100214,187,100041,155,100294,100,100029,100,100312,100,100014,100,100670,100,99996,200,100685,100,99971,100,100733,200,99963,100,100778,100,99948,100,100921,100,99925,100
2019-06-28 09:43:50.000000000,100152,153,100070,153,100154,153,100053,64,100214,153,100041,121,100294,153,100029,153,100312,153,100014,153,100670,100,99996,200,100685,100,99971,100,100733,200,99963,100,100778,100,99948,100,100921,100,99925,100
2019-06-28 09:44:00.000000000,100152,232,100070,232,100154,232,100053,143,100214,100,100041,68,100294,100,100029,100,100312,100,100014,100,100670,100,99996,200,100685,100,99971,100,100733,200,99963,100,100778,100,99948,100,100921,100,99925,100
2019-06-28 09:44:09.443548822,100152,132,100070,232,100154,232,100053,143,100214,100,100041,68,100294,100,100029,100,100312,100,100014,100,100670,100,99996,200,100733,200,99971,100,100778,100,99963,100,100921,100,99948,100,100946,100,99925,100
2019-06-28 09:44:10.000000000,100154,232,100070,232,100214,232,100053,143,100294,100,100041,68,100312,100,100029,100,100670,100,100014,100,100733,200,99996,200,100778,100,99971,100,100921,100,99963,100,100946,100,99948,100,101014,100,99925,100
2019-06-28 09:44:20.000000000,100154,166,100070,166,100214,166,100053,77,100294,166,100041,134,100312,166,100029,166,100670,100,100014,100,100733,200,99996,200,100778,100,99971,100,100921,100,99963,100,100946,100,99948,100,101014,100,99925,100
2019-06-28 09:44:21.511087485,100154,66,100070,166,100214,166,100053,77,100294,166,100041,134,100312,166,100029,166,100670,100,100014,100,100733,200,99996,200,100778,100,99971,100,100921,100,99963,100,100946,100,99948,100,101014,100,99925,100
2019-06-28 09:44:22.873979592,100214,166,100154,34,100294,166,100070,166,100312,166,100053,77,100670,100,100041,134,100733,200,100029,166,100778,100,100014,100,100921,100,99996,200,100946,100,99971,100,101014,100,99963,100,,,99948,100
2019-06-28 09:44:30.000000000,100214,189,100154,123,100294,187,100070,187,100312,187,100053,98,100670,100,100041,68,100733,200,100029,100,100778,100,100014,100,100921,100,99996,200,100946,100,99971,100,101014,100,99963,100,,,99948,100
2019-06-28 09:44:30.690454187,100214,189,100154,123,100294,187,100070,187,100312,187,100053,98,100670,100,100041,68,100733,200,100029,100,100778,100,100014,100,100817,100,99996,200,100946,100,99971,100,101014,100,99963,100,,,99948,100
2019-06-28 09:44:40.000000000,100214,153,100154,87,100294,153,100070,153,100312,153,100053,64,100670,153,100041,121,100733,253,100029,153,100778,100,100014,100,100817,100,99996,200,100946,100,99971,100,101014,100,99963,100,,,99948,100
2019-06-28 09:44:42.675888806,100214,153,100154,87,100294,153,100070,153,100312,153,100053,64,100670,153,100041,121,100733,253,100029,153,100778,100,100014,100,100817,100,99996,200,100845,100,99971,100,100946,100,99963,100,101014,100,99948,100
2019-06-28 09:44:49.140569455,100214,153,100154,87,100294,153,100070,153,100312,153,100053,64,100670,153,100041,121,100694,100,100029,153,100733,153,100014,100,100778,100,99996,200,100817,100,99971,100,100845,100,99963,100,100946,100,99948,100
2019-06-28 09:44:50.000000000,100214,166,100154,100,100294,166,100070,166,100312,166,100053,77,100670,166,100041,134,100694,100,100029,100,100733,100,100014,100,100778,100,99996,200,100817,100,99971,100,100845,100,99963,100,100946,100,99948,100
2019-06-28 09:45:00.000000000,100214,232,100154,166,100294,232,100070,232,100312,100,100053,11,100670,100,100041,68,100694,100,100029,100,100733,100,100014,100,100778,100,99996,200,100817,100,99971,100,100845,100,99963,100,100946,100,99948,100
2019-06-28 09:45:00.301824132,100214,232,100154,266,100294,232,100070,232,100312,100,100053,11,100670,100,100041,68,100694,100,100029,100,100733,100,100014,100,100778,100,99996,100,100817,100,99971,100,100845,100,99963,100,100946,100,99948,100
2019-06-28 09:45:06.069972759,100214,232,100154,266,100294,232,100070,232,100312,100,100053,11,100670,100,100041,68,100694,100,100029,100,100727,100,100014,100,100733,100,99996,100,100778,100,99971,100,100817,100,99963,100,100845,100,99948,100
2019-06-28 09:45:10.000000000,100214,153,100154,187,100294,153,100070,153,100312,153,100053,64,100670,153,100041,121,100694,153,100029,153,100727,100,100014,100,100733,100,99996,100,100778,100,99971,100,100817,100,99963,100,100845,100,99948,100
2019-06-28 09:45:20.000000000,100214,166,100154,200,100294,166,100070,166,100312,166,100053,77,100670,166,100041,134,100694,100,100029,100,100727,100,100014,100,100733,100,99996,100,100778,100,99971,100,100817,100,99963,100,100845,100,99948,100
2019-06-28 09:45:30.000000000,100214,232,100154,266,100294,232,100070,232,100312,100,100053,11,100670,100,100041,68,100694,100,100029,100,100727,100,100014,100,100733,100,99996,100,100778,100,99971,100,100817,100,99963,100,100845,100,99948,100
2019-06-28 09:45:40.000000000,100214,363,100154,397,100294,100,100070,100,100312,100,100053,11,100670,100,100041,68,100694,100,100029,100,100727,100,100014,100,100733,100,99996,100,100778,100,99971,100,100817,100,99963,100,100845,100,99948,100
2019-06-28 09:45:49.902827200,100214,363,100154,397,100294,100,100105,100,100312,100,100070,100,100670,100,100053,11,100694,100,100041,68,100727,100,100029,100,100733,100,100014,100,100778,100,99996,100,100817,100,99971,100,100845,100,99963,100
2019-06-28 09:45:50.000000000,100214,153,100154,187,100294,153,100105,153,100312,153,100070,153,100670,153,100053,64,100694,153,100041,121,100727,100,100029,100,100733,100,100014,100,100778,100,99996,100,100817,100,99971,100,100845,100,99963,100
2019-06-28 09:46:00.000000000,100214,166,100154,200,100294,166,100105,166,100312,166,100070,166,100670,166,100053,77,100694,100,100041,68,100727,100,100029,100,100733,100,100014,100,100778,100,99996,100,100817,100,99971,100,100845,100,99963,100
2019-06-28 09:46:08.176326275,100214,166,100154,200,100294,166,100118,100,100312,166,100105,166,100670,166,100070,166,100694,100,100053,77,100727,100,100041,68,100733,100,100029,100,100778,100,100014,100,100817,100,99996,100,100845,100,99971,100
2019-06-28 09:46:09.826069068,100214,166,100154,300,100294,166,100118,100,100312,166,100105,166,100670,166,100070,166,100694,100,100053,77,100727,100,100041,68,100733,100,100029,100,100778,100,100014,100,100817,100,99996,100,100845,100,99971,100
2019-06-28 09:46:10.000000000,100214,189,100154,323,100294,187,100118,187,100312,187,100105,187,100670,100,100070,100,100694,100,100053,11,100727,100,100041,68,100733,100,100029,100,100778,100,100014,100,100817,100,99996,100,100845,100,99971,100
2019-06-28 09:46:15.455758816,100214,189,100154,223,100294,187,100118,187,100312,187,100105,187,100670,100,100070,100,100694,100,100053,11,100727,100,100041,68,100733,100,100029,100,100778,100,100014,100,100845,100,99996,100,100946,100,99971,100
2019-06-28 09:46:17.517641955,100214,189,100154,223,100294,187,100118,187,100312,187,100105,187,100670,100,100070,100,100694,100,100053,11,100727,100,100041,68,100733,100,100029,100,100778,100,100014,100,100845,100,99996,100,100946,100,99971,100
2019-06-28 09:46:20.000000000,100214,153,100154,187,100294,153,100118,153,100312,153,100105,153,100670,153,100070,153,100694,153,100053,64,100727,100,100041,68,100733,100,100029,100,100778,100,100014,100,100845,100,99996,100,100946,100,99971,100
2019-06-28 09:46:25.498737874,100214,153,100154,187,100294,153,100118,53,100312,153,100105,153,100670,153,100070,153,100694,153,100053,64,100727,100,100041,68,100733,100,100029,100,100778,100,100014,100,100845,100,99996,100,100946,100,99971,100
2019-06-28 09:46:30.000000000,100214,153,100154,187,100294,153,100105,153,100312,153,100070,153,100670,153,100053,64,100694,153,100041,121,100727,100,100029,100,100733,100,100014,100,100778,100,99996,100,100845,100,99971,100,100946,100,99963,100
2019-06-28 09:46:31.899008010,100214,153,100154,187,100294,153,100105,153,100312,153,100070,153,100670,153,100053,64,100694,153,100041,121,100727,100,100029,100,100733,100,100014,100,100778,100,99996,100,100845,100,99971,100,100946,100,99963,100
2019-06-28 09:46:40.000000000,100214,363,100154,397,100294,100,100105,100,100312,100,100070,100,100670,100,100053,11,100694,100,100041,68,100727,100,100029,100,100733,100,100014,100,100778,100,99996,100,100845,100,99971,100,100946,100,99963,100
2019-06-28 09:46:46.587421740,100214,363,100154,297,100294,100,100105,100,100312,100,100070,100,100670,100,100053,11,100694,100,100041,68,100727,100,100029,100,100733,100,100014,100,100778,100,99996,100,100845,100,99971,100,101014,100,99963,100
2019-06-28 09:46:50.000000000,100214,153,100154,87,100294,153,100105,153,100312,153,100070,153,100670,153,100053,64,100694,153,100041,121,100727,100,100029,100,100733,100,100014,100,100778,100,99996,100,100845,100,99971,100,101014,100,99963,100
2019-06-28 09:46:51.525185351,100214,153,100154,87,100294,153,100105,153,100312,153,100070,153,100670,153,100053,64,100694,153,100041,121,100727,100,100029,100,100733,100,100014,100,100778,100,99971,100,100845,100,99963,100,101014,100,99948,100
2019-06-28 09:46:54.716226832,100214,153,100154,87,100224,100,100105,53,100294,153,100070,153,100312,153,100053,64,100670,153,100041,121,100694,153,100029,100,100727,100,100014,100,100733,100,99971,100,100778,100,99963,100,100845,100,99948,100
2019-06-28 09:46:56.666093120,100214,153,100154,87,100224,100,100105,53,100294,153,100070,153,100312,153,100053,64,100670,153,100041,121,100694,153,100029,100,100727,100,100014,100,100733,100,100012,100,100778,100,99971,100,100845,100,99963,100
2019-06-28 09:47:00.000000000,100214,189,100154,123,100224,187,100070,187,100294,187,100053,98,100312,100,100041,68,100670,100,100029,100,100694,100,100014,100,100727,100,100012,100,100733,100,99971,100,100778,100,99963,100,100845,100,99948,100
2019-06-28 09:47:10.000000000,100214,166,100154,100,100224,166,100070,166,100294,166,100053,77,100312,166,100041,134,100670,100,100029,100,100694,100,100014,100,100727,100,100012,100,100733,100,99971,100,100778,100,99963,100,100845,100,99948,100
2019-06-28 09:47:20.000000000,100214,232,100154,166,100224,232,100070,232,100294,100,100053,11,100312,100,100041,68,100670,100,100029,100,100694,100,100014,100,100727,100,100012,100,100733,100,99971,100,100778,100,99963,100,100845,100,99948,100
2019-06-28 09:47:30.000000000,100214,189,100154,123,100224,187,100070,187,100294,187,100053,98,100312,100,100041,68,100670,100,100029,100,100694,100,100014,100,100727,100,100012,100,100733,100,99971,100,100778,100,99963,100,100845,100,99948,100
2019-06-28 09:47:40.000000000,100214,189,100154,123,100224,187,100070,187,100294,187,100053,98,100312,100,100041,68,100670,100,100029,100,100694,100,100014,100,100727,100,100012,100,100733,100,99971,100,100778,100,99963,100,100845,100,99948,100
2019-06-28 09:47:50.000000000,100214,153,100154,87,100224,153,100070,153,100294,153,100053,64,100312,153,100041,121,100670,153,100029,153,100694,100,100014,100,100727,100,100012,100,100733,100,99971,100,100778,100,99963,100,100845,100,99948,100
2019-06-28 09:47:50.651592092,100154,13,100070,153,100214,153,100053,64,100224,153,100041,121,100294,153,100029,153,100312,153,100014,100,100670,153,100012,100,100694,100,99971,100,100727,100,99963,100,100733,100,99948,100,100778,100,99925,100
2019-06-28 09:47:55.191451958,100154,113,100070,153,100214,153,100053,64,100224,153,100041,121,100294,153,100029,153,100312,153,100014,100,100670,153,100012,100,100694,100,99971,100,100727,100,99963,100,100733,100,99948,100,100778,100,99925,100
2019-06-28 09:48:00.000000000,100154,245,100070,232,100214,232,100053,143,100224,100,100041,68,100294,100,100029,100,100312,100,100014,100,100670,100,100012,100,100694,100,99971,100,100727,100,99963,100,100733,100,99948,100,100778,100,99925,100
2019-06-28 09:48:10.000000000,100154,245,100070,232,100214,232,100053,143,100224,100,100041,68,100294,100,100029,100,100312,100,100014,100,100670,100,100012,100,100694,100,99971,100,100727,100,99963,100,100733,100,99948,100,100778,100,99925,100
2019-06-28 09:48:15.236928611,100154,245,100070,232,100214,232,100053,143,100224,100,100041,68,100294,100,100029,100,100312,100,100014,100,100670,100,100012,100,100694,100,99971,100,100727,100,99963,100,100733,100,99948,100,100778,100,99925,100
2019-06-28 09:48:20.000000000,100154,179,100070,166,100214,166,100053,77,100224,166,100041,134,100294,166,100029,166,100312,100,100014,100,100670,100,100012,100,100694,100,99971,100,100727,100,99963,100,100733,100,99948,100,100778,100,99925,100
2019-06-28 09:48:30.000000000,100154,376,100070,363,100214,100,100053,11,100224,100,100041,68,100294,100,100029,100,100312,100,100014,100,100670,100,100012,100,100694,100,99971,100,100727,100,99963,100,100733,100,99948,100,100778,100,99925,100
2019-06-28 09:48:32.494657582,100154,376,100070,263,100214,100,100053,11,100224,100,100041,68,100294,100,100029,100,100312,100,100014,100,100670,100,100012,100,100694,100,99971,100,100727,100,99963,100,100733,100,99948,100,100778,100,99925,100
2019-06-28 09:48:39.287679116,100154,376,100070,163,100214,100,100053,11,100224,100,100041,68,100294,100,100029,100,100312,100,100014,100,100670,100,100012,100,100694,100,99971,100,100727,100,99963,100,100733,100,99948,100,100778,100,99925,100
2019-06-28 09:48:40.000000000,100154,202,100053,100,100214,187,100041,155,100224,187,100029,187,100294,100,100014,100,100312,100,100012,100,100670,100,99971,100,100694,100,99963,100,100727,100,99948,100,100733,100,99925,100,100778,100,99917,100
2019-06-28 09:48:50.000000000,100154,376,100053,274,100214,100,100041,68,100224,100,100029,100,100294,100,100014,100,100312,100,100012,100,100670,100,99971,100,100694,100,99963,100,100727,100,99948,100,100733,100,99925,100,100778,100,99917,100
2019-06-28 09:48:56.292844397,100154,376,100053,174,100214,100,100041,68,100224,100,100029,100,100294,100,100014,100,100312,100,100012,100,100670,100,99971,100,100694,100,99948,100,100727,100,99925,100,100733,100,99917,100,100778,100,99908,100
2019-06-28 09:49:00.000000000,100154,179,100041,134,100214,166,100029,166,100224,166,100014,166,100294,166,100012,166,100312,100,99971,100,100670,100,99948,100,100694,100,99925,100,100727,100,99917,100,100733,100,99908,100,100778,100,99905,100
2019-06-28 09:49:10.000000000,100154,202,100041,157,100214,187,100029,187,100224,187,100014,187,100294,100,100012,100,100312,100,99971,100,100670,100,99948,100,100694,100,99925,100,100727,100,99917,100,100733,100,99908,100,100778,100,99905,100
2019-06-28 09:49:20.000000000,100154,179,100041,134,100214,166,100029,166,100224,166,100014,166,100294,166,100012,166,100312,100,99971,100,100670,100,99948,100,100694,100,99925,100,100727,100,99917,100,100733,100,99908,100,100778,100,99905,100
2019-06-28 09:49:25.554424223,100154,179,100041,134,100214,166,100029,166,100224,166,100014,166,100294,166,100012,166,100312,100,99971,100,100670,100,99948,100,100694,100,99925,100,100727,100,99917,100,100733,100,99908,100,100778,100,99905,100
2019-06-28 09:49:30.000000000,100154,376,100041,331,100214,100,100029,100,100224,100,100014,100,100294,100,100012,100,100312,100,99971,100,100670,100,99948,100,100694,100,99925,100,100727,100,99917,100,100733,100,99908,100,100778,100,99905,100
2019-06-28 09:49:39.539204919,100154,376,100041,231,100214,100,100029,100,100224,100,100014,100,100294,100,100012,100,100312,100,99971,100,100670,100,99948,100,100694,100,99925,100,100733,100,99917,100,100778,100,99908,100,100845,100,99905,100
2019-06-28 09:49:40.000000000,100154,166,100029,153,100214,153,100014,153,100224,153,100012,153,100294,153,99971,153,100312,153,99948,153,100670,100,99925,100,100694,100,99917,100,100733,100,99908,100,100778,100,99905,100,100845,100,99900,100
2019-06-28 09:49:45.768116607,100154,166,100029,153,100214,153,100014,153,100224,153,100012,153,100294,153,99971,153,100312,153,99948,153,100670,100,99925,100,100694,100,99917,100,100733,100,99908,100,100778,100,99905,100,100845,100,99900,100
2019-06-28 09:49:50.000000000,100154,202,100029,189,100214,187,100014,187,100224,187,100012,187,100294,100,99971,100,100312,100,99948,100,100670,100,99925,100,100694,100,99917,100,100733,100,99908,100,100778,100,99905,100,100845,100,99900,100
2019-06-28 09:49:52.462590277,100154,202,100029,89,100214,187,100014,187,100224,187,100012,187,100294,100,99971,100,100312,100,99948,100,100670,100,99925,100,100694,100,99917,100,100733,100,99908,100,100778,100,99905,100,100845,100,99900,100
2019-06-28 09:50:00.000000000,100154,179,100014,166,100214,166,100012,166,100224,166,99971,166,100294,166,99948,166,100312,100,99925,100,100670,100,99917,100,100694,100,99908,100,100733,100,99905,100,100778,100,99900,100,100845,100,99836,100
2019-06-28 09:50:10.000000000,100154,376,100014,363,100214,100,100012,100,100224,100,99971,100,100294,100,99948,100,100312,100,99925,100,100670,100,99917,100,100694,100,99908,100,100733,100,99905,100,100778,100,99900,100,100845,100,99836,100
2019-06-28 09:50:18.798913836,100154,376,100014,263,100214,100,100012,100,100224,100,99971,100,100294,100,99948,100,100312,100,99917,100,100670,100,99908,100,100694,100,99905,100,100733,100,99900,100,100778,100,99836,100,100845,100,99779,100
2019-06-28 09:50:20.000000000,100154,376,100012,363,100214,100,99971,100,100224,100,99948,100,100294,100,99917,100,100312,100,99908,100,100670,100,99905,100,100694,100,99900,100,100733,100,99836,100,100778,100,99779,100,100845,100,99235,100
2019-06-28 09:50:24.125678605,100154,376,100012,263,100214,100,99971,100,100224,100,99948,100,100294,100,99917,100,100312,100,99908,100,100670,100,99905,100,100694,100,99900,100,100733,100,99836,100,100778,100,99779,100,100845,100,99235,100
2019-06-28 09:50:30.000000000,100154,245,99971,232,100214,232,99948,232,100224,100,99917,100,100294,100,99908,100,100312,100,99905,100,100670,100,99900,100,100694,100,99836,100,100733,100,99779,100,100778,100,99235,100,100845,100,98853,100
2019-06-28 09:50:33.481887457,100154,245,99971,132,100214,232,99948,232,100224,100,99917,100,100294,100,99908,100,100312,100,99905,100,100670,100,99900,100,100694,100,99836,100,100733,100,99779,100,100778,100,99235,100,100845,100,98853,100
2019-06-28 09:50:33.587570063,100012,100,99971,132,100154,245,99948,232,100214,232,99917,100,100224,100,99908,100,100294,100,99905,100,100312,100,99900,100,100670,100,99836,100,100694,100,99779,100,100733,100,99235,100,100778,100,98853,100
2019-06-28 09:50:40.000000000,100012,189,99948,189,100154,200,99917,187,100214,187,99908,187,100224,100,99905,100,100294,100,99900,100,100312,100,99836,100,100670,100,99779,100,100694,100,99235,100,100733,100,98853,100,100778,100,98468,100
2019-06-28 09:50:40.766176449,100012,189,99948,189,100154,200,99917,187,100214,187,99908,187,100224,100,99905,100,100294,100,99900,100,100312,100,99836,100,100670,100,99779,100,100694,100,99235,100,100733,100,98853,100,100778,100,98783,100
2019-06-28 09:50:42.045785484,100012,189,99948,89,100154,200,99917,187,100214,187,99908,187,100224,100,99905,100,100294,100,99900,100,100312,100,99836,100,100670,100,99779,100,100733,100,99235,100,100778,100,98853,100,100845,100,98783,100
2019-06-28 09:50:45.239618767,99948,11,99917,187,100012,189,99908,187,100154,200,99905,100,100214,187,99900,100,100224,100,99836,100,100294,100,99779,100,100312,100,99235,100,100670,100,98853,100,100733,100,98783,100,100778,100,98468,100
2019-06-28 09:50:50.000000000,99948,100,99917,189,100012,187,99908,187,100154,200,99905,187,100214,100,99900,100,100224,100,99836,100,100294,100,99779,100,100312,100,99235,100,100670,100,98853,100,100733,100,98783,100,100778,100,98468,100
2019-06-28 09:50:55.012874454,99948,100,99917,89,100012,187,99908,187,100154,200,99905,187,100214,100,99900,100,100224,100,99836,100,100294,100,99779,100,100312,100,99235,100,100670,100,98853,100,100733,100,98783,100,100778,100,98468,100
2019-06-28 09:50:55.165617964,99948,100,99917,89,100012,187,99908,187,100154,200,99905,187,100214,100,99900,100,100224,100,99836,100,100294,100,99779,100,100312,100,99235,100,100670,100,99012,100,100733,100,98853,100,100778,100,98783,100
2019-06-28 09:51:00.000000000,99948,64,99908,153,100012,153,99905,153,100154,166,99900,153,100214,153,99836,153,100224,153,99779,153,100294,100,99235,100,100312,100,99012,100,100670,100,98853,100,100733,100,98783,100,100778,100,98468,100
2019-06-28 09:51:10.000000000,99948,143,99908,232,100012,232,99905,232,100154,113,99900,100,100214,100,99836,100,100224,100,99779,100,100294,100,99235,100,100312,100,99012,100,100670,100,98853,100,100733,100,98783,100,100778,100,98468,100
2019-06-28 09:51:20.000000000,99948,100,99908,189,100012,187,99905,187,100154,200,99900,187,100214,100,99836,100,100224,100,99779,100,100294,100,99235,100,100312,100,99012,100,100670,100,98853,100,100733,100,98783,100,100778,100,98468,100
2019-06-28 09:51:24.972993613,99948,100,99908,189,100012,187,99905,187,100154,200,99900,187,100214,100,99836,100,100224,100,99779,100,100294,100,99501,100,100312,100,99235,100,100670,100,99012,100,100733,100,98783,100,100778,100,98468,100
2019-06-28 09:51:27.671400627,99947,100,99908,189,99948,100,99905,187,100012,187,99900,187,100154,200,99836,100,100214,100,99779,100,100224,100,99501,100,100294,100,99235,100,100312,100,99012,100,100670,100,98783,100,100733,100,98468,100
2019-06-28 09:51:30.000000000,99947,166,99908,166,99948,77,99905,166,100012,166,99900,166,100154,179,99836,166,100214,100,99779,100,100224,100,99501,100,100294,100,99235,100,100312,100,99012,100,100670,100,98783,100,100733,100,98468,100
2019-06-28 09:51:37.623212844,99947,166,99908,66,99948,77,99905,166,100012,166,99900,166,100154,179,99836,166,100214,100,99779,100,100224,100,99501,100,100294,100,99235,100,100312,100,99012,100,100670,100,98783,100,100733,100,98468,100
2019-06-28 09:51:40.000000000,99947,166,99905,166,99948,77,99900,166,100012,166,99836,166,100154,179,99779,166,100214,100,99501,100,100224,100,99235,100,100294,100,99012,100,100312,100,98783,100,100670,100,98468,100,100733,100,,
2019-06-28 09:51:50.000000000,99947,153,99905,153,99948,64,99900,153,100012,153,99836,153,100154,166,99779,153,100214,153,99501,153,100224,100,99235,100,100294,100,99012,100,100312,100,98783,100,100670,100,98468,100,100733,100,,
2019-06-28 09:51:54.442797756,99947,153,99905,153,99948,64,99900,153,100012,153,99836,153,100154,166,99779,153,100214,153,99540,100,100224,100,99501,153,100294,100,99235,100,100312,100,99012,100,100670,100,98783,100,100733,100,98468,100
2019-06-28 09:52:00.000000000,99947,166,99905,166,99948,77,99900,166,100012,166,99836,166,100154,179,99779,166,100214,100,99540,100,100224,100,99501,100,100294,100,99235,100,100312,100,99012,100,100670,100,98783,100,100733,100,98468,100
2019-06-28 09:52:08.194552196,99947,166,99905,166,99948,77,99900,166,100012,166,99836,166,100154,179,99779,166,100214,100,99751,100,100224,100,99540,100,100294,100,99235,100,100312,100,99012,100,100670,100,98783,100,100733,100,98468,100
2019-06-28 09:52:10.000000000,99947,153,99905,153,99948,64,99900,153,100012,153,99836,153,100154,166,99779,153,100214,153,99751,153,100224,100,99540,100,100294,100,99235,100,100312,100,99012,100,100670,100,98783,100,100733,100,98468,100
2019-06-28 09:52:11.811036366,99917,100,99905,153,99947,153,99900,153,99948,64,99836,153,100012,153,99779,153,100154,166,99751,153,100214,153,99540,100,100224,100,99235,100,100294,100,99012,100,100312,100,98783,100,100670,100,98468,100
2019-06-28 09:52:20.000000000,99917,189,99905,189,99947,187,99900,187,99948,98,99836,187,100012,100,99779,100,100154,113,99751,100,100214,100,99540,100,100224,100,99235,100,100294,100,99012,100,100312,100,98783,100,100670,100,98468,100
2019-06-28 09:52:30.000000000,99917,189,99905,189,99947,187,99900,187,99948,98,99836,187,100012,100,99779,100,100154,113,99751,100,100214,100,99540,100,100224,100,99235,100,100294,100,99012,100,100312,100,98783,100,100670,100,98468,100
2019-06-28 09:52:32.163090423,99917,189,99905,189,99947,187,99900,187,99948,98,99836,187,100012,100,99779,100,100154,113,99751,100,100214,100,99540,100,100224,100,99379,100,100294,100,99235,100,100312,100,99012,100,100670,100,98783,100
2019-06-28 09:52:40.000000000,99917,166,99905,166,99947,166,99900,166,99948,77,99836,166,100012,166,99779,166,100154,113,99751,100,100214,100,99540,100,100224,100,99379,100,100294,100,99235,100,100312,100,99012,100,100670,100,98783,100
2019-06-28 09:52:50.000000000,99917,232,99905,232,99947,232,99900,232,99948,11,99836,100,100012,100,99779,100,100154,113,99751,100,100214,100,99540,100,100224,100,99379,100,100294,100,99235,100,100312,100,99012,100,100670,100,98783,100
2019-06-28 09:53:00.000000000,99917,153,99905,153,99947,153,99900,153,99948,64,99836,153,100012,153,99779,153,100154,166,99751,153,100214,100,99540,100,100224,100,99379,100,100294,100,99235,100,100312,100,99012,100,100670,100,98783,100
2019-06-28 09:53:10.000000000,99917,363,99905,363,99947,100,99900,100,99948,11,99836,100,100012,100,99779,100,100154,113,99751,100,100214,100,99540,100,100224,100,99379,100,100294,100,99235,100,100312,100,99012,100,100670,100,98783,100
2019-06-28 09:53:20.000000000,99917,189,99905,189,99947,187,99900,187,99948,98,99836,187,100012,100,99779,100,100154,113,99751,100,100214,100,99540,100,100224,100,99379,100,100294,100,99235,100,100312,100,99012,100,100670,100,98783,100
2019-06-28 09:53:20.037890041,99917,89,99905,189,99947,187,99900,187,99948,98,99836,187,100012,100,99779,100,100154,113,99751,100,100214,100,99540,100,100224,100,99379,100,100294,100,99235,100,100312,100,99012,100,100670,100,98783,100
2019-06-28 09:53:21.159961602,99917,89,99905,189,99947,187,99900,187,99948,98,99836,187,100012,100,99779,100,100154,13,99751,100,100214,100,99540,100,100224,100,99379,100,100294,100,99235,100,100312,100,99012,100,100670,100,98783,100
2019-06-28 09:53:30.000000000,99947,232,99905,232,99948,143,99900,232,100012,100,99836,100,100154,13,99779,100,100214,100,99751,100,100224,100,99540,100,100294,100,99379,100,100312,100,99235,100,100670,100,99012,100,100733,100,98783,100
2019-06-28 09:53:35.767427822,99947,232,99905,232,99948,143,99900,232,100012,100,99836,100,100154,13,99779,100,100214,100,99751,100,100217,100,99540,100,100224,100,99379,100,100294,100,99235,100,100312,100,99012,100,100670,100,98783,100
2019-06-28 09:53:40.000000000,99947,189,99905,189,99948,98,99900,187,100012,187,99836,187,100154,13,99779,100,100214,100,99751,100,100217,100,99540,100,100224,100,99379,100,100294,100,99235,100,100312,100,99012,100,100670,100,98783,100
2019-06-28 09:53:46.435953086,99947,89,99905,189,99948,98,99900,187,100012,187,99836,187,100154,13,99779,100,100214,100,99751,100,100217,100,99540,100,100224,100,99379,100,100294,100,99235,100,100312,100,99012,100,100733,100,98783,100
2019-06-28 09:53:50.000000000,99948,64,99905,153,100012,153,99900,153,100154,66,99836,153,100214,153,99779,153,100217,153,99751,153,100224,100,99540,100,100294,100,99379,100,100312,100,99235,100,100733,100,99012,100,100778,100,98783,100
2019-06-28 09:54:00.000000000,99948,64,99905,153,100012,153,99900,153,100154,66,99836,153,100214,153,99779,153,100217,153,99751,153,100224,100,99540,100,100294,100,99379,100,100312,100,99235,100,100733,100,99012,100,100778,100,98783,100
2019-06-28 09:54:03.197907381,99948,64,99905,153,100012,153,99900,153,100154,66,99836,153,100214,153,99779,153,100217,153,99751,153,100224,100,99540,100,100236,100,99379,100,100294,100,99235,100,100312,100,99012,100,100733,100,98783,100
2019-06-28 09:54:10.000000000,99948,64,99905,153,100012,153,99900,153,100154,66,99836,153,100214,153,99779,153,100217,153,99751,153,100224,100,99540,100,100236,100,99379,100,100294,100,99235,100,100312,100,99012,100,100733,100,98783,100
2019-06-28 09:54:20.000000000,99948,274,99905,363,100012,100,99900,100,100154,13,99836,100,100214,100,99779,100,100217,100,99751,100,100224,100,99540,100,100236,100,99379,100,100294,100,99235,100,100312,100,99012,100,100733,100,98783,100
2019-06-28 09:54:29.927818763,99946,100,99905,363,99948,274,99900,100,100012,100,99836,100,100154,13,99779,100,100214,100,99751,100,100217,100,99540,100,100224,100,99379,100,100236,100,99235,100,100294,100,99012,100,100312,100,98783,100
2019-06-28 09:54:30.000000000,99946,232,99905,232,99948,143,99900,232,100012,100,99836,100,100154,13,99779,100,100214,100,99751,100,100217,100,99540,100,100224,100,99379,100,100236,100,99235,100,100294,100,99012,100,100312,100,98783,100
2019-06-28 09:54:40.000000000,99946,166,99905,166,99948,77,99900,166,100012,166,99836,166,100154,79,99779,166,100214,100,99751,100,100217,100,99540,100,100224,100,99379,100,100236,100,99235,100,100294,100,99012,100,100312,100,98783,100
2019-06-28 09:54:41.716466026,99946,166,99905,166,99948,77,99900,166,100012,166,99836,166,100136,100,99779,166,100154,79,99751,100,100214,100,99540,100,100217,100,99379,100,100224,100,99235,100,100236,100,99012,100,100294,100,98783,100
2019-06-28 09:54:42.725609485,99946,66,99905,166,99948,77,99900,166,100012,166,99836,166,100136,100,99779,166,100154,79,99751,100,100214,100,99540,100,100217,100,99379,100,100224,100,99235,100,100236,100,99012,100,100294,100,98783,100
2019-06-28 09:54:43.633478578,99948,77,99946,34,100012,166,99905,166,100136,100,99900,166,100154,79,99836,166,100214,100,99779,166,100217,100,99751,100,100224,100,99540,100,100236,100,99379,100,100294,100,99235,100,100312,100,99012,100
2019-06-28 09:54:50.000000000,99948,77,99946,100,100012,166,99905,166,100136,166,99900,166,100154,79,99836,166,100214,100,99779,100,100217,100,99751,100,100224,100,99540,100,100236,100,99379,100,100294,100,99235,100,100312,100,99012,100
2019-06-28 09:54:53.232689167,99948,77,99946,200,100012,166,99905,166,100136,166,99900,166,100154,79,99836,166,100214,100,99779,100,100217,100,99751,100,100224,100,99540,100,100236,100,99379,100,100294,100,99235,100,100312,100,99012,100
2019-06-28 09:54:54.207795317,99948,77,99946,300,100012,166,99905,166,100136,166,99900,166,100154,79,99836,166,100214,100,99779,100,100217,100,99751,100,100224,100,99540,100,100236,100,99379,100,100294,100,99235,100,100312,100,99012,100
2019-06-28 09:55:00.000000000,99948,143,99946,366,100012,232,99905,232,100136,100,99900,100,100154,13,99836,100,100214,100,99779,100,100217,100,99751,100,100224,100,99540,100,100236,100,99379,100,100294,100,99235,100,100312,100,99012,100
2019-06-28 09:55:00.935281498,99948,43,99946,366,100012,232,99905,232,100136,100,99900,100,100154,13,99836,100,100214,100,99779,100,100217,100,99751,100,100224,100,99540,100,100236,100,99379,100,100294,100,99235,100,100312,100,99012,100
2019-06-28 09:55:03.127494805,99948,43,99946,366,100012,232,99905,232,100067,100,99900,100,100136,100,99836,100,100154,13,99779,100,100214,100,99751,100,100224,100,99540,100,100236,100,99379,100,100294,100,99235,100,100312,100,99012,100
2019-06-28 09:55:10.000000000,100012,153,99946,287,100067,153,99905,153,100136,153,99900,153,100154,66,99836,153,100214,153,99779,153,100224,100,99751,100,100236,100,99540,100,100294,100,99379,100,100312,100,99235,100,100733,100,99012,100
2019-06-28 09:55:14.814879784,100012,153,99946,287,100054,100,99905,153,100067,153,99900,153,100136,153,99836,153,100154,66,99779,153,100214,153,99751,100,100224,100,99540,100,100236,100,99379,100,100294,100,99235,100,100312,100,99012,100
2019-06-28 09:55:15.690103327,100012,153,99946,287,100054,100,99905,153,100067,153,99900,153,100136,153,99836,153,100154,66,99819,100,100214,153,99779,153,100224,100,99751,100,100236,100,99540,100,100294,100,99379,100,100312,100,99235,100
2019-06-28 09:55:20.000000000,100012,166,99946,300,100054,166,99905,166,100067,166,99900,166,100136,166,99836,166,100154,13,99819,100,100214,100,99779,100,100224,100,99751,100,100236,100,99540,100,100294,100,99379,100,100312,100,99235,100
2019-06-28 09:55:24.681750520,100012,166,99946,200,100054,166,99905,166,100067,166,99900,166,100136,166,99836,166,100154,13,99819,100,100214,100,99779,100,100224,100,99751,100,100236,100,99379,100,100294,100,99235,100,100312,100,99012,100
2019-06-28 09:55:30.000000000,100012,189,99946,223,100054,187,99905,187,100067,187,99900,187,100136,100,99836,100,100154,13,99819,100,100214,100,99779,100,100224,100,99751,100,100236,100,99379,100,100294,100,99235,100,100312,100,99012,100
2019-06-28 09:55:40.000000000,100012,189,99946,223,100054,187,99905,187,100067,187,99900,187,100136,100,99836,100,100154,13,99819,100,100214,100,99779,100,100224,100,99751,100,100236,100,99379,100,100294,100,99235,100,100312,100,99012,100
2019-06-28 09:55:50.000000000,100012,153,99946,187,100054,153,99905,153,100067,153,99900,153,100136,153,99836,153,100154,66,99819,153,100214,100,99779,100,100224,100,99751,100,100236,100,99379,100,100294,100,99235,100,100312,100,99012,100
2019-06-28 09:55:56.325098583,100012,153,99946,187,100054,153,99905,153,100067,153,99900,153,100136,153,99836,153,100154,66,99819,153,100214,100,99779,100,100224,100,99751,100,100236,100,99379,100,100294,100,99284,100,100312,100,99235,100
2019-06-28 09:56:00.000000000,100012,166,99946,200,100054,166,99905,166,100067,166,99900,166,100136,166,99836,166,100154,13,99819,100,100214,100,99779,100,100224,100,99751,100,100236,100,99379,100,100294,100,99284,100,100312,100,99235,100
2019-06-28 09:56:03.506892008,100012,166,99946,200,100054,166,99905,166,100067,166,99900,166,100136,166,99836,166,100154,13,99819,100,100214,100,99779,100,100224,100,99751,100,100236,100,99390,100,100294,100,99379,100,100312,100,99284,100
2019-06-28 09:56:07.466320311,100012,166,99946,100,100054,166,99905,166,100067,166,99900,166,100136,166,99836,166,100154,13,99819,100,100214,100,99779,100,100224,100,99751,100,100236,100,99390,100,100294,100,99379,100,100312,100,99284,100
2019-06-28 09:56:10.000000000,100012,153,99946,87,100054,153,99905,153,100067,153,99900,153,100136,153,99836,153,100154,66,99819,153,100214,100,99779,100,100224,100,99751,100,100236,100,99390,100,100294,100,99379,100,100312,100,99284,100
2019-06-28 09:56:20.000000000,100012,232,99946,166,100054,232,99905,232,100067,100,99900,100,100136,100,99836,100,100154,13,99819,100,100214,100,99779,100,100224,100,99751,100,100236,100,99390,100,100294,100,99379,100,100312,100,99284,100
2019-06-28 09:56:20.554470226,99994,100,99946,166,100012,232,99905,232,100054,232,99900,100,100067,100,99836,100,100136,100,99819,100,100154,13,99779,100,100214,100,99751,100,100224,100,99390,100,100236,100,99379,100,100294,100,99284,100
2019-06-28 09:56:27.408120838,99994,100,99946,66,100012,232,99905,232,100054,232,99900,100,100067,100,99836,100,100136,100,99819,100,100154,13,99779,100,100214,100,99751,100,100224,100,99390,100,100236,100,99379,100,100294,100,99284,100
2019-06-28 09:56:30.000000000,99994,166,99905,166,100012,166,99900,166,100054,166,99836,166,100067,166,99819,166,100136,100,99779,100,100154,13,99751,100,100214,100,99390,100,100224,100,99379,100,100236,100,99284,100,100294,100,99235,100
2019-06-28 09:56:40.000000000,99994,189,99905,189,100012,187,99900,187,100054,187,99836,187,100067,100,99819,100,100136,100,99779,100,100154,13,99751,100,100214,100,99390,100,100224,100,99379,100,100236,100,99284,100,100294,100,99235,100
2019-06-28 09:56:50.000000000,99994,153,99905,153,100012,153,99900,153,100054,153,99836,153,100067,153,99819,153,100136,153,99779,153,100154,13,99751,100,100214,100,99390,100,100224,100,99379,100,100236,100,99284,100,100294,100,99235,100
2019-06-28 09:57:00.000000000,99994,363,99905,363,100012,100,99900,100,100054,100,99836,100,100067,100,99819,100,100136,100,99779,100,100154,13,99751,100,100214,100,99390,100,100224,100,99379,100,100236,100,99284,100,100294,100,99235,100
2019-06-28 09:57:02.812827785,99994,363,99905,363,100012,100,99900,100,100054,100,99836,100,100067,100,99819,100,100136,100,99779,100,100154,13,99751,100,100214,100,99390,100,100224,100,99379,100,100236,100,99235,100,100294,100,99146,100
2019-06-28 09:57:10.000000000,99994,232,99905,232,100012,232,99900,232,100054,100,99836,100,100067,100,99819,100,100136,100,99779,100,100154,13,99751,100,100214,100,99390,100,100224,100,99379,100,100236,100,99235,100,100294,100,99146,100
2019-06-28 09:57:12.614997343,99994,232,99905,232,100012,232,99900,232,100054,100,99836,100,100067,100,99819,100,100136,100,99779,100,100154,13,99751,100,100214,100,99390,100,100224,100,99379,100,100236,100,99235,100,100294,100,99170,100
2019-06-28 09:57:14.179205378,99946,100,99905,232,99994,232,99900,232,100012,232,99836,100,100054,100,99819,100,100067,100,99779,100,100136,100,99751,100,100154,13,99390,100,100214,100,99379,100,100224,100,99235,100,100236,100,99170,100
2019-06-28 09:57:17.225849748,99946,100,99905,232,99994,232,99900,232,100012,232,99836,100,100054,100,99819,100,100067,100,99779,100,100136,100,99751,100,100154,13,99390,100,100214,100,99379,100,100224,100,99360,100,100236,100,99235,100
2019-06-28 09:57:19.577839389,99946,200,99905,232,99994,232,99900,232,100012,232,99836,100,100054,100,99819,100,100067,100,99779,100,100136,100,99751,100,100154,13,99390,100,100214,100,99379,100,100224,100,99360,100,100236,100,99235,100
2019-06-28 09:57:20.000000000,99946,332,99905,232,99994,232,99900,232,100012,100,99836,100,100054,100,99819,100,100067,100,99779,100,100136,100,99751,100,100154,13,99390,100,100214,100,99379,100,100224,100,99360,100,100236,100,99235,100
2019-06-28 09:57:30.000000000,99946,266,99905,166,99994,166,99900,166,100012,166,99836,166,100054,166,99819,166,100067,100,99779,100,100136,100,99751,100,100154,13,99390,100,100214,100,99379,100,100224,100,99360,100,100236,100,99235,100
2019-06-28 09:57:30.412086387,99946,266,99905,166,99994,166,99900,166,100012,166,99836,166,100054,166,99819,166,100067,100,99779,100,100136,100,99751,100,100154,13,99390,100,100214,100,99379,100,100224,100,99360,100,100236,100,99296,100
2019-06-28 09:57:40.000000000,99946,289,99905,189,99994,187,99900,187,100012,187,99836,187,100054,100,99819,100,100067,100,99779,100,100136,100,99751,100,100154,13,99390,100,100214,100,99379,100,100224,100,99360,100,100236,100,99296,100
2019-06-28 09:57:43.672427408,99946,289,99905,189,99994,187,99900,187,100012,187,99836,187,100054,100,99819,100,100067,100,99779,100,100136,100,99751,100,100154,13,99635,100,100224,100,99390,100,100236,100,99379,100,100294,100,99360,100
2019-06-28 09:57:50.000000000,99946,266,99905,166,99994,166,99900,166,100012,166,99836,166,100054,166,99819,166,100067,100,99779,100,100136,100,99751,100,100154,13,99635,100,100224,100,99390,100,100236,100,99379,100,100294,100,99360,100
2019-06-28 09:58:00.000000000,99946,253,99905,153,99994,153,99900,153,100012,153,99836,153,100054,153,99819,153,100067,153,99779,153,100136,100,99751,100,100154,13,99635,100,100224,100,99390,100,100236,100,99379,100,100294,100,99360,100
2019-06-28 09:58:05.236272383,99946,253,99905,53,99994,153,99900,153,100012,153,99836,153,100054,153,99819,153,100067,153,99779,153,100136,100,99751,100,100154,13,99635,100,100224,100,99390,100,100236,100,99379,100,100294,100,99360,100
2019-06-28 09:58:10.000000000,99946,463,99900,363,99994,100,99836,100,100012,100,99819,100,100054,100,99779,100,100067,100,99751,100,100136,100,99635,100,100154,13,99390,100,100224,100,99379,100,100236,100,99360,100,100294,100,99296,100
2019-06-28 09:58:20.000000000,99946,332,99900,232,99994,232,99836,232,100012,100,99819,100,100054,100,99779,100,100067,100,99751,100,100136,100,99635,100,100154,13,99390,100,100224,100,99379,100,100236,100,99360,100,100294,100,99296,100
2019-06-28 09:58:30.000000000,99946,266,99900,166,99994,166,99836,166,100012,166,99819,166,100054,166,99779,166,100067,100,99751,100,100136,100,99635,100,100154,13,99390,100,100224,100,99379,100,100236,100,99360,100,100294,100,99296,100
2019-06-28 09:58:40.000000000,99946,332,99900,232,99994,232,99836,232,100012,100,99819,100,100054,100,99779,100,100067,100,99751,100,100136,100,99635,100,100154,13,99390,100,100224,100,99379,100,100236,100,99360,100,100294,100,99296,100
2019-06-28 09:58:50.000000000,99946,332,99900,232,99994,232,99836,232,100012,100,99819,100,100054,100,99779,100,100067,100,99751,100,100136,100,99635,100,100154,13,99390,100,100224,100,99379,100,100236,100,99360,100,100294,100,99296,100
2019-06-28 09:59:00.000000000,99946,253,99900,153,99994,153,99836,153,100012,153,99819,153,100054,153,99779,153,100067,153,99751,153,100136,100,99635,100,100154,13,99390,100,100224,100,99379,100,100236,100,99360,100,100294,100,99296,100
2019-06-28 09:59:10.000000000,99946,253,99900,153,99994,153,99836,153,100012,153,99819,153,100054,153,99779,153,100067,153,99751,153,100136,100,99635,100,100154,13,99390,100,100224,100,99379,100,100236,100,99360,100,100294,100,99296,100
2019-06-28 09:59:20.000000000,99946,289,99900,189,99994,187,99836,187,100012,187,99819,187,100054,100,99779,100,100067,100,99751,100,100136,100,99635,100,100154,13,99390,100,100224,100,99379,100,100236,100,99360,100,100294,100,99296,100
2019-06-28 09:59:30.000000000,99946,253,99900,153,99994,153,99836,153,100012,153,99819,153,100054,153,99779,153,100067,153,99751,153,100136,100,99635,100,100154,13,99390,100,100224,100,99379,100,100236,100,99360,100,100294,100,99296,100
2019-06-28 09:59:40.000000000,99946,463,99900,363,99994,100,99836,100,100012,100,99819,100,100054,100,99779,100,100067,100,99751,100,100136,100,99635,100,100154,13,99390,100,100224,100,99379,100,100236,100,99360,100,100294,100,99296,100
2019-06-28 09:59:40.313094672,99946,463,99900,263,99994,100,99836,100,100012,100,99819,100,100067,100,99779,100,100136,100,99751,100,100154,13,99635,100,100224,100,99390,100,100236,100,99379,100,100294,100,99360,100,100312,100,99296,100
2019-06-28 09:59:50.000000000,99946,332,99836,232,99994,232,99819,232,100012,100,99779,100,100067,100,99751,100,100136,100,99635,100,100154,13,99390,100,100224,100,99379,100,100236,100,99360,100,100294,100,99296,100,100312,100,99235,100
2019-06-28 10:00:00.000000000,99946,463,99836,363,99994,100,99819,100,100012,100,99779,100,100067,100,99751,100,100136,100,99635,100,100154,13,99390,100,100224,100,99379,100,100236,100,99360,100,100294,100,99296,100,100312,100,99235,100
2019-06-28 10:00:10.000000000,99946,266,99836,166,99994,166,99819,166,100012,166,99779,166,100067,166,99751,166,100136,100,99635,100,100154,13,99390,100,100224,100,99379,100,100236,100,99360,100,100294,100,99296,100,100312,100,99235,100
2019-06-28 10:00:13.076278381,99905,100,99836,166,99946,266,99819,166,99994,166,99779,166,100012,166,99751,166,100067,166,99635,100,100136,100,99390,100,100154,13,99379,100,100224,100,99360,100,100236,100,99296,100,100294,100,99235,100
2019-06-28 10:00:20.000000000,99905,363,99836,363,99946,200,99819,100,99994,100,99779,100,100012,100,99751,100,100067,100,99635,100,100136,100,99390,100,100154,13,99379,100,100224,100,99360,100,100236,100,99296,100,100294,100,99235,100
2019-06-28 10:00:20.113988523,99905,363,99836,363,99946,200,99819,100,99994,100,99779,100,100012,100,99635,100,100067,100,99390,100,100136,100,99379,100,100154,13,99360,100,100224,100,99296,100,100236,100,99235,100,100294,100,99170,100
2019-06-28 10:00:29.613193791,99905,363,99836,363,99946,200,99819,100,99994,100,99779,100,100012,100,99635,100,100067,100,99390,100,100136,100,99379,100,100154,13,99360,100,100224,100,99296,100,100236,100,99235,100,100294,100,99170,100
2019-06-28 10:00:30.000000000,99905,189,99836,189,99946,287,99819,187,99994,187,99779,187,100012,100,99635,100,100067,100,99390,100,100136,100,99379,100,100154,13,99360,100,100224,100,99296,100,100236,100,99235,100,100294,100,99170,100
2019-06-28 10:00:40.000000000,99905,232,99836,232,99946,332,99819,232,99994,100,99779,100,100012,100,99635,100,100067,100,99390,100,100136,100,99379,100,100154,13,99360,100,100224,100,99296,100,100236,100,99235,100,100294,100,99170,100
2019-06-28 10:00:50.000000000,99905,363,99836,363,99946,200,99819,100,99994,100,99779,100,100012,100,99635,100,100067,100,99390,100,100136,100,99379,100,100154,13,99360,100,100224,100,99296,100,100236,100,99235,100,100294,100,99170,100
2019-06-28 10:00:54.314501413,99905,363,99836,363,99946,200,99819,100,99994,100,99779,100,100012,100,99635,100,100067,100,99390,100,100126,100,99379,100,100136,100,99360,100,100154,13,99296,100,100224,100,99235,100,100236,100,99170,100
2019-06-28 10:01:00.000000000,99905,166,99836,166,99946,266,99819,166,99994,166,99779,166,100012,166,99635,166,100067,100,99390,100,100126,100,99379,100,100136,100,99360,100,100154,13,99296,100,100224,100,99235,100,100236,100,99170,100
2019-06-28 10:01:03.288470033,99905,166,99836,166,99946,266,99819,166,99994,166,99779,166,100012,166,99670,100,100067,100,99635,166,100126,100,99390,100,100136,100,99379,100,100154,13,99360,100,100224,100,99296,100,100236,100,99235,100
2019-06-28 10:01:10.000000000,99905,232,99836,232,99946,332,99819,232,99994,100,99779,100,100012,100,99670,100,100067,100,99635,100,100126,100,99390,100,100136,100,99379,100,100154,13,99360,100,100224,100,99296,100,100236,100,99235,100
2019-06-28 10:01:20.000000000,99905,189,99836,189,99946,287,99819,187,99994,187,99779,187,100012,100,99670,100,100067,100,99635,100,100126,100,99390,100,100136,100,99379,100,100154,13,99360,100,100224,100,99296,100,100236,100,99235,100
2019-06-28 10:01:23.167406605,99905,289,99836,189,99946,287,99819,187,99994,187,99779,187,100067,100,99670,100,100126,100,99635,100,100136,100,99390,100,100154,13,99379,100,100224,100,99360,100,100236,100,99296,100,100294,100,99235,100
2019-06-28 10:01:30.000000000,99905,266,99836,166,99946,266,99819,166,99994,166,99779,166,100067,166,99670,166,100126,100,99635,100,100136,100,99390,100,100154,13,99379,100,100224,100,99360,100,100236,100,99296,100,100294,100,99235,100
2019-06-28 10:01:39.018911003,99905,266,99836,166,99946,266,99819,166,99969,100,99779,166,99994,166,99670,166,100067,166,99635,100,100126,100,99390,100,100136,100,99379,100,100154,13,99360,100,100224,100,99296,100,100236,100,99235,100
2019-06-28 10:01:40.000000000,99905,253,99836,153,99946,253,99819,153,99969,153,99779,153,99994,153,99670,153,100067,153,99635,153,100126,100,99390,100,100136,100,99379,100,100154,13,99360,100,100224,100,99296,100,100236,100,99235,100
2019-06-28 10:01:50.000000000,99905,332,99836,232,99946,332,99819,232,99969,100,99779,100,99994,100,99670,100,100067,100,99635,100,100126,100,99390,100,100136,100,99379,100,100154,13,99360,100,100224,100,99296,100,100236,100,99235,100
2019-06-28 10:02:00.000000000,99905,332,99836,232,99946,332,99819,232,99969,100,99779,100,99994,100,99670,100,100067,100,99635,100,100126,100,99390,100,100136,100,99379,100,100154,13,99360,100,100224,100,99296,100,100236,100,99235,100
2019-06-28 10:02:08.356723847,99905,432,99836,232,99946,332,99819,232,99969,100,99779,100,99994,100,99670,100,100067,100,99635,100,100126,100,99390,100,100136,100,99379,100,100154,13,99360,100,100224,100,99296,100,100236,100,99235,100
2019-06-28 10:02:10.000000000,99905,353,99836,153,99946,253,99819,153,99969,153,99779,153,99994,153,99670,153,100067,153,99635,153,100126,100,99390,100,100136,100,99379,100,100154,13,99360,100,100224,100,99296,100,100236,100,99235,100
2019-06-28 10:02:19.257709874,99905,353,99836,153,99946,253,99819,153,99969,153,99808,100,99994,153,99779,153,100067,153,99670,153,100126,100,99635,153,100136,100,99390,100,100154,13,99379,100,100224,100,99360,100,100236,100,99296,100
2019-06-28 10:02:20.000000000,99905,389,99836,189,99946,287,99819,187,99969,187,99808,187,99994,100,99779,100,100067,100,99670,100,100126,100,99635,100,100136,100,99390,100,100154,13,99379,100,100224,100,99360,100,100236,100,99296,100
2019-06-28 10:02:26.353447151,99905,389,99836,189,99946,287,99819,187,99969,187,99808,187,100067,100,99779,100,100126,100,99676,100,100136,100,99670,100,100154,13,99635,100,100224,100,99390,100,100236,100,99379,100,100294,100,99360,100
2019-06-28 10:02:30.000000000,99905,353,99836,153,99946,253,99819,153,99969,153,99808,153,100067,153,99779,153,100126,153,99676,153,100136,100,99670,100,100154,13,99635,100,100224,100,99390,100,100236,100,99379,100,100294,100,99360,100
2019-06-28 10:02:32.553658944,99905,353,99836,153,99946,253,99819,153,99969,153,99808,153,100067,153,99779,153,100126,153,99764,100,100136,100,99676,153,100154,13,99670,100,100224,100,99635,100,100236,100,99390,100,100294,100,99379,100
2019-06-28 10:02:36.104832718,99905,253,99836,153,99946,253,99819,153,99969,153,99808,153,100067,153,99779,153,100126,153,99764,100,100136,100,99676,153,100154,13,99670,100,100224,100,99635,100,100236,100,99390,100,100294,100,99379,100
2019-06-28 10:02:40.000000000,99905,463,99836,363,99946,200,99819,100,99969,100,99808,100,100067,100,99779,100,100126,100,99764,100,100136,100,99676,100,100154,13,99670,100,100224,100,99635,100,100236,100,99390,100,100294,100,99379,100
2019-06-28 10:02:41.591346581,99905,363,99836,363,99946,200,99819,100,99969,100,99808,100,100067,100,99779,100,100126,100,99764,100,100136,100,99676,100,100154,13,99670,100,100224,100,99635,100,100236,100,99390,100,100294,100,99379,100
2019-06-28 10:02:50.000000000,99905,232,99836,232,99946,332,99819,232,99969,100,99808,100,100067,100,99779,100,100126,100,99764,100,100136,100,99676,100,100154,13,99670,100,100224,100,99635,100,100236,100,99390,100,100294,100,99379,100
2019-06-28 10:03:00.000000000,99905,189,99836,189,99946,287,99819,187,99969,187,99808,187,100067,100,99779,100,100126,100,99764,100,100136,100,99676,100,100154,13,99670,100,100224,100,99635,100,100236,100,99390,100,100294,100,99379,100
2019-06-28 10:03:04.914866778,99905,189,99836,89,99946,287,99819,187,99969,187,99808,187,100067,100,99779,100,100126,100,99764,100,100136,100,99676,100,100154,13,99670,100,100224,100,99635,100,100236,100,99390,100,100294,100,99379,100
2019-06-28 10:03:10.000000000,99905,153,99819,153,99946,253,99808,153,99969,153,99779,153,100067,153,99764,153,100126,153,99676,153,100136,100,99670,100,100154,13,99635,100,100224,100,99390,100,100236,100,99379,100,100294,100,99360,100
2019-06-28 10:03:20.000000000,99905,153,99819,153,99946,253,99808,153,99969,153,99779,153,100067,153,99764,153,100126,153,99676,153,100136,100,99670,100,100154,13,99635,100,100224,100,99390,100,100236,100,99379,100,100294,100,99360,100
2019-06-28 10:03:30.000000000,99905,232,99819,232,99946,332,99808,232,99969,100,99779,100,100067,100,99764,100,100126,100,99676,100,100136,100,99670,100,100154,13,99635,100,100224,100,99390,100,100236,100,99379,100,100294,100,99360,100
2019-06-28 10:03:39.662434433,99905,232,99819,132,99946,332,99808,232,99969,100,99779,100,100067,100,99764,100,100126,100,99676,100,100136,100,99670,100,100154,13,99635,100,100224,100,99390,100,100236,100,99379,100,100294,100,99360,100
2019-06-28 10:03:40.000000000,99905,189,99808,189,99946,287,99779,187,99969,187,99764,187,100067,100,99676,100,100126,100,99670,100,100136,100,99635,100,100154,13,99390,100,100224,100,99379,100,100236,100,99360,100,100294,100,99170,100
2019-06-28 10:03:50.000000000,99905,153,99808,153,99946,253,99779,153,99969,153,99764,153,100067,153,99676,153,100126,153,99670,153,100136,100,99635,100,100154,13,99390,100,100224,100,99379,100,100236,100,99360,100,100294,100,99170,100
2019-06-28 10:03:59.209792704,99905,153,99808,153,99946,253,99779,153,99969,253,99764,153,100067,153,99676,153,100126,153,99670,153,100136,100,99635,100,100154,13,99390,100,100236,100,99379,100,100294,100,99360,100,100312,100,99170,100
2019-06-28 10:04:00.000000000,99905,232,99808,232,99946,332,99779,232,99969,200,99764,100,100067,100,99676,100,100126,100,99670,100,100136,100,99635,100,100154,13,99390,100,100236,100,99379,100,100294,100,99360,100,100312,100,99170,100
2019-06-28 10:04:10.000000000,99905,232,99808,232,99946,332,99779,232,99969,200,99764,100,100067,100,99676,100,100126,100,99670,100,100136,100,99635,100,100154,13,99390,100,100236,100,99379,100,100294,100,99360,100,100312,100,99170,100
2019-06-28 10:04:20.000000000,99905,232,99808,232,99946,332,99779,232,99969,200,99764,100,100067,100,99676,100,100126,100,99670,100,100136,100,99635,100,100154,13,99390,100,100236,100,99379,100,100294,100,99360,100,100312,100,99170,100
2019-06-28 10:04:30.000000000,99905,363,99808,363,99946,200,99779,100,99969,200,99764,100,100067,100,99676,100,100126,100,99670,100,100136,100,99635,100,100154,13,99390,100,100236,100,99379,100,100294,100,99360,100,100312,100,99170,100
2019-06-28 10:04:32.912568120,99905,363,99808,363,99946,200,99779,100,99969,200,99764,100,100067,100,99676,100,100126,100,99670,100,100136,100,99635,100,100236,100,99390,100,100294,100,99379,100,100312,100,99360,100,100733,100,99170,100
2019-06-28 10:04:34.639972742,99905,363,99808,363,99946,200,99779,100,99969,200,99764,100,100067,100,99676,100,100126,100,99670,100,100136,100,99635,100,100236,100,99390,100,100294,100,99379,100,100312,100,99360,100,100733,100,99230,100
2019-06-28 10:04:40.000000000,99905,363,99808,363,99946,200,99779,100,99969,200,99764,100,100067,100,99676,100,100126,100,99670,100,100136,100,99635,100,100236,100,99390,100,100294,100,99379,100,100312,100,99360,100,100733,100,99230,100
2019-06-28 10:04:46.033824099,99905,363,99808,263,99946,200,99779,100,99969,200,99764,100,100067,100,99676,100,100126,100,99670,100,100136,100,99635,100,100236,100,99390,100,100294,100,99379,100,100312,100,99360,100,100733,100,99230,100
2019-06-28 10:04:46.753460841,99905,363,99808,163,99946,200,99779,100,99969,200,99764,100,100067,100,99676,100,100126,100,99670,100,100136,100,99635,100,100236,100,99390,100,100294,100,99379,100,100312,100,99360,100,100733,100,99230,100
2019-06-28 10:04:47.430273992,99905,363,99808,163,99946,200,99779,100,99969,200,99764,100,100067,100,99676,100,100126,100,99670,100,100136,100,99635,100,100236,100,99390,100,100294,100,99379,100,100312,100,99360,100,100733,100,99317,100
2019-06-28 10:04:50.000000000,99905,363,99779,363,99946,200,99764,100,99969,200,99676,100,100067,100,99670,100,100126,100,99635,100,100136,100,99390,100,100236,100,99379,100,100294,100,99360,100,100312,100,99317,100,100733,100,99230,100
2019-06-28 10:05:00.000000000,99905,153,99779,153,99946,253,99764,153,99969,253,99676,153,100067,153,99670,153,100126,153,99635,153,100136,100,99390,100,100236,100,99379,100,100294,100,99360,100,100312,100,99317,100,100733,100,99230,100
2019-06-28 10:05:04.950829127,99905,153,99779,53,99946,253,99764,153,99969,253,99676,153,100067,153,99670,153,100126,153,99635,153,100136,100,99390,100,100236,100,99379,100,100294,100,99360,100,100312,100,99317,100,100733,100,99230,100
2019-06-28 10:05:10.000000000,99905,189,99764,189,99946,287,99676,187,99969,287,99670,187,100067,100,99635,100,100126,100,99390,100,100136,100,99379,100,100236,100,99360,100,100294,100,99317,100,100312,100,99230,100,100733,100,99146,100
2019-06-28 10:05:13.510250703,99905,189,99764,89,99946,287,99676,187,99969,287,99670,187,100126,100,99635,100,100136,100,99390,100,100236,100,99379,100,100294,100,99360,100,100312,100,99317,100,100733,100,99230,100,100845,100,99146,100
2019-06-28 10:05:20.000000000,99905,363,99676,363,99946,200,99670,100,99969,200,99635,100,100126,100,99390,100,100136,100,99379,100,100236,100,99360,100,100294,100,99317,100,100312,100,99230,100,100733,100,99146,100,100845,100,98511,100
2019-06-28 10:05:24.721631111,99905,363,99676,363,99946,200,99670,100,99969,200,99635,100,100126,100,99390,100,100136,100,99379,100,100236,100,99360,100,100294,100,99230,100,100312,100,99163,100,100733,100,99146,100,100845,100,98511,100
2019-06-28 10:05:30.000000000,99905,189,99676,189,99946,287,99670,187,99969,287,99635,187,100126,100,99390,100,100136,100,99379,100,100236,100,99360,100,100294,100,99230,100,100312,100,99163,100,100733,100,99146,100,100845,100,98511,100
2019-06-28 10:05:40.000000000,99905,189,99676,189,99946,287,99670,187,99969,287,99635,187,100126,100,99390,100,100136,100,99379,100,100236,100,99360,100,100294,100,99230,100,100312,100,99163,100,100733,100,99146,100,100845,100,98511,100
2019-06-28 10:05:40.090625606,99905,189,99676,189,99946,287,99670,187,99969,287,99635,187,100126,100,99390,100,100136,100,99379,100,100236,100,99360,100,100294,100,99230,100,100312,100,99163,100,100733,100,99146,100,100845,100,98954,100
2019-06-28 10:05:46.770031580,99905,189,99676,89,99946,287,99670,187,99969,287,99635,87,100126,100,99390,100,100136,100,99379,100,100236,100,99360,100,100294,100,99230,100,100312,100,99163,100,100733,100,99146,100,100845,100,98954,100
2019-06-28 10:05:50.000000000,99905,232,99670,232,99946,332,99390,232,99969,200,99379,100,100126,100,99360,100,100136,100,99230,100,100236,100,99163,100,100294,100,99146,100,100312,100,98954,100,100733,100,98511,100,100845,100,98468,100
2019-06-28 10:05:58.090969733,99905,232,99670,232,99946,232,99390,232,99969,200,99379,100,100126,100,99360,100,100136,100,99230,100,100236,100,99163,100,100294,100,99146,100,100312,100,98954,100,100733,100,98511,100,100845,100,98468,100
2019-06-28 10:06:00.000000000,99905,166,99670,166,99946,166,99390,166,99969,266,99379,166,100126,166,99360,166,100136,100,99230,100,100236,100,99163,100,100294,100,99146,100,100312,100,98954,100,100733,100,98511,100,100845,100,98468,100
2019-06-28 10:06:10.000000000,99905,166,99670,166,99946,166,99390,166,99969,266,99379,166,100126,166,99360,166,100136,100,99230,100,100236,100,99163,100,100294,100,99146,100,100312,100,98954,100,100733,100,98511,100,100845,100,98468,100
