,ask_price_1,ask_size_1,bid_price_1,bid_size_1,ask_price_2,ask_size_2,bid_price_2,bid_size_2,ask_price_3,ask_size_3,bid_price_3,bid_size_3,ask_price_4,ask_size_4,bid_price_4,bid_size_4,ask_price_5,ask_size_5,bid_price_5,bid_size_5,ask_price_6,ask_size_6,bid_price_6,bid_size_6,ask_price_7,ask_size_7,bid_price_7,bid_size_7,ask_price_8,ask_size_8,bid_price_8,bid_size_8,ask_price_9,ask_size_9,bid_price_9,bid_size_9,ask_price_10,ask_size_10,bid_price_10,bid_size_10
2019-06-28 09:30:00.000000002,,,100008,100,,,,,,,,,,,,,,,,,,,,,,,,,,,,,,,,,,,,
2019-06-28 09:30:00.000000003,,,99968,100,,,,,,,,,,,,,,,,,,,,,,,,,,,,,,,,,,,,
2019-06-28 09:30:00.000000004,,,100029,100,,,99968,100,,,,,,,,,,,,,,,,,,,,,,,,,,,,,,,,
2019-06-28 09:30:00.000000008,,,100029,100,,,99968,100,,,99944,100,,,,,,,,,,,,,,,,,,,,,,,,,,,,
2019-06-28 09:30:00.000000012,,,100014,100,,,99968,100,,,99944,100,,,,,,,,,,,,,,,,,,,,,,,,,,,,
2019-06-28 09:30:00.000000013,,,100014,100,,,99968,100,,,99944,100,,,99915,100,,,,,,,,,,,,,,,,,,,,,,,,
2019-06-28 09:30:00.000000014,,,100014,100,,,100010,100,,,99968,100,,,99944,100,,,99915,100,,,,,,,,,,,,,,,,,,,,
2019-06-28 09:30:00.000000015,,,100014,100,,,100010,100,,,99968,100,,,99944,100,,,99915,100,,,99841,100,,,,,,,,,,,,,,,,
2019-06-28 09:30:00.000000021,100122,100,100014,100,,,100010,100,,,99968,100,,,99944,100,,,99915,100,,,99911,100,,,99841,100,,,,,,,,,,,,
2019-06-28 09:30:00.000000022,100122,100,100014,100,,,100010,100,,,100008,100,,,99968,100,,,99944,100,,,99915,100,,,99911,100,,,99841,100,,,,,,,,
2019-06-28 09:30:00.000000024,100029,100,100014,100,100122,100,100010,100,,,100008,100,,,99968,100,,,99944,100,,,99915,100,,,99911,100,,,99841,100,,,99808,100,,,,
2019-06-28 09:30:00.000000028,100029,100,100014,100,100122,100,100010,100,100145,100,100008,100,,,99968,100,,,99944,100,,,99915,100,,,99911,100,,,99841,100,,,99808,100,,,,
2019-06-28 09:30:00.000000030,100029,100,100014,100,100122,100,100010,100,100145,100,100008,100,,,99968,100,,,99944,100,,,99915,100,,,99911,100,,,99880,100,,,99841,100,,,99808,100
2019-06-28 09:30:00.000000035,100029,100,100014,100,100122,100,100010,100,100145,100,100008,100,,,99968,100,,,99944,100,,,99915,100,,,99911,100,,,99880,100,,,99842,100,,,99841,100
2019-06-28 09:30:00.000000037,100029,200,100014,100,100088,100,100010,100,100122,100,100008,100,100145,100,99968,100,,,99944,100,,,99915,100,,,99911,100,,,99880,100,,,99842,100,,,99841,100
2019-06-28 09:30:00.000000038,100029,200,100010,100,100088,100,100008,100,100122,100,99968,100,100145,100,99944,100,,,99915,100,,,99911,100,,,99880,100,,,99842,100,,,99841,100,,,99808,100
2019-06-28 09:30:00.000000039,100029,200,100010,100,100088,100,100008,100,100122,100,99968,100,100145,100,99944,100,100158,100,99915,100,,,99911,100,,,99880,100,,,99842,100,,,99841,100,,,99808,100
2019-06-28 09:30:00.000000040,100029,100,100010,100,100088,100,100008,100,100122,100,99968,100,100145,100,99944,100,100158,100,99915,100,,,99911,100,,,99880,100,,,99842,100,,,99841,100,,,99808,100
2019-06-28 09:30:00.000000041,100029,100,100010,100,100088,100,100008,100,100122,100,99968,100,100145,100,99944,100,100158,100,99915,100,,,99911,100,,,99880,100,,,99862,100,,,99842,100,,,99841,100
2019-06-28 09:30:00.000000043,100029,100,100010,100,100088,100,100008,100,100089,100,99968,100,100122,100,99944,100,100145,100,99933,100,100158,100,99915,100,,,99911,100,,,99880,100,,,99862,100,,,99842,100
2019-06-28 09:30:00.000000044,100012,100,100010,100,100029,100,100008,100,100088,100,99968,100,100089,100,99944,100,100122,100,99933,100,100145,100,99915,100,100158,100,99911,100,,,99880,100,,,99862,100,,,99842,100
2019-06-28 09:30:00.000000047,100012,100,100010,100,100028,100,100008,100,100029,100,99968,100,100088,100,99944,100,100089,100,99933,100,100122,100,99915,100,100145,100,99911,100,100158,100,99880,100,,,99862,100,,,99842,100
2019-06-28 09:30:00.000000051,100012,100,100010,100,100028,100,100008,100,100029,100,99968,100,100088,100,99944,100,100089,100,99933,100,100092,100,99915,100,100122,100,99911,100,100145,100,99880,100,100158,100,99862,100,,,99842,200
2019-06-28 09:30:00.000000053,100012,100,100010,100,100028,200,100008,100,100029,100,99968,100,100088,100,99944,100,100089,100,99933,100,100092,100,99915,100,100104,100,99911,100,100122,100,99880,100,100145,100,99862,100,100158,100,99842,200
2019-06-28 09:30:00.000000054,100012,100,100010,100,100021,100,100008,100,100028,200,99968,100,100029,100,99944,100,100088,100,99933,100,100089,100,99915,100,100092,100,99911,100,100104,100,99880,100,100122,100,99862,100,100145,100,99842,200
2019-06-28 09:30:00.000000058,100021,100,100010,100,100028,200,100008,100,100029,100,99968,100,100088,100,99944,100,100089,100,99933,100,100092,100,99915,100,100104,100,99911,100,100122,100,99880,100,100145,100,99862,100,100158,100,99842,200
2019-06-28 09:30:00.000000059,100021,100,100010,100,100028,200,100008,100,100029,100,99968,100,100049,100,99944,100,100088,100,99933,100,100089,100,99915,100,100092,100,99911,100,100104,100,99880,100,100122,100,99862,100,100145,100,99842,200
2019-06-28 09:30:00.000000063,100021,100,100010,100,100028,200,100008,100,100029,100,99968,100,100032,100,99944,100,100049,100,99933,100,100088,100,99915,100,100089,100,99911,100,100092,100,99880,100,100104,100,99862,100,100122,100,99842,200
2019-06-28 09:30:00.000000065,100021,100,100008,100,100028,200,99968,100,100029,100,99944,100,100032,100,99933,100,100049,100,99915,100,100088,100,99911,100,100089,100,99880,100,100092,100,99862,100,100104,100,99842,200,100122,100,99841,100
2019-06-28 09:30:00.000000066,100021,100,100010,100,100028,200,100008,100,100029,100,99968,100,100032,100,99944,100,100049,100,99933,100,100088,100,99915,100,100089,100,99911,100,100092,100,99880,100,100104,100,99862,100,100122,100,99842,200
2019-06-28 09:30:00.000000067,100021,100,100010,100,100028,200,100008,100,100029,100,99992,100,100032,100,99968,100,100049,100,99944,100,100088,100,99933,100,100089,100,99915,100,100092,100,99911,100,100104,100,99880,100,100122,100,99862,100
2019-06-28 09:30:00.000000069,100021,100,100010,100,100028,200,100008,100,100029,100,99992,100,100032,100,99968,100,100049,100,99944,100,100088,100,99933,100,100089,100,99915,100,100092,100,99911,100,100104,100,99909,100,100122,100,99880,100
2019-06-28 09:30:00.000000070,100021,100,100010,100,100028,200,100008,100,100029,100,99992,100,100032,100,99968,100,100043,100,99944,100,100049,100,99933,100,100088,100,99915,100,100089,100,99911,100,100092,100,99909,100,100104,100,99880,100
2019-06-28 09:30:00.000000071,100021,100,100010,100,100028,200,100008,100,100029,100,99992,100,100032,100,99968,100,100043,100,99944,100,100049,100,99933,100,100088,100,99915,100,100089,100,99911,100,100092,100,99909,100,100104,100,99880,100
2019-06-28 09:30:00.000000072,100021,100,100010,100,100028,200,100008,100,100029,100,99992,100,100032,100,99968,100,100043,100,99944,100,100049,100,99933,100,100088,100,99915,100,100089,100,99911,100,100092,100,99909,100,100104,100,99880,100
2019-06-28 09:30:00.000000073,100021,100,100010,100,100028,200,100008,100,100029,100,99992,100,100032,100,99968,100,100043,100,99944,100,100049,100,99933,100,100088,100,99915,100,100089,100,99911,100,100092,100,99909,100,100104,100,99880,100
2019-06-28 09:30:00.000000075,100021,100,100010,200,100028,200,100008,100,100029,100,99992,100,100032,100,99968,100,100043,100,99944,100,100049,100,99933,100,100088,100,99915,100,100089,100,99911,100,100092,100,99909,100,100104,100,99880,100
2019-06-28 09:30:00.000000078,100012,100,100010,200,100021,100,100008,100,100028,200,99992,100,100029,100,99968,100,100032,100,99944,100,100043,100,99933,100,100049,100,99915,100,100088,100,99911,100,100089,100,99909,100,100092,100,99880,100
2019-06-28 09:30:00.000000079,100012,100,100010,200,100021,100,100008,100,100028,200,99992,100,100029,100,99968,100,100032,100,99944,100,100043,100,99933,100,100049,100,99915,100,100088,100,99911,100,100089,100,99909,100,100092,100,99880,100
2019-06-28 09:30:00.000000080,100012,100,100010,200,100021,100,100008,100,100028,200,99992,100,100029,100,99968,100,100032,100,99944,100,100037,100,99933,100,100043,100,99915,100,100049,100,99911,100,100088,100,99909,100,100089,100,99880,100
2019-06-28 09:30:00.000000081,100012,100,100010,200,100021,100,100008,100,100028,200,99992,100,100029,100,99968,100,100032,100,99944,100,100037,100,99933,100,100043,100,99915,100,100049,100,99911,100,100088,100,99909,100,100089,100,99880,100
2019-06-28 09:30:00.000000082,100012,100,100010,300,100021,100,100008,100,100028,200,99992,100,100029,100,99968,100,100032,100,99944,100,100037,100,99933,100,100040,100,99915,100,100043,100,99911,100,100049,100,99909,100,100088,100,99880,100
2019-06-28 09:30:00.000000083,100012,100,100010,300,100021,100,100008,100,100028,200,99992,100,100029,200,99968,100,100032,100,99944,100,100037,100,99933,100,100040,100,99915,100,100043,100,99911,100,100049,100,99909,100,100088,100,99880,100
2019-06-28 09:30:00.000000084,100012,100,100010,200,100021,100,100008,100,100028,200,99992,100,100029,200,99968,100,100032,100,99944,100,100037,100,99933,100,100040,100,99915,100,100043,100,99911,100,100049,100,99909,100,100088,100,99880,100
2019-06-28 09:30:00.000000086,100012,100,100010,200,100021,100,100008,100,100028,200,99992,100,100029,200,99982,100,100032,100,99968,100,100037,100,99944,100,100040,100,99933,100,100043,100,99915,100,100049,100,99911,100,100088,100,99909,100
2019-06-28 09:30:00.000000087,100012,100,100011,100,100021,100,100010,200,100028,200,100008,100,100029,200,99992,100,100032,100,99982,100,100037,100,99968,100,100040,100,99954,100,100043,100,99944,100,100049,100,99933,100,100088,100,99915,100
2019-06-28 09:30:00.000000090,100012,100,100011,100,100014,100,100010,200,100021,100,100008,100,100028,200,99992,100,100029,200,99982,100,100032,100,99968,100,100037,100,99954,100,100040,100,99944,100,100043,100,99933,100,100049,100,99915,100
2019-06-28 09:30:00.000000093,100012,100,100011,100,100014,100,100010,200,100021,100,100008,100,100028,200,99992,100,100029,200,99982,100,100032,100,99968,100,100037,100,99954,100,100040,100,99944,100,100043,100,99933,100,100049,100,99915,100
2019-06-28 09:30:00.000000097,100012,100,100011,100,100014,100,100010,200,100021,100,100008,100,100028,200,99992,100,100029,200,99982,100,100032,100,99968,100,100037,100,99954,100,100040,100,99944,100,100043,100,99933,100,100044,100,99915,100
2019-06-28 09:30:10.000000000,100012,181,100011,181,100014,181,100010,281,100021,181,100008,181,100028,281,99992,181,100029,200,99982,100,100032,100,99968,100,100037,100,99954,100,100040,100,99944,100,100043,100,99933,100,100044,100,99915,100
2019-06-28 09:30:20.000000000,100012,181,100011,181,100014,181,100010,281,100021,181,100008,181,100028,281,99992,181,100029,200,99982,100,100032,100,99968,100,100037,100,99954,100,100040,100,99944,100,100043,100,99933,100,100044,100,99915,100
2019-06-28 09:30:22.856025767,100012,181,100011,81,100014,181,100010,281,100021,181,100008,181,100028,281,99992,181,100029,200,99982,100,100032,100,99968,100,100037,100,99954,100,100040,100,99944,100,100043,100,99933,100,100044,100,99915,100
2019-06-28 09:30:30.000000000,100012,210,100010,310,100014,207,100008,207,100021,207,99992,207,100028,200,99982,100,100029,200,99968,100,100032,100,99954,100,100037,100,99944,100,100040,100,99933,100,100043,100,99915,100,100044,100,99911,100
2019-06-28 09:30:37.824286772,100012,210,100010,310,100014,207,100008,207,100021,207,99992,207,100028,200,99982,100,100029,200,99968,100,100032,100,99954,100,100037,100,99944,100,100040,100,99933,100,100043,100,99915,100,100044,100,99911,100
2019-06-28 09:30:38.001294150,100012,210,100010,310,100014,207,100008,207,100021,207,99992,207,100028,200,99982,100,100029,200,99968,100,100032,100,99954,100,100037,100,99944,100,100040,100,99933,100,100043,100,99915,100,100044,100,99911,100
2019-06-28 09:30:38.377577807,100012,210,100010,210,100014,207,100008,207,100021,207,99992,207,100028,200,99982,100,100029,200,99968,100,100032,100,99954,100,100037,100,99944,100,100040,100,99933,100,100043,100,99915,100,100044,100,99911,100
2019-06-28 09:30:40.000000000,100012,181,100010,181,100014,181,100008,181,100021,181,99992,181,100028,281,99982,181,100029,200,99968,100,100032,100,99954,100,100037,100,99944,100,100040,100,99933,100,100043,100,99915,100,100044,100,99911,100
2019-06-28 09:30:50.000000000,100012,424,100010,424,100014,100,100008,100,100021,100,99992,100,100028,200,99982,100,100029,200,99968,100,100032,100,99954,100,100037,100,99944,100,100040,100,99933,100,100043,100,99915,100,100044,100,99911,100
2019-06-28 09:31:00.000000000,100012,165,100010,165,100014,165,100008,165,100021,165,99992,165,100028,265,99982,165,100029,265,99968,165,100032,100,99954,100,100037,100,99944,100,100040,100,99933,100,100043,100,99915,100,100044,100,99911,100
2019-06-28 09:31:03.671313799,100012,165,100010,165,100014,165,100008,165,100021,165,99992,165,100028,265,99982,165,100029,265,99968,165,100032,100,99954,100,100037,100,99944,100,100040,100,99933,100,100043,100,99915,100,100044,100,99911,100
2019-06-28 09:31:06.651839648,100012,165,100010,165,100014,165,100008,165,100021,165,99992,65,100028,265,99982,165,100029,265,99968,165,100032,100,99954,100,100037,100,99944,100,100040,100,99933,100,100043,100,99915,100,100044,100,99911,100
2019-06-28 09:31:07.653895105,100012,165,100010,165,100014,165,100008,165,100021,165,99992,65,100028,265,99982,165,100029,265,99968,165,100032,100,99954,100,100037,100,99944,100,100040,100,99933,100,100043,100,99915,100,100044,100,99911,100
2019-06-28 09:31:10.000000000,100012,424,100010,424,100014,100,100008,100,100021,100,99982,100,100028,200,99968,100,100029,200,99954,100,100032,100,99944,100,100037,100,99933,100,100040,100,99915,100,100043,100,99911,100,100044,100,99909,100
2019-06-28 09:31:20.000000000,100012,262,100010,262,100014,262,100008,262,100021,100,99982,100,100028,200,99968,100,100029,200,99954,100,100032,100,99944,100,100037,100,99933,100,100040,100,99915,100,100043,100,99911,100,100044,100,99909,100
2019-06-28 09:31:25.545514185,100012,262,100010,262,100014,262,100008,262,100021,100,99982,100,100028,100,99968,100,100029,200,99954,100,100032,100,99944,100,100037,100,99933,100,100040,100,99915,100,100043,100,99911,100,100044,100,99909,100
2019-06-28 09:31:30.000000000,100012,262,100010,262,100014,262,100008,262,100021,100,99982,100,100028,100,99968,100,100029,200,99954,100,100032,100,99944,100,100037,100,99933,100,100040,100,99915,100,100043,100,99911,100,100044,100,99909,100
2019-06-28 09:31:40.000000000,100012,165,100010,165,100014,165,100008,165,100021,165,99982,165,100028,165,99968,165,100029,265,99954,165,100032,100,99944,100,100037,100,99933,100,100040,100,99915,100,100043,100,99911,100,100044,100,99909,100
2019-06-28 09:31:40.916385743,100011,100,100010,165,100012,165,100008,165,100014,165,99982,165,100021,165,99968,165,100028,165,99954,165,100029,265,99944,100,100032,100,99933,100,100037,100,99915,100,100040,100,99911,100,100043,100,99909,100
2019-06-28 09:31:50.000000000,100011,262,100010,262,100012,262,100008,262,100014,100,99982,100,100021,100,99968,100,100028,100,99954,100,100029,200,99944,100,100032,100,99933,100,100037,100,99915,100,100040,100,99911,100,100043,100,99909,100
2019-06-28 09:31:54.435102443,100011,262,100010,162,100012,262,100008,262,100014,100,99982,100,100021,100,99968,100,100028,100,99954,100,100029,200,99944,100,100032,100,99933,100,100037,100,99915,100,100040,100,99911,100,100043,100,99909,100
2019-06-28 09:32:00.000000000,100011,165,100008,165,100012,165,99982,165,100014,165,99968,165,100021,165,99954,165,100028,165,99944,165,100029,200,99933,100,100032,100,99915,100,100037,100,99911,100,100040,100,99909,100,100043,100,99907,100
2019-06-28 09:32:02.573745678,100010,100,100008,165,100011,165,99982,165,100012,165,99968,165,100014,165,99954,165,100021,165,99944,165,100028,165,99933,100,100029,200,99915,100,100032,100,99911,100,100037,100,99909,100,100040,100,99907,100
2019-06-28 09:32:10.000000000,100010,424,100008,424,100011,100,99982,100,100012,100,99968,100,100014,100,99954,100,100021,100,99944,100,100028,100,99933,100,100029,200,99915,100,100032,100,99911,100,100037,100,99909,100,100040,100,99907,100
2019-06-28 09:32:12.582110670,100010,424,100008,424,100011,100,99982,100,100012,100,99968,100,100014,100,99954,100,100021,100,99944,100,100028,100,99933,100,100029,100,99915,100,100032,100,99911,100,100037,100,99909,100,100040,100,99907,100
2019-06-28 09:32:20.000000000,100010,210,100008,210,100011,207,99982,207,100012,207,99968,207,100014,100,99954,100,100021,100,99944,100,100028,100,99933,100,100029,100,99915,100,100032,100,99911,100,100037,100,99909,100,100040,100,99907,100
2019-06-28 09:32:30.000000000,100010,181,100008,181,100011,181,99982,181,100012,181,99968,181,100014,181,99954,181,100021,100,99944,100,100028,100,99933,100,100029,100,99915,100,100032,100,99911,100,100037,100,99909,100,100040,100,99907,100
2019-06-28 09:32:40.000000000,100010,262,100008,262,100011,262,99982,262,100012,100,99968,100,100014,100,99954,100,100021,100,99944,100,100028,100,99933,100,100029,100,99915,100,100032,100,99911,100,100037,100,99909,100,100040,100,99907,100
2019-06-28 09:32:45.708442353,100010,262,100008,162,100011,262,99982,162,100012,100,99968,100,100014,100,99954,100,100021,100,99944,100,100028,100,99933,100,100029,100,99915,100,100032,100,99911,100,100037,100,99909,100,100040,100,99907,100
2019-06-28 09:32:50.000000000,100010,210,99968,210,100011,207,99954,207,100012,207,99944,207,100014,100,99933,100,100021,100,99915,100,100028,100,99911,100,100029,100,99909,100,100032,100,99907,100,100037,100,99880,100,100040,100,99866,100
2019-06-28 09:33:00.000000000,100010,165,99968,165,100011,165,99954,165,100012,165,99944,165,100014,165,99933,165,100021,165,99915,165,100028,100,99911,100,100029,100,99909,100,100032,100,99907,100,100037,100,99880,100,100040,100,99866,100
2019-06-28 09:33:07.803325407,100010,165,99968,165,100011,165,99954,165,100012,165,99944,165,100014,165,99933,165,100021,165,99915,165,100028,100,99911,100,100029,100,99909,100,100037,100,99907,100,100040,100,99880,100,100043,100,99866,100
2019-06-28 09:33:10.000000000,100010,165,99968,165,100011,165,99954,165,100012,165,99944,165,100014,165,99933,165,100021,165,99915,165,100028,100,99911,100,100029,100,99909,100,100037,100,99907,100,100040,100,99880,100,100043,100,99866,100
2019-06-28 09:33:20.000000000,100010,424,99968,424,100011,100,99954,100,100012,100,99944,100,100014,100,99933,100,100021,100,99915,100,100028,100,99911,100,100029,100,99909,100,100037,100,99907,100,100040,100,99880,100,100043,100,99866,100
2019-06-28 09:33:22.577964006,100010,424,99968,424,100011,100,99954,100,100012,100,99944,100,100014,100,99933,100,100021,100,99915,100,100028,100,99911,100,100029,100,99909,100,100037,100,99907,100,100040,100,99880,100,100043,100,99866,100
2019-06-28 09:33:29.833224205,100010,424,99968,424,100011,100,99954,100,100012,100,99944,100,100014,100,99933,100,100021,100,99915,100,100028,100,99911,100,100029,100,99909,100,100037,100,99907,100,100040,100,99880,100,100043,100,99866,100
2019-06-28 09:33:30.000000000,100010,424,99968,424,100011,100,99954,100,100012,100,99944,100,100014,100,99933,100,100021,100,99915,100,100028,100,99911,100,100029,100,99909,100,100037,100,99907,100,100040,100,99880,100,100043,100,99866,100
2019-06-28 09:33:34.767718990,100009,100,99968,424,100010,424,99954,100,100011,100,99944,100,100012,100,99933,100,100014,100,99915,100,100021,100,99911,100,100028,100,99909,100,100037,100,99907,100,100040,100,99880,100,100043,100,99866,100
2019-06-28 09:33:40.000000000,100009,181,99968,181,100010,181,99954,181,100011,181,99944,181,100012,181,99933,181,100014,100,99915,100,100021,100,99911,100,100028,100,99909,100,100037,100,99907,100,100040,100,99880,100,100043,100,99866,100
2019-06-28 09:33:50.000000000,100009,424,99968,424,100010,100,99954,100,100011,100,99944,100,100012,100,99933,100,100014,100,99915,100,100021,100,99911,100,100028,100,99909,100,100037,100,99907,100,100040,100,99880,100,100043,100,99866,100
2019-06-28 09:33:55.887775429,100009,424,99968,324,100010,100,99954,100,100011,100,99944,100,100012,100,99933,100,100014,100,99915,100,100021,100,99911,100,100028,100,99909,100,100037,100,99907,100,100040,100,99880,100,100043,100,99866,100
2019-06-28 09:34:00.000000000,100009,262,99954,262,100010,262,99944,262,100011,100,99933,100,100012,100,99915,100,100014,100,99911,100,100021,100,99909,100,100028,100,99907,100,100037,100,99880,100,100040,100,99866,100,100043,100,99862,100
2019-06-28 09:34:10.000000000,100009,181,99954,181,100010,181,99944,181,100011,181,99933,181,100012,181,99915,181,100014,100,99911,100,100021,100,99909,100,100028,100,99907,100,100037,100,99880,100,100040,100,99866,100,100043,100,99862,100
2019-06-28 09:34:15.301919532,100009,181,99954,181,100010,181,99944,181,100011,181,99936,100,100012,181,99933,181,100014,100,99915,181,100021,100,99911,100,100028,100,99909,100,100037,100,99907,100,100040,100,99880,100,100043,100,99866,100
2019-06-28 09:34:20.000000000,100009,424,99954,424,100010,100,99944,100,100011,100,99936,100,100012,100,99933,100,100014,100,99915,100,100021,100,99911,100,100028,100,99909,100,100037,100,99907,100,100040,100,99880,100,100043,100,99866,100
2019-06-28 09:34:30.000000000,100009,181,99954,181,100010,181,99944,181,100011,181,99936,181,100012,181,99933,181,100014,100,99915,100,100021,100,99911,100,100028,100,99909,100,100037,100,99907,100,100040,100,99880,100,100043,100,99866,100
2019-06-28 09:34:40.000000000,100009,165,99954,165,100010,165,99944,165,100011,165,99936,165,100012,165,99933,165,100014,165,99915,165,100021,100,99911,100,100028,100,99909,100,100037,100,99907,100,100040,100,99880,100,100043,100,99866,100
2019-06-28 09:34:46.994833834,100009,165,99954,165,100010,165,99944,165,100011,165,99936,165,100012,165,99933,165,100014,165,99915,165,100021,100,99911,100,100028,100,99909,100,100037,100,99907,100,100040,100,99880,100,100043,100,99866,100
2019-06-28 09:34:50.000000000,100009,181,99954,181,100010,181,99944,181,100011,181,99936,181,100012,181,99933,181,100014,100,99915,100,100021,100,99911,100,100028,100,99909,100,100037,100,99907,100,100040,100,99880,100,100043,100,99866,100
2019-06-28 09:35:00.000000000,100009,181,99954,181,100010,181,99944,181,100011,181,99936,181,100012,181,99933,181,100014,100,99915,100,100021,100,99911,100,100028,100,99909,100,100037,100,99907,100,100040,100,99880,100,100043,100,99866,100
2019-06-28 09:35:07.865170524,100009,181,99971,100,100010,181,99954,181,100011,181,99944,181,100012,181,99936,181,100014,100,99933,181,100021,100,99915,100,100028,100,99911,100,100037,100,99909,100,100040,100,99907,100,100043,100,99880,100
2019-06-28 09:35:10.000000000,100009,210,99971,210,100010,207,99954,207,100011,207,99944,207,100012,100,99936,100,100014,100,99933,100,100021,100,99915,100,100028,100,99911,100,100037,100,99909,100,100040,100,99907,100,100043,100,99880,100
2019-06-28 09:35:20.000000000,100009,424,99971,424,100010,100,99954,100,100011,100,99944,100,100012,100,99936,100,100014,100,99933,100,100021,100,99915,100,100028,100,99911,100,100037,100,99909,100,100040,100,99907,100,100043,100,99880,100
2019-06-28 09:35:30.000000000,100009,424,99971,424,100010,100,99954,100,100011,100,99944,100,100012,100,99936,100,100014,100,99933,100,100021,100,99915,100,100028,100,99911,100,100037,100,99909,100,100040,100,99907,100,100043,100,99880,100
2019-06-28 09:35:40.000000000,100009,165,99971,165,100010,165,99954,165,100011,165,99944,165,100012,165,99936,165,100014,165,99933,165,100021,100,99915,100,100028,100,99911,100,100037,100,99909,100,100040,100,99907,100,100043,100,99880,100
2019-06-28 09:35:41.726582050,100009,165,99971,165,100010,165,99954,165,100011,165,99944,165,100012,165,99936,165,100014,165,99933,165,100021,100,99915,100,100028,100,99911,100,100037,100,99909,100,100040,100,99907,100,100041,100,99866,100
2019-06-28 09:35:43.567088206,100009,165,99971,165,100010,165,99954,165,100011,165,99944,165,100012,165,99936,165,100014,165,99933,165,100021,100,99915,100,100028,100,99911,100,100037,100,99909,100,100040,100,99907,100,100043,100,99866,100
2019-06-28 09:35:50.000000000,100009,210,99971,210,100010,207,99954,207,100011,207,99944,207,100012,100,99936,100,100014,100,99933,100,100021,100,99915,100,100028,100,99911,100,100037,100,99909,100,100040,100,99907,100,100043,100,99866,100
2019-06-28 09:35:58.406521651,100009,210,99971,210,100010,207,99954,207,100011,207,99944,207,100012,100,99936,100,100021,100,99933,100,100028,100,99915,100,100037,100,99911,100,100040,100,99909,100,100043,100,99907,100,100044,100,99866,100
2019-06-28 09:36:00.000000000,100009,424,99971,424,100010,100,99954,100,100011,100,99944,100,100012,100,99936,100,100021,100,99933,100,100028,100,99915,100,100037,100,99911,100,100040,100,99909,100,100043,100,99907,100,100044,100,99866,100
2019-06-28 09:36:01.366640548,100009,324,99971,424,100010,100,99954,100,100011,100,99944,100,100012,100,99936,100,100021,100,99933,100,100028,100,99915,100,100037,100,99911,100,100040,100,99909,100,100043,100,99907,100,100044,100,99866,100
2019-06-28 09:36:09.008134260,100009,324,99972,100,100010,100,99971,424,100011,100,99954,100,100012,100,99944,100,100021,100,99936,100,100028,100,99933,100,100037,100,99915,100,100040,100,99911,100,100043,100,99909,100,100044,100,99907,100
2019-06-28 09:36:09.865919199,100009,324,99972,100,100010,100,99971,424,100011,100,99954,100,100012,100,99944,100,100021,100,99936,100,100028,100,99933,100,100037,100,99915,100,100040,100,99911,100,100043,100,99909,100,100044,100,99907,100
2019-06-28 09:36:10.000000000,100010,181,99972,181,100011,181,99971,181,100012,181,99954,181,100021,181,99944,181,100028,100,99936,100,100037,100,99933,100,100040,100,99915,100,100043,100,99911,100,100044,100,99909,100,100060,100,99907,100
2019-06-28 09:36:12.521272776,100010,181,99972,181,100011,181,99971,181,100012,181,99954,181,100021,181,99944,181,100028,100,99936,100,100037,100,99915,100,100040,100,99911,100,100043,100,99909,100,100044,100,99907,100,100060,100,99866,100
2019-06-28 09:36:15.819345592,100010,181,100006,100,100011,181,99972,181,100012,181,99971,181,100021,181,99954,181,100028,100,99944,181,100037,100,99936,100,100040,100,99915,100,100044,100,99911,100,100060,100,99909,100,100070,100,99907,100
2019-06-28 09:36:20.000000000,100010,262,100006,262,100011,262,99972,262,100012,100,99971,100,100021,100,99954,100,100028,100,99944,100,100037,100,99936,100,100040,100,99915,100,100044,100,99911,100,100060,100,99909,100,100070,100,99907,100
2019-06-28 09:36:20.245753041,100010,162,100006,262,100011,262,99972,262,100012,100,99971,100,100021,100,99954,100,100028,100,99944,100,100037,100,99936,100,100040,100,99915,100,100044,100,99911,100,100060,100,99909,100,100070,100,99907,100
2019-06-28 09:36:30.000000000,100011,262,100006,262,100012,262,99972,262,100021,100,99971,100,100028,100,99954,100,100037,100,99944,100,100040,100,99936,100,100044,100,99915,100,100060,100,99911,100,100070,100,99909,100,100092,100,99907,100
2019-06-28 09:36:37.942191454,100011,162,100006,262,100012,262,99972,262,100021,100,99971,100,100028,100,99954,100,100037,100,99944,100,100040,100,99936,100,100044,100,99915,100,100060,100,99911,100,100070,100,99909,100,100092,100,99907,100
2019-06-28 09:36:40.000000000,100012,424,100006,424,100021,100,99972,100,100028,100,99971,100,100037,100,99954,100,100040,100,99944,100,100044,100,99936,100,100060,100,99915,100,100070,100,99911,100,100092,100,99909,100,100101,100,99907,100
2019-06-28 09:36:50.000000000,100012,424,100006,424,100021,100,99972,100,100028,100,99971,100,100037,100,99954,100,100040,100,99944,100,100044,100,99936,100,100060,100,99915,100,100070,100,99911,100,100092,100,99909,100,100101,100,99907,100
2019-06-28 09:36:58.728738470,100012,424,100006,424,100021,100,99972,100,100028,100,99971,100,100037,100,99954,100,100040,100,99944,100,100044,100,99936,100,100060,100,99915,100,100070,100,99911,100,100092,100,99909,100,100101,100,99907,100
2019-06-28 09:37:00.000000000,100012,262,100006,262,100021,262,99972,262,100028,100,99971,100,100037,100,99954,100,100040,100,99944,100,100044,100,99936,100,100060,100,99915,100,100070,100,99911,100,100092,100,99909,100,100101,100,99907,100
2019-06-28 09:37:03.521347974,100012,162,100010,100,100021,262,100006,262,100028,100,99972,262,100037,100,99971,100,100040,100,99954,100,100044,100,99944,100,100060,100,99936,100,100070,100,99915,100,100092,100,99911,100,100101,100,99909,100
2019-06-28 09:37:10.000000000,100021,210,100010,210,100028,207,100006,207,100037,207,99972,207,100040,100,99971,100,100044,100,99954,100,100060,100,99944,100,100070,100,99936,100,100092,100,99915,100,100101,100,99911,100,100104,100,99909,100
2019-06-28 09:37:20.000000000,100021,181,100010,181,100028,181,100006,181,100037,181,99972,181,100040,181,99971,181,100044,100,99954,100,100060,100,99944,100,100070,100,99936,100,100092,100,99915,100,100101,100,99911,100,100104,100,99909,100
2019-06-28 09:37:30.000000000,100021,181,100010,181,100028,181,100006,181,100037,181,99972,181,100040,181,99971,181,100044,100,99954,100,100060,100,99944,100,100070,100,99936,100,100092,100,99915,100,100101,100,99911,100,100104,100,99909,100
2019-06-28 09:37:30.486380767,100021,181,100010,281,100028,81,100006,181,100037,181,99972,181,100040,181,99971,181,100044,100,99954,100,100060,100,99944,100,100070,100,99936,100,100092,100,99915,100,100101,100,99911,100,100104,100,99909,100
2019-06-28 09:37:37.920303569,100021,181,100010,281,100028,81,100006,81,100037,181,99972,181,100040,181,99971,181,100044,100,99954,100,100060,100,99944,100,100070,100,99936,100,100092,100,99915,100,100101,100,99911,100,100104,100,99909,100
2019-06-28 09:37:40.000000000,100021,262,100010,362,100037,262,99972,262,100040,100,99971,100,100044,100,99954,100,100060,100,99944,100,100070,100,99936,100,100092,100,99915,100,100101,100,99911,100,100104,100,99909,100,100122,100,99907,100
2019-06-28 09:37:48.340650321,100021,162,100010,362,100037,262,99972,262,100040,100,99971,100,100044,100,99954,100,100060,100,99944,100,100070,100,99936,100,100092,100,99915,100,100101,100,99911,100,100104,100,99909,100,100122,100,99907,100
2019-06-28 09:37:50.000000000,100037,181,100010,281,100040,181,99972,181,100044,181,99971,181,100060,181,99954,181,100070,100,99944,100,100092,100,99936,100,100101,100,99915,100,100104,100,99911,100,100122,100,99909,100,100145,100,99907,100
2019-06-28 09:37:50.947667562,100037,181,100010,281,100040,181,99972,181,100044,181,99971,181,100060,181,99954,181,100070,100,99944,100,100101,100,99936,100,100104,100,99915,100,100122,100,99911,100,100145,100,99909,100,100149,100,99907,100
2019-06-28 09:38:00.000000000,100037,424,100010,524,100040,100,99972,100,100044,100,99971,100,100060,100,99954,100,100070,100,99944,100,100101,100,99936,100,100104,100,99915,100,100122,100,99911,100,100145,100,99909,100,100149,100,99907,100
2019-06-28 09:38:10.000000000,100037,181,100010,281,100040,181,99972,181,100044,181,99971,181,100060,181,99954,181,100070,100,99944,100,100101,100,99936,100,100104,100,99915,100,100122,100,99911,100,100145,100,99909,100,100149,100,99907,100
2019-06-28 09:38:20.000000000,100037,181,100010,281,100040,181,99972,181,100044,181,99971,181,100060,181,99954,181,100070,100,99944,100,100101,100,99936,100,100104,100,99915,100,100122,100,99911,100,100145,100,99909,100,100149,100,99907,100
2019-06-28 09:38:28.819770670,100037,81,100010,281,100040,181,99972,181,100044,181,99971,181,100060,181,99954,181,100070,100,99944,100,100101,100,99936,100,100104,100,99915,100,100122,100,99911,100,100145,100,99909,100,100149,100,99907,100
2019-06-28 09:38:30.000000000,100040,165,100010,265,100044,165,99972,165,100060,165,99971,165,100070,165,99954,165,100101,165,99944,165,100104,100,99936,100,100122,100,99915,100,100145,100,99911,100,100149,100,99909,100,100153,100,99907,100
2019-06-28 09:38:40.000000000,100040,165,100010,265,100044,165,99972,165,100060,165,99971,165,100070,165,99954,165,100101,165,99944,165,100104,100,99936,100,100122,100,99915,100,100145,100,99911,100,100149,100,99909,100,100153,100,99907,100
2019-06-28 09:38:50.000000000,100040,165,100010,265,100044,165,99972,165,100060,165,99971,165,100070,165,99954,165,100101,165,99944,165,100104,100,99936,100,100122,100,99915,100,100145,100,99911,100,100149,100,99909,100,100153,100,99907,100
2019-06-28 09:39:00.000000000,100040,181,100010,281,100044,181,99972,181,100060,181,99971,181,100070,181,99954,181,100101,100,99944,100,100104,100,99936,100,100122,100,99915,100,100145,100,99911,100,100149,100,99909,100,100153,100,99907,100
2019-06-28 09:39:00.371340808,100040,181,100010,281,100044,181,99972,181,100060,181,99971,81,100070,181,99954,181,100101,100,99944,100,100104,100,99936,100,100122,100,99915,100,100145,100,99911,100,100149,100,99909,100,100153,100,99907,100
2019-06-28 09:39:08.781872940,100040,81,100010,281,100044,181,99972,181,100060,181,99971,81,100070,181,99954,181,100101,100,99944,100,100104,100,99936,100,100122,100,99915,100,100145,100,99911,100,100149,100,99909,100,100153,100,99907,100
2019-06-28 09:39:10.000000000,100044,165,100010,265,100060,165,99972,165,100070,165,99954,165,100101,165,99944,165,100104,165,99936,165,100122,100,99915,100,100145,100,99911,100,100149,100,99909,100,100153,100,99907,100,100160,100,99866,100
2019-06-28 09:39:20.000000000,100044,181,100010,281,100060,181,99972,181,100070,181,99954,181,100101,181,99944,181,100104,100,99936,100,100122,100,99915,100,100145,100,99911,100,100149,100,99909,100,100153,100,99907,100,100160,100,99866,100
2019-06-28 09:39:26.846020466,100044,181,100010,281,100060,181,99972,181,100070,181,99954,181,100101,181,99944,181,100104,100,99936,100,100122,100,99915,100,100145,100,99911,100,100149,100,99909,100,100153,100,99907,100,100160,100,99866,100
2019-06-28 09:39:30.000000000,100044,181,100010,281,100060,181,99972,181,100070,181,99954,181,100101,181,99944,181,100104,100,99936,100,100122,100,99915,100,100145,100,99911,100,100149,100,99909,100,100153,100,99907,100,100160,100,99866,100
2019-06-28 09:39:37.871320725,100044,181,100010,281,100060,181,99972,181,100070,181,99954,181,100101,181,99944,181,100104,100,99936,100,100122,100,99915,100,100145,100,99911,100,100149,100,99909,100,100153,100,99907,100,100160,100,99866,100
2019-06-28 09:39:40.000000000,100044,210,100010,310,100060,207,99972,207,100070,207,99954,207,100101,100,99944,100,100104,100,99936,100,100122,100,99915,100,100145,100,99911,100,100149,100,99909,100,100153,100,99907,100,100160,100,99866,100
2019-06-28 09:39:50.000000000,100044,262,100010,362,100060,262,99972,262,100070,100,99954,100,100101,100,99944,100,100104,100,99936,100,100122,100,99915,100,100145,100,99911,100,100149,100,99909,100,100153,100,99907,100,100160,100,99866,100
2019-06-28 09:40:00.000000000,100044,210,100010,310,100060,207,99972,207,100070,207,99954,207,100101,100,99944,100,100104,100,99936,100,100122,100,99915,100,100145,100,99911,100,100149,100,99909,100,100153,100,99907,100,100160,100,99866,100
2019-06-28 09:40:10.000000000,100044,210,100010,310,100060,207,99972,207,100070,207,99954,207,100101,100,99944,100,100104,100,99936,100,100122,100,99915,100,100145,100,99911,100,100149,100,99909,100,100153,100,99907,100,100160,100,99866,100
2019-06-28 09:40:10.666024053,100044,210,100037,100,100060,207,100010,310,100070,207,99972,207,100101,100,99954,207,100104,100,99944,100,100122,100,99936,100,100145,100,99915,100,100149,100,99911,100,100153,100,99909,100,100160,100,99907,100
2019-06-28 09:40:14.635515014,100044,210,100037,100,100060,207,100010,310,100070,207,99972,207,100101,100,99954,207,100122,100,99944,100,100145,100,99936,100,100149,100,99915,100,100153,100,99911,100,100160,100,99909,100,100223,100,99907,100
2019-06-28 09:40:20.000000000,100044,210,100037,210,100060,207,100010,307,100070,207,99972,207,100101,100,99954,100,100122,100,99944,100,100145,100,99936,100,100149,100,99915,100,100153,100,99911,100,100160,100,99909,100,100223,100,99907,100
2019-06-28 09:40:30.000000000,100044,165,100037,165,100060,165,100010,265,100070,165,99972,165,100101,165,99954,165,100122,165,99944,165,100145,100,99936,100,100149,100,99915,100,100153,100,99911,100,100160,100,99909,100,100223,100,99907,100
2019-06-28 09:40:40.000000000,100044,165,100037,165,100060,165,100010,265,100070,165,99972,165,100101,165,99954,165,100122,165,99944,165,100145,100,99936,100,100149,100,99915,100,100153,100,99911,100,100160,100,99909,100,100223,100,99907,100
2019-06-28 09:40:50.000000000,100044,210,100037,210,100060,207,100010,307,100070,207,99972,207,100101,100,99954,100,100122,100,99944,100,100145,100,99936,100,100149,100,99915,100,100153,100,99911,100,100160,100,99909,100,100223,100,99907,100
2019-06-28 09:41:00.000000000,100044,424,100037,424,100060,100,100010,200,100070,100,99972,100,100101,100,99954,100,100122,100,99944,100,100145,100,99936,100,100149,100,99915,100,100153,100,99911,100,100160,100,99909,100,100223,100,99907,100
2019-06-28 09:41:10.000000000,100044,181,100037,181,100060,181,100010,281,100070,181,99972,181,100101,181,99954,181,100122,100,99944,100,100145,100,99936,100,100149,100,99915,100,100153,100,99911,100,100160,100,99909,100,100223,100,99907,100
2019-06-28 09:41:14.582210344,100044,181,100037,181,100060,181,100010,281,100070,181,99972,181,100101,181,99954,181,100122,100,99944,100,100145,100,99936,100,100153,100,99915,100,100160,100,99911,100,100223,100,99909,100,100303,100,99907,100
2019-06-28 09:41:20.000000000,100044,181,100037,181,100060,181,100010,281,100070,181,99972,181,100101,181,99954,181,100122,100,99944,100,100145,100,99936,100,100153,100,99915,100,100160,100,99911,100,100223,100,99909,100,100303,100,99907,100
2019-06-28 09:41:30.000000000,100044,262,100037,262,100060,262,100010,362,100070,100,99972,100,100101,100,99954,100,100122,100,99944,100,100145,100,99936,100,100153,100,99915,100,100160,100,99911,100,100223,100,99909,100,100303,100,99907,100
2019-06-28 09:41:37.869814393,100044,262,100037,262,100060,262,100010,362,100070,100,99972,100,100101,100,99954,100,100122,100,99944,100,100145,100,99936,100,100153,100,99915,100,100160,100,99911,100,100223,100,99909,100,100303,100,99907,100
2019-06-28 09:41:39.416122757,100044,262,100037,262,100060,262,100010,362,100070,100,99972,100,100101,100,99954,100,100122,100,99944,100,100145,100,99936,100,100153,100,99915,100,100160,100,99911,100,100223,100,99909,100,100303,100,99907,100
2019-06-28 09:41:40.000000000,100044,210,100037,210,100060,207,100010,307,100070,207,99972,207,100101,100,99954,100,100122,100,99944,100,100145,100,99936,100,100153,100,99915,100,100160,100,99911,100,100223,100,99909,100,100303,100,99907,100
2019-06-28 09:41:50.000000000,100044,165,100037,165,100060,165,100010,265,100070,165,99972,165,100101,165,99954,165,100122,165,99944,165,100145,100,99936,100,100153,100,99915,100,100160,100,99911,100,100223,100,99909,100,100303,100,99907,100
2019-06-28 09:42:00.000000000,100044,210,100037,210,100060,207,100010,307,100070,207,99972,207,100101,100,99954,100,100122,100,99944,100,100145,100,99936,100,100153,100,99915,100,100160,100,99911,100,100223,100,99909,100,100303,100,99907,100
2019-06-28 09:42:10.000000000,100044,424,100037,424,100060,100,100010,200,100070,100,99972,100,100101,100,99954,100,100122,100,99944,100,100145,100,99936,100,100153,100,99915,100,100160,100,99911,100,100223,100,99909,100,100303,100,99907,100
2019-06-28 09:42:12.079886079,100044,424,100037,424,100060,100,100010,200,100070,100,99972,100,100101,100,99954,100,100122,100,99944,100,100145,100,99936,100,100160,100,99915,100,100223,100,99911,100,100303,100,99909,100,100320,100,99907,100
2019-06-28 09:42:20.000000000,100044,181,100037,181,100060,181,100010,281,100070,181,99972,181,100101,181,99954,181,100122,100,99944,100,100145,100,99936,100,100160,100,99915,100,100223,100,99911,100,100303,100,99909,100,100320,100,99907,100
2019-06-28 09:42:30.000000000,100044,424,100037,424,100060,100,100010,200,100070,100,99972,100,100101,100,99954,100,100122,100,99944,100,100145,100,99936,100,100160,100,99915,100,100223,100,99911,100,100303,100,99909,100,100320,100,99907,100
2019-06-28 09:42:30.157665281,100044,324,100037,424,100060,100,100010,200,100070,100,99972,100,100101,100,99954,100,100122,100,99944,100,100160,100,99936,100,100223,100,99915,100,100303,100,99911,100,100320,100,99909,100,100441,100,99907,100
2019-06-28 09:42:33.532873847,100044,224,100037,424,100060,100,100010,200,100070,100,99972,100,100101,100,99954,100,100122,100,99944,100,100160,100,99936,100,100223,100,99915,100,100303,100,99911,100,100320,100,99909,100,100441,100,99907,100
2019-06-28 09:42:35.172426799,100044,124,100037,424,100060,100,100010,200,100070,100,99972,100,100101,100,99954,100,100122,100,99944,100,100160,100,99936,100,100223,100,99915,100,100303,100,99911,100,100320,100,99907,100,100441,100,99866,100
2019-06-28 09:42:38.355394944,100044,124,100037,424,100060,100,100010,200,100070,100,99972,100,100101,100,99954,100,100122,100,99944,100,100160,100,99936,100,100223,100,99915,100,100303,100,99911,100,100320,100,99907,100,100441,100,99866,100
2019-06-28 09:42:40.000000000,100060,165,100037,165,100070,165,100010,265,100101,165,99972,165,100122,165,99954,165,100160,165,99944,165,100223,100,99936,100,100303,100,99915,100,100320,100,99911,100,100441,100,99907,100,100623,100,99866,100
2019-06-28 09:42:44.529418322,100060,165,100037,165,100070,165,100010,265,100101,165,99972,165,100122,165,99954,165,100160,165,99944,165,100223,100,99936,100,100303,100,99915,100,100320,100,99911,100,100441,100,99907,100,100623,100,99866,100
2019-06-28 09:42:50.000000000,100060,181,100037,181,100070,181,100010,281,100101,181,99972,181,100122,181,99954,181,100160,100,99944,100,100223,100,99936,100,100303,100,99915,100,100320,100,99911,100,100441,100,99907,100,100623,100,99866,100
2019-06-28 09:43:00.000000000,100060,165,100037,165,100070,165,100010,265,100101,165,99972,165,100122,165,99954,165,100160,165,99944,165,100223,100,99936,100,100303,100,99915,100,100320,100,99911,100,100441,100,99907,100,100623,100,99866,100
2019-06-28 09:43:00.244945870,100060,65,100037,165,100070,165,100010,265,100101,165,99972,165,100122,165,99954,165,100160,165,99944,165,100223,100,99936,100,100303,100,99915,100,100320,100,99911,100,100441,100,99907,100,100623,100,99866,100
2019-06-28 09:43:10.000000000,100070,165,100037,165,100101,165,100010,265,100122,165,99972,165,100160,165,99954,165,100223,165,99944,165,100303,100,99936,100,100320,100,99915,100,100441,100,99911,100,100623,100,99907,100,100849,100,99866,100
2019-06-28 09:43:20.000000000,100070,262,100037,262,100101,262,100010,362,100122,100,99972,100,100160,100,99954,100,100223,100,99944,100,100303,100,99936,100,100320,100,99915,100,100441,100,99911,100,100623,100,99907,100,100849,100,99866,100
2019-06-28 09:43:30.000000000,100070,181,100037,181,100101,181,100010,281,100122,181,99972,181,100160,181,99954,181,100223,100,99944,100,100303,100,99936,100,100320,100,99915,100,100441,100,99911,100,100623,100,99907,100,100849,100,99866,100
2019-06-28 09:43:40.000000000,100070,262,100037,262,100101,262,100010,362,100122,100,99972,100,100160,100,99954,100,100223,100,99944,100,100303,100,99936,100,100320,100,99915,100,100441,100,99911,100,100623,100,99907,100,100849,100,99866,100
2019-06-28 09:43:50.000000000,100070,165,100037,165,100101,165,100010,265,100122,165,99972,165,100160,165,99954,165,100223,165,99944,165,100303,100,99936,100,100320,100,99915,100,100441,100,99911,100,100623,100,99907,100,100849,100,99866,100
2019-06-28 09:44:00.000000000,100070,181,100037,181,100101,181,100010,281,100122,181,99972,181,100160,181,99954,181,100223,100,99944,100,100303,100,99936,100,100320,100,99915,100,100441,100,99911,100,100623,100,99907,100,100849,100,99866,100
2019-06-28 09:44:01.950712267,100070,181,100037,181,100101,181,100010,281,100122,181,99972,181,100160,181,99954,181,100223,100,99944,100,100303,100,99936,100,100320,100,99915,100,100441,100,99911,100,100509,100,99907,100,100623,100,99866,100
2019-06-28 09:44:10.000000000,100070,181,100037,181,100101,181,100010,281,100122,181,99972,181,100160,181,99954,181,100223,100,99944,100,100303,100,99936,100,100320,100,99915,100,100441,100,99911,100,100509,100,99907,100,100623,100,99866,100
2019-06-28 09:44:20.000000000,100070,181,100037,181,100101,181,100010,281,100122,181,99972,181,100160,181,99954,181,100223,100,99944,100,100303,100,99936,100,100320,100,99915,100,100441,100,99911,100,100509,100,99907,100,100623,100,99866,100
2019-06-28 09:44:21.778974844,100070,181,100044,100,100101,181,100037,181,100122,181,100010,281,100160,181,99972,181,100223,100,99954,181,100303,100,99944,100,100320,100,99936,100,100441,100,99915,100,100509,100,99911,100,100623,100,99907,100
2019-06-28 09:44:27.526384439,100070,181,100044,100,100101,181,100037,181,100122,181,100010,281,100160,181,99972,81,100223,100,99954,181,100303,100,99944,100,100320,100,99936,100,100441,100,99915,100,100509,100,99911,100,100623,100,99907,100
2019-06-28 09:44:30.000000000,100070,210,100044,210,100101,207,100037,207,100122,207,100010,307,100160,100,99954,100,100223,100,99944,100,100303,100,99936,100,100320,100,99915,100,100441,100,99911,100,100509,100,99907,100,100623,100,99866,100
2019-06-28 09:44:40.000000000,100070,210,100044,210,100101,207,100037,207,100122,207,100010,307,100160,100,99954,100,100223,100,99944,100,100303,100,99936,100,100320,100,99915,100,100441,100,99911,100,100509,100,99907,100,100623,100,99866,100
2019-06-28 09:44:45.170190891,100070,110,100044,210,100101,207,100037,207,100122,207,100010,307,100160,100,99954,100,100223,100,99944,100,100303,100,99936,100,100320,100,99915,100,100441,100,99911,100,100509,100,99866,100,100623,100,99846,100
2019-06-28 09:44:50.000000000,100101,165,100044,165,100122,165,100037,165,100160,165,100010,265,100223,165,99954,165,100303,165,99944,165,100320,100,99936,100,100441,100,99915,100,100509,100,99911,100,100623,100,99866,100,100849,100,99846,100
2019-06-28 09:44:50.505378512,100101,165,100044,165,100122,165,100037,165,100160,165,100010,265,100223,165,99954,165,100303,165,99944,165,100320,100,99936,100,100353,100,99915,100,100441,100,99866,100,100509,100,99846,100,100623,100,99826,100
2019-06-28 09:44:59.749979654,100101,65,100044,165,100122,165,100037,165,100160,165,100010,265,100223,165,99954,165,100303,165,99944,165,100320,100,99936,100,100353,100,99915,100,100441,100,99866,100,100509,100,99846,100,100623,100,99826,100
2019-06-28 09:45:00.000000000,100122,181,100044,181,100160,181,100037,181,100223,181,100010,281,100303,181,99954,181,100320,100,99944,100,100353,100,99936,100,100441,100,99915,100,100509,100,99866,100,100623,100,99846,100,100849,100,99826,100
2019-06-28 09:45:03.526950501,100122,181,100044,181,100160,181,100037,181,100223,181,100010,281,100261,100,99954,181,100303,181,99944,100,100320,100,99936,100,100353,100,99915,100,100441,100,99866,100,100509,100,99846,100,100623,100,99826,100
2019-06-28 09:45:04.062114731,100122,181,100044,181,100160,181,100037,181,100223,181,100028,100,100261,100,100010,281,100303,181,99954,181,100320,100,99944,100,100353,100,99936,100,100441,100,99915,100,100509,100,99866,100,100623,100,99846,100
2019-06-28 09:45:04.566105595,100122,181,100060,100,100160,181,100044,181,100223,181,100037,181,100261,100,100028,100,100303,181,100010,281,100320,100,99954,181,100353,100,99944,100,100441,100,99936,100,100509,100,99915,100,100623,100,99866,100
2019-06-28 09:45:10.000000000,100122,424,100060,424,100160,100,100044,100,100223,100,100037,100,100261,100,100028,100,100303,100,100010,200,100320,100,99954,100,100353,100,99944,100,100441,100,99936,100,100509,100,99915,100,100623,100,99866,100
2019-06-28 09:45:20.000000000,100122,181,100060,181,100160,181,100044,181,100223,181,100037,181,100261,181,100028,181,100303,100,100010,200,100320,100,99954,100,100353,100,99944,100,100441,100,99936,100,100509,100,99915,100,100623,100,99866,100
2019-06-28 09:45:21.468721885,100122,181,100060,181,100160,181,100044,181,100223,181,100037,181,100261,181,100028,181,100303,100,100010,200,100320,100,99954,100,100353,100,99944,100,100407,100,99936,100,100441,100,99915,100,100509,100,99866,100
2019-06-28 09:45:22.601938338,100122,181,100060,181,100160,181,100044,181,100223,181,100037,181,100261,181,100028,181,100303,100,100010,200,100320,100,99954,100,100353,100,99944,100,100407,100,99936,100,100441,100,99915,100,100509,100,99866,100
2019-06-28 09:45:23.765379725,100122,81,100060,181,100160,181,100044,181,100223,181,100037,181,100261,81,100028,181,100303,100,100010,200,100320,100,99954,100,100353,100,99944,100,100407,100,99936,100,100441,100,99915,100,100509,100,99866,100
2019-06-28 09:45:30.000000000,100160,165,100060,165,100223,165,100044,165,100303,165,100037,165,100320,165,100028,165,100353,165,100010,265,100407,100,99954,100,100441,100,99944,100,100509,100,99936,100,100623,100,99915,100,100648,100,99866,100
2019-06-28 09:45:32.102430060,100160,65,100060,165,100223,165,100044,165,100303,165,100037,165,100320,165,100028,165,100353,165,100010,265,100407,100,99954,100,100441,100,99944,100,100509,100,99936,100,100623,100,99915,100,100648,100,99866,100
2019-06-28 09:45:40.000000000,100223,181,100060,181,100303,181,100044,181,100320,181,100037,181,100353,181,100028,181,100407,100,100010,200,100441,100,99954,100,100509,100,99944,100,100623,100,99936,100,100648,100,99915,100,100849,100,99866,100
2019-06-28 09:45:50.000000000,100223,262,100060,262,100303,262,100044,262,100320,100,100037,100,100353,100,100028,100,100407,100,100010,200,100441,100,99954,100,100509,100,99944,100,100623,100,99936,100,100648,100,99915,100,100849,100,99866,100
2019-06-28 09:46:00.000000000,100223,181,100060,181,100303,181,100044,181,100320,181,100037,181,100353,181,100028,181,100407,100,100010,200,100441,100,99954,100,100509,100,99944,100,100623,100,99936,100,100648,100,99915,100,100849,100,99866,100
2019-06-28 09:46:10.000000000,100223,181,100060,181,100303,181,100044,181,100320,181,100037,181,100353,181,100028,181,100407,100,100010,200,100441,100,99954,100,100509,100,99944,100,100623,100,99936,100,100648,100,99915,100,100849,100,99866,100
2019-06-28 09:46:18.470240798,100223,181,100122,100,100303,181,100060,181,100320,181,100044,181,100353,181,100037,181,100407,100,100028,181,100441,100,100010,200,100509,100,99954,100,100623,100,99944,100,100648,100,99936,100,100849,100,99915,100
2019-06-28 09:46:20.000000000,100223,181,100122,181,100303,181,100060,181,100320,181,100044,181,100353,181,100037,181,100407,100,100028,100,100441,100,100010,200,100509,100,99954,100,100623,100,99944,100,100648,100,99936,100,100849,100,99915,100
2019-06-28 09:46:28.067409076,100223,181,100122,181,100263,100,100060,181,100303,181,100044,181,100320,181,100037,181,100353,181,100028,100,100407,100,100010,200,100509,100,99954,100,100623,100,99944,100,100648,100,99936,100,100849,100,99915,100
2019-06-28 09:46:30.000000000,100223,210,100122,210,100263,207,100060,207,100303,207,100044,207,100320,100,100037,100,100353,100,100028,100,100407,100,100010,200,100509,100,99954,100,100623,100,99944,100,100648,100,99936,100,100849,100,99915,100
2019-06-28 09:46:40.000000000,100223,424,100122,424,100263,100,100060,100,100303,100,100044,100,100320,100,100037,100,100353,100,100028,100,100407,100,100010,200,100509,100,99954,100,100623,100,99944,100,100648,100,99936,100,100849,100,99915,100
2019-06-28 09:46:40.696676226,100223,424,100122,324,100263,100,100060,100,100303,100,100044,100,100320,100,100037,100,100353,100,100028,100,100407,100,100010,200,100509,100,99954,100,100623,100,99936,100,100648,100,99915,100,100849,100,99866,100
2019-06-28 09:46:43.849297361,100223,424,100122,324,100263,100,100060,100,100303,100,100044,100,100320,100,100037,100,100353,100,100028,100,100407,100,100010,200,100509,100,99954,100,100623,100,99915,100,100648,100,99875,100,100849,100,99866,100
2019-06-28 09:46:44.126587663,100223,424,100122,324,100263,100,100060,100,100303,100,100037,100,100320,100,100028,100,100353,100,100010,200,100407,100,99954,100,100509,100,99915,100,100623,100,99875,100,100648,100,99866,100,100849,100,99846,100
2019-06-28 09:46:48.325403375,100223,424,100122,324,100263,100,100060,100,100303,100,100037,100,100320,100,100028,100,100353,100,100010,200,100407,100,99954,100,100509,100,99921,100,100623,100,99915,100,100648,100,99875,100,100849,100,99866,100
2019-06-28 09:46:49.567833868,100223,424,100123,100,100263,100,100122,324,100303,100,100060,100,100320,100,100037,100,100353,100,100028,100,100407,100,100010,200,100509,100,99954,100,100623,100,99921,100,100648,100,99915,100,100849,100,99875,100
2019-06-28 09:46:50.000000000,100223,262,100123,262,100263,262,100060,262,100303,100,100037,100,100320,100,100028,100,100353,100,100010,200,100407,100,99954,100,100509,100,99921,100,100623,100,99915,100,100648,100,99875,100,100849,100,99866,100
2019-06-28 09:47:00.000000000,100223,210,100123,210,100263,207,100060,207,100303,207,100037,207,100320,100,100028,100,100353,100,100010,200,100407,100,99954,100,100509,100,99921,100,100623,100,99915,100,100648,100,99875,100,100849,100,99866,100
2019-06-28 09:47:01.655220918,100159,100,100123,210,100223,210,100060,207,100263,207,100037,207,100303,207,100028,100,100320,100,100010,200,100353,100,99954,100,100407,100,99921,100,100509,100,99915,100,100623,100,99875,100,100648,100,99866,100
2019-06-28 09:47:02.010265012,100159,100,100123,210,100223,210,100060,207,100244,100,100037,207,100263,207,100028,100,100303,207,100010,200,100320,100,99954,100,100353,100,99921,100,100407,100,99915,100,100509,100,99875,100,100648,100,99866,100
2019-06-28 09:47:07.347153565,100159,100,100123,210,100223,210,100060,207,100244,100,100037,207,100263,207,100028,100,100303,207,100010,200,100320,100,99954,100,100353,100,99921,100,100407,100,99915,100,100433,100,99875,100,100509,100,99866,100
2019-06-28 09:47:10.000000000,100159,424,100123,424,100223,100,100060,100,100244,100,100037,100,100263,100,100028,100,100303,100,100010,200,100320,100,99954,100,100353,100,99921,100,100407,100,99915,100,100433,100,99875,100,100509,100,99866,100
2019-06-28 09:47:11.146254244,100159,424,100123,424,100223,100,100060,100,100244,100,100037,100,100263,100,100028,100,100303,100,100010,200,100320,100,99954,100,100353,100,99921,100,100407,100,99915,100,100433,100,99875,100,100509,100,99866,100
2019-06-28 09:47:13.314144321,100159,424,100123,424,100223,100,100060,100,100244,100,100037,100,100263,100,100028,100,100303,100,100010,200,100320,100,99954,100,100353,100,99929,100,100407,100,99921,100,100433,100,99915,100,100509,100,99875,100
2019-06-28 09:47:15.844774367,100159,424,100123,424,100180,100,100060,100,100223,100,100037,100,100244,100,100028,100,100263,100,100010,200,100303,100,99954,100,100320,100,99921,100,100353,100,99915,100,100407,100,99875,100,100433,100,99866,100
2019-06-28 09:47:20.000000000,100159,165,100123,165,100180,165,100060,165,100223,165,100037,165,100244,165,100028,165,100263,165,100010,265,100303,100,99954,100,100320,100,99921,100,100353,100,99915,100,100407,100,99875,100,100433,100,99866,100
2019-06-28 09:47:20.286281403,100159,165,100123,165,100180,165,100060,165,100223,165,100037,165,100244,165,100028,165,100263,165,100010,265,100303,100,99954,100,100320,100,99921,100,100353,100,99915,100,100379,100,99875,100,100407,100,99866,100
2019-06-28 09:47:22.871913779,100159,165,100123,65,100180,165,100060,165,100223,165,100037,165,100244,165,100028,165,100263,165,100010,265,100303,100,99954,100,100353,100,99921,100,100379,100,99915,100,100407,100,99875,100,100433,100,99866,100
2019-06-28 09:47:24.982220063,100123,35,100060,165,100159,165,100037,165,100180,165,100028,165,100223,165,100010,265,100244,165,99954,100,100263,165,99921,100,100303,100,99915,100,100353,100,99875,100,100379,100,99866,100,100407,100,99860,100
2019-06-28 09:47:30.000000000,100123,100,100060,165,100159,165,100037,165,100180,165,100028,165,100223,165,100010,265,100244,165,99954,165,100263,100,99921,100,100303,100,99915,100,100353,100,99875,100,100379,100,99866,100,100407,100,99860,100
2019-06-28 09:47:30.813448804,100123,100,100060,165,100159,165,100037,165,100180,165,100028,165,100223,165,100013,100,100244,165,100010,265,100263,100,99954,165,100303,100,99921,100,100353,100,99915,100,100379,100,99875,100,100407,100,99866,100
2019-06-28 09:47:40.000000000,100123,100,100060,165,100159,165,100037,165,100180,165,100028,165,100223,165,100013,165,100244,165,100010,265,100263,100,99954,100,100303,100,99921,100,100353,100,99915,100,100379,100,99875,100,100407,100,99866,100
2019-06-28 09:47:50.000000000,100123,359,100060,424,100159,100,100037,100,100180,100,100028,100,100223,100,100013,100,100244,100,100010,200,100263,100,99954,100,100303,100,99921,100,100353,100,99915,100,100379,100,99875,100,100407,100,99866,100
2019-06-28 09:47:58.709960061,100123,259,100060,424,100159,100,100037,100,100180,100,100028,100,100223,100,100013,100,100244,100,100010,200,100263,100,99954,100,100303,100,99921,100,100353,100,99915,100,100379,100,99875,100,100407,100,99866,100
2019-06-28 09:48:00.000000000,100159,424,100060,424,100180,100,100037,100,100223,100,100028,100,100244,100,100013,100,100263,100,100010,200,100303,100,99954,100,100353,100,99921,100,100379,100,99915,100,100407,100,99875,100,100509,100,99866,100
2019-06-28 09:48:01.883348497,100159,424,100060,424,100180,100,100037,100,100223,100,100028,100,100244,100,100013,100,100263,100,100010,200,100303,100,99954,100,100353,100,99921,100,100379,100,99915,100,100407,100,99875,100,100489,100,99866,100
2019-06-28 09:48:10.000000000,100159,262,100060,262,100180,262,100037,262,100223,100,100028,100,100244,100,100013,100,100263,100,100010,200,100303,100,99954,100,100353,100,99921,100,100379,100,99915,100,100407,100,99875,100,100489,100,99866,100
2019-06-28 09:48:20.000000000,100159,165,100060,165,100180,165,100037,165,100223,165,100028,165,100244,165,100013,165,100263,165,100010,265,100303,100,99954,100,100353,100,99921,100,100379,100,99915,100,100407,100,99875,100,100489,100,99866,100
2019-06-28 09:48:30.000000000,100159,181,100060,181,100180,181,100037,181,100223,181,100028,181,100244,181,100013,181,100263,100,100010,200,100303,100,99954,100,100353,100,99921,100,100379,100,99915,100,100407,100,99875,100,100489,100,99866,100
2019-06-28 09:48:40.000000000,100159,181,100060,181,100180,181,100037,181,100223,181,100028,181,100244,181,100013,181,100263,100,100010,200,100303,100,99954,100,100353,100,99921,100,100379,100,99915,100,100407,100,99875,100,100489,100,99866,100
2019-06-28 09:48:49.815488869,100159,181,100129,100,100180,181,100060,181,100223,181,100037,181,100244,181,100028,181,100263,100,100013,181,100303,100,100010,200,100353,100,99954,100,100379,100,99921,100,100407,100,99915,100,100489,100,99875,100
2019-06-28 09:48:50.000000000,100159,181,100129,181,100180,181,100060,181,100223,181,100037,181,100244,181,100028,181,100263,100,100013,100,100303,100,100010,200,100353,100,99954,100,100379,100,99921,100,100407,100,99915,100,100489,100,99875,100
2019-06-28 09:49:00.000000000,100159,181,100129,181,100180,181,100060,181,100223,181,100037,181,100244,181,100028,181,100263,100,100013,100,100303,100,100010,200,100353,100,99954,100,100379,100,99921,100,100407,100,99915,100,100489,100,99875,100
2019-06-28 09:49:10.000000000,100159,181,100129,181,100180,181,100060,181,100223,181,100037,181,100244,181,100028,181,100263,100,100013,100,100303,100,100010,200,100353,100,99954,100,100379,100,99921,100,100407,100,99915,100,100489,100,99875,100
2019-06-28 09:49:13.331649554,100159,181,100129,181,100180,181,100060,181,100223,181,100037,181,100244,181,100028,181,100263,100,100013,100,100303,100,100010,200,100353,100,99954,100,100379,100,99921,100,100407,100,99915,100,100489,100,99875,100
2019-06-28 09:49:20.000000000,100159,424,100129,424,100180,100,100060,100,100223,100,100037,100,100244,100,100028,100,100263,100,100013,100,100303,100,100010,200,100353,100,99954,100,100379,100,99921,100,100407,100,99915,100,100489,100,99875,100
2019-06-28 09:49:30.000000000,100159,165,100129,165,100180,165,100060,165,100223,165,100037,165,100244,165,100028,165,100263,165,100013,165,100303,100,100010,200,100353,100,99954,100,100379,100,99921,100,100407,100,99915,100,100489,100,99875,100
2019-06-28 09:49:36.845860122,100159,165,100129,65,100180,165,100060,165,100223,165,100037,165,100244,165,100028,165,100263,165,100013,165,100303,100,100010,100,100353,100,99954,100,100379,100,99921,100,100407,100,99915,100,100489,100,99875,100
2019-06-28 09:49:37.954608462,100159,165,100129,65,100180,165,100060,165,100223,165,100037,165,100244,165,100028,165,100263,165,100013,165,100303,100,100010,100,100353,100,99954,100,100379,100,99921,100,100407,100,99915,100,100489,100,99875,100
2019-06-28 09:49:40.000000000,100159,181,100060,181,100180,181,100037,181,100223,181,100028,181,100244,181,100013,181,100263,100,100010,100,100303,100,99954,100,100353,100,99921,100,100379,100,99915,100,100407,100,99875,100,100489,100,99860,100
2019-06-28 09:49:49.907799396,100159,181,100073,100,100180,181,100060,181,100223,181,100037,181,100244,181,100028,181,100263,100,100013,181,100353,100,100010,100,100379,100,99954,100,100407,100,99921,100,100489,100,99915,100,100648,100,99875,100
2019-06-28 09:49:50.000000000,100159,210,100073,210,100180,207,100060,207,100223,207,100037,207,100244,100,100028,100,100263,100,100013,100,100353,100,100010,100,100379,100,99954,100,100407,100,99921,100,100489,100,99915,100,100648,100,99875,100
2019-06-28 09:50:00.000000000,100159,262,100073,262,100180,262,100060,262,100223,100,100037,100,100244,100,100028,100,100263,100,100013,100,100353,100,100010,100,100379,100,99954,100,100407,100,99921,100,100489,100,99915,100,100648,100,99875,100
2019-06-28 09:50:02.155638532,100159,262,100102,100,100180,262,100073,262,100223,100,100060,262,100244,100,100037,100,100263,100,100028,100,100353,100,100013,100,100379,100,100010,100,100407,100,99954,100,100489,100,99921,100,100648,100,99915,100
2019-06-28 09:50:10.000000000,100159,424,100102,424,100180,100,100073,100,100223,100,100060,100,100244,100,100037,100,100263,100,100028,100,100353,100,100013,100,100379,100,100010,100,100407,100,99954,100,100489,100,99921,100,100648,100,99915,100
2019-06-28 09:50:20.000000000,100159,210,100102,210,100180,207,100073,207,100223,207,100060,207,100244,100,100037,100,100263,100,100028,100,100353,100,100013,100,100379,100,100010,100,100407,100,99954,100,100489,100,99921,100,100648,100,99915,100
2019-06-28 09:50:24.153794002,100159,210,100102,210,100180,107,100073,207,100223,207,100060,207,100244,100,100037,100,100263,100,100028,100,100353,100,100013,100,100379,100,100010,100,100407,100,99954,100,100489,100,99953,100,100648,100,99921,100
2019-06-28 09:50:28.941579828,100122,100,100102,210,100159,110,100073,207,100180,107,100060,207,100223,207,100037,100,100244,100,100028,100,100263,100,100013,100,100353,100,100010,100,100379,100,99954,100,100407,100,99953,100,100489,100,99921,100
2019-06-28 09:50:30.000000000,100122,181,100102,181,100223,181,100073,181,100244,181,100060,181,100263,181,100037,181,100353,100,100028,100,100379,100,100013,100,100407,100,100010,100,100489,100,99954,100,100648,100,99953,100,100849,100,99921,100
2019-06-28 09:50:40.000000000,100122,424,100102,424,100223,100,100073,100,100244,100,100060,100,100263,100,100037,100,100353,100,100028,100,100379,100,100013,100,100407,100,100010,100,100489,100,99954,100,100648,100,99953,100,100849,100,99921,100
2019-06-28 09:50:50.000000000,100122,262,100102,262,100223,262,100073,262,100244,100,100060,100,100263,100,100037,100,100353,100,100028,100,100379,100,100013,100,100407,100,100010,100,100489,100,99954,100,100648,100,99953,100,100849,100,99921,100
2019-06-28 09:50:53.545133471,100122,262,100102,262,100123,100,100073,262,100223,262,100060,100,100244,100,100037,100,100263,100,100028,100,100353,100,100013,100,100379,100,100010,100,100407,100,99954,100,100489,100,99953,100,100648,100,99921,100
2019-06-28 09:50:56.783863542,100122,162,100102,262,100123,100,100073,262,100223,262,100060,100,100244,100,100037,100,100263,100,100028,100,100353,100,100013,100,100379,100,100010,100,100407,100,99954,100,100489,100,99953,100,100648,100,99921,100
2019-06-28 09:51:00.000000000,100123,181,100102,181,100223,181,100073,181,100244,181,100060,181,100263,181,100037,181,100353,100,100028,100,100379,100,100013,100,100407,100,100010,100,100489,100,99954,100,100648,100,99953,100,100849,100,99921,100
2019-06-28 09:51:03.021299878,100123,181,100102,181,100223,181,100100,100,100244,181,100073,181,100263,181,100060,181,100353,100,100037,181,100379,100,100028,100,100407,100,100013,100,100489,100,100010,100,100648,100,99954,100,100849,100,99953,100
2019-06-28 09:51:10.000000000,100123,165,100102,165,100223,165,100100,165,100244,165,100073,165,100263,165,100060,165,100353,165,100037,165,100379,100,100028,100,100407,100,100013,100,100489,100,100010,100,100648,100,99954,100,100849,100,99953,100
2019-06-28 09:51:13.976333349,100107,100,100102,165,100123,165,100100,165,100223,165,100073,165,100244,165,100060,165,100263,165,100037,165,100353,165,100028,100,100379,100,100013,100,100407,100,100010,100,100489,100,99954,100,100648,100,99953,100
2019-06-28 09:51:14.506296086,100107,100,100102,165,100123,165,100100,165,100223,165,100073,165,100244,165,100060,165,100258,100,100037,165,100263,165,100028,100,100353,165,100013,100,100379,100,100010,100,100407,100,99954,100,100489,100,99953,100
2019-06-28 09:51:20.000000000,100107,210,100102,210,100123,207,100100,207,100223,207,100073,207,100244,100,100060,100,100258,100,100037,100,100263,100,100028,100,100353,100,100013,100,100379,100,100010,100,100407,100,99954,100,100489,100,99953,100
2019-06-28 09:51:30.000000000,100107,210,100102,210,100123,207,100100,207,100223,207,100073,207,100244,100,100060,100,100258,100,100037,100,100263,100,100028,100,100353,100,100013,100,100379,100,100010,100,100407,100,99954,100,100489,100,99953,100
2019-06-28 09:51:30.354277339,100107,110,100102,210,100123,207,100100,207,100223,207,100073,207,100244,100,100060,100,100258,100,100037,100,100263,100,100028,100,100353,100,100013,100,100379,100,100010,100,100407,100,99954,100,100489,100,99953,100
2019-06-28 09:51:40.000000000,100123,424,100102,424,100223,100,100100,100,100244,100,100073,100,100258,100,100060,100,100263,100,100037,100,100353,100,100028,100,100379,100,100013,100,100407,100,100010,100,100489,100,99954,100,100648,100,99953,100
2019-06-28 09:51:42.388877177,100123,324,100102,424,100223,100,100100,100,100244,100,100073,100,100258,100,100060,100,100263,100,100037,100,100353,100,100028,100,100379,100,100013,100,100407,100,100010,100,100489,100,99954,100,100648,100,99953,100
2019-06-28 09:51:42.675845514,100123,224,100102,424,100223,100,100100,100,100244,100,100073,100,100258,100,100060,100,100263,100,100037,100,100353,100,100028,100,100379,100,100013,100,100407,100,100010,100,100489,100,99954,100,100648,100,99953,100
2019-06-28 09:51:50.000000000,100223,165,100102,165,100244,165,100100,165,100258,165,100073,165,100263,165,100060,165,100353,165,100037,165,100379,100,100028,100,100407,100,100013,100,100489,100,100010,100,100648,100,99954,100,100849,100,99953,100
2019-06-28 09:51:59.075961031,100223,165,100102,165,100244,165,100100,165,100258,165,100073,165,100263,165,100060,165,100353,265,100037,165,100379,100,100028,100,100407,100,100013,100,100489,100,100010,100,100648,100,99954,100,100849,100,99953,100
2019-06-28 09:52:00.000000000,100223,424,100102,424,100244,100,100100,100,100258,100,100073,100,100263,100,100060,100,100353,200,100037,100,100379,100,100028,100,100407,100,100013,100,100489,100,100010,100,100648,100,99954,100,100849,100,99953,100
2019-06-28 09:52:10.000000000,100223,262,100102,262,100244,262,100100,262,100258,100,100073,100,100263,100,100060,100,100353,200,100037,100,100379,100,100028,100,100407,100,100013,100,100489,100,100010,100,100648,100,99954,100,100849,100,99953,100
2019-06-28 09:52:20.000000000,100223,165,100102,165,100244,165,100100,165,100258,165,100073,165,100263,165,100060,165,100353,265,100037,165,100379,100,100028,100,100407,100,100013,100,100489,100,100010,100,100648,100,99954,100,100849,100,99953,100
2019-06-28 09:52:24.044856450,100223,165,100102,165,100244,165,100100,165,100258,165,100073,165,100263,165,100060,165,100353,265,100037,165,100379,100,100028,100,100407,100,100013,100,100489,100,100010,100,100648,100,99954,100,100849,100,99953,100
2019-06-28 09:52:30.000000000,100223,165,100102,165,100244,165,100100,165,100258,165,100073,165,100263,165,100060,165,100353,265,100037,165,100379,100,100028,100,100407,100,100013,100,100489,100,100010,100,100648,100,99954,100,100849,100,99953,100
2019-06-28 09:52:40.000000000,100223,262,100102,262,100244,262,100100,262,100258,100,100073,100,100263,100,100060,100,100353,200,100037,100,100379,100,100028,100,100407,100,100013,100,100489,100,100010,100,100648,100,99954,100,100849,100,99953,100
2019-06-28 09:52:45.774179264,100223,262,100102,262,100244,262,100100,262,100258,100,100073,100,100263,100,100037,100,100353,200,100028,100,100379,100,100013,100,100407,100,100010,100,100489,100,99954,100,100648,100,99953,100,100849,100,99921,100
2019-06-28 09:52:50.000000000,100223,181,100102,181,100244,181,100100,181,100258,181,100073,181,100263,181,100037,181,100353,200,100028,100,100379,100,100013,100,100407,100,100010,100,100489,100,99954,100,100648,100,99953,100,100849,100,99921,100
2019-06-28 09:52:57.089154941,100223,181,100102,181,100244,181,100100,181,100258,181,100073,181,100263,181,100037,181,100353,200,100028,100,100379,100,100010,100,100407,100,99954,100,100489,100,99953,100,100648,100,99921,100,100849,100,99915,100
2019-06-28 09:53:00.000000000,100223,181,100102,181,100244,181,100100,181,100258,181,100073,181,100263,181,100037,181,100353,200,100028,100,100379,100,100010,100,100407,100,99954,100,100489,100,99953,100,100648,100,99921,100,100849,100,99915,100
2019-06-28 09:53:10.000000000,100223,181,100102,181,100244,181,100100,181,100258,181,100073,181,100263,181,100037,181,100353,200,100028,100,100379,100,100010,100,100407,100,99954,100,100489,100,99953,100,100648,100,99921,100,100849,100,99915,100
2019-06-28 09:53:20.000000000,100223,424,100102,424,100244,100,100100,100,100258,100,100073,100,100263,100,100037,100,100353,200,100028,100,100379,100,100010,100,100407,100,99954,100,100489,100,99953,100,100648,100,99921,100,100849,100,99915,100
2019-06-28 09:53:21.403880423,100223,424,100102,324,100244,100,100100,100,100258,100,100073,100,100263,100,100037,100,100353,200,100028,100,100379,100,100010,100,100407,100,99954,100,100489,100,99953,100,100648,100,99921,100,100849,100,99915,100
2019-06-28 09:53:30.000000000,100223,181,100100,181,100244,181,100073,181,100258,181,100037,181,100263,181,100028,181,100353,200,100010,100,100379,100,99954,100,100407,100,99953,100,100489,100,99921,100,100648,100,99915,100,100849,100,99875,100
2019-06-28 09:53:40.000000000,100223,210,100100,210,100244,207,100073,207,100258,207,100037,207,100263,100,100028,100,100353,200,100010,100,100379,100,99954,100,100407,100,99953,100,100489,100,99921,100,100648,100,99915,100,100849,100,99875,100
2019-06-28 09:53:50.000000000,100223,210,100100,210,100244,207,100073,207,100258,207,100037,207,100263,100,100028,100,100353,200,100010,100,100379,100,99954,100,100407,100,99953,100,100489,100,99921,100,100648,100,99915,100,100849,100,99875,100
2019-06-28 09:54:00.000000000,100223,181,100100,181,100244,181,100073,181,100258,181,100037,181,100263,181,100028,181,100353,200,100010,100,100379,100,99954,100,100407,100,99953,100,100489,100,99921,100,100648,100,99915,100,100849,100,99875,100
2019-06-28 09:54:10.000000000,100223,181,100100,181,100244,181,100073,181,100258,181,100037,181,100263,181,100028,181,100353,200,100010,100,100379,100,99954,100,100407,100,99953,100,100489,100,99921,100,100648,100,99915,100,100849,100,99875,100
2019-06-28 09:54:20.000000000,100223,424,100100,424,100244,100,100073,100,100258,100,100037,100,100263,100,100028,100,100353,200,100010,100,100379,100,99954,100,100407,100,99953,100,100489,100,99921,100,100648,100,99915,100,100849,100,99875,100
2019-06-28 09:54:20.606707639,100123,100,100100,424,100223,424,100073,100,100244,100,100037,100,100258,100,100028,100,100263,100,100010,100,100353,200,99954,100,100379,100,99953,100,100407,100,99921,100,100489,100,99915,100,100648,100,99875,100
2019-06-28 09:54:24.240658297,100123,200,100100,424,100223,424,100073,100,100244,100,100037,100,100258,100,100028,100,100263,100,99954,100,100353,200,99953,100,100379,100,99921,100,100407,100,99915,100,100489,100,99875,100,100648,100,99860,100
2019-06-28 09:54:27.676148215,100123,200,100100,324,100223,424,100073,100,100244,100,100037,100,100258,100,100028,100,100263,100,99954,100,100353,200,99953,100,100379,100,99921,100,100407,100,99915,100,100489,100,99875,100,100648,100,99860,100
2019-06-28 09:54:30.000000000,100123,310,100073,210,100223,207,100037,207,100244,207,100028,207,100258,100,99954,100,100263,100,99953,100,100353,200,99921,100,100379,100,99915,100,100407,100,99875,100,100489,100,99860,100,100648,100,99834,100
2019-06-28 09:54:32.662247076,100123,310,100073,210,100223,207,100037,207,100244,207,100028,207,100258,100,99954,100,100263,100,99953,100,100353,200,99921,100,100379,100,99915,100,100407,100,99875,100,100489,100,99860,100,100648,100,99834,100
2019-06-28 09:54:40.000000000,100123,362,100073,262,100223,262,100037,262,100244,100,100028,100,100258,100,99954,100,100263,100,99953,100,100353,200,99921,100,100379,100,99915,100,100407,100,99875,100,100489,100,99860,100,100648,100,99834,100
2019-06-28 09:54:50.000000000,100123,524,100073,424,100223,100,100037,100,100244,100,100028,100,100258,100,99954,100,100263,100,99953,100,100353,200,99921,100,100379,100,99915,100,100407,100,99875,100,100489,100,99860,100,100648,100,99834,100
2019-06-28 09:55:00.000000000,100123,310,100073,210,100223,207,100037,207,100244,207,100028,207,100258,100,99954,100,100263,100,99953,100,100353,200,99921,100,100379,100,99915,100,100407,100,99875,100,100489,100,99860,100,100648,100,99834,100
2019-06-28 09:55:10.000000000,100123,362,100073,262,100223,262,100037,262,100244,100,100028,100,100258,100,99954,100,100263,100,99953,100,100353,200,99921,100,100379,100,99915,100,100407,100,99875,100,100489,100,99860,100,100648,100,99834,100
2019-06-28 09:55:20.000000000,100123,362,100073,262,100223,262,100037,262,100244,100,100028,100,100258,100,99954,100,100263,100,99953,100,100353,200,99921,100,100379,100,99915,100,100407,100,99875,100,100489,100,99860,100,100648,100,99834,100
2019-06-28 09:55:28.410535264,100123,362,100073,162,100223,262,100037,262,100244,100,100028,100,100258,100,99954,100,100263,100,99953,100,100353,100,99921,100,100379,100,99915,100,100407,100,99875,100,100489,100,99860,100,100648,100,99834,100
2019-06-28 09:55:29.586598242,100123,362,100073,62,100223,262,100037,262,100244,100,100028,100,100258,100,99954,100,100263,100,99953,100,100353,100,99921,100,100379,100,99915,100,100407,100,99875,100,100489,100,99860,100,100648,100,99834,100
2019-06-28 09:55:30.000000000,100123,281,100037,181,100223,181,100028,181,100244,181,99954,181,100258,181,99953,181,100263,100,99921,100,100353,100,99915,100,100379,100,99875,100,100407,100,99860,100,100489,100,99834,100,100648,100,99826,100
2019-06-28 09:55:40.000000000,100123,265,100037,165,100223,165,100028,165,100244,165,99954,165,100258,165,99953,165,100263,165,99921,165,100353,100,99915,100,100379,100,99875,100,100407,100,99860,100,100489,100,99834,100,100648,100,99826,100
2019-06-28 09:55:50.000000000,100123,265,100037,165,100223,165,100028,165,100244,165,99954,165,100258,165,99953,165,100263,165,99921,165,100353,100,99915,100,100379,100,99875,100,100407,100,99860,100,100489,100,99834,100,100648,100,99826,100
2019-06-28 09:56:00.000000000,100123,524,100037,424,100223,100,100028,100,100244,100,99954,100,100258,100,99953,100,100263,100,99921,100,100353,100,99915,100,100379,100,99875,100,100407,100,99860,100,100489,100,99834,100,100648,100,99826,100
2019-06-28 09:56:03.508086176,100123,524,100037,324,100223,100,100028,100,100244,100,99954,100,100258,100,99953,100,100263,100,99921,100,100353,100,99915,100,100379,100,99875,100,100407,100,99860,100,100489,100,99834,100,100648,100,99826,100
2019-06-28 09:56:10.000000000,100123,524,100028,424,100223,100,99954,100,100244,100,99953,100,100258,100,99921,100,100263,100,99915,100,100353,100,99875,100,100379,100,99860,100,100407,100,99834,100,100489,100,99826,100,100648,100,99719,100
2019-06-28 09:56:20.000000000,100123,362,100028,262,100223,262,99954,262,100244,100,99953,100,100258,100,99921,100,100263,100,99915,100,100353,100,99875,100,100379,100,99860,100,100407,100,99834,100,100489,100,99826,100,100648,100,99719,100
2019-06-28 09:56:29.328185437,100123,362,100028,262,100223,262,99954,262,100244,100,99953,100,100258,100,99921,100,100263,100,99915,100,100353,100,99901,100,100379,100,99875,100,100407,100,99860,100,100489,100,99834,100,100648,100,99826,100
2019-06-28 09:56:30.000000000,100123,265,100028,165,100223,165,99954,165,100244,165,99953,165,100258,165,99921,165,100263,165,99915,165,100353,100,99901,100,100379,100,99875,100,100407,100,99860,100,100489,100,99834,100,100648,100,99826,100
2019-06-28 09:56:40.000000000,100123,310,100028,210,100223,207,99954,207,100244,207,99953,207,100258,100,99921,100,100263,100,99915,100,100353,100,99901,100,100379,100,99875,100,100407,100,99860,100,100489,100,99834,100,100648,100,99826,100
2019-06-28 09:56:44.916397913,100073,100,100028,210,100123,310,99954,207,100223,207,99953,207,100244,207,99921,100,100258,100,99915,100,100263,100,99901,100,100353,100,99875,100,100379,100,99860,100,100407,100,99834,100,100489,100,99826,100
2019-06-28 09:56:50.000000000,100073,210,100028,210,100123,307,99954,207,100223,207,99953,207,100244,100,99921,100,100258,100,99915,100,100263,100,99901,100,100353,100,99875,100,100379,100,99860,100,100407,100,99834,100,100489,100,99826,100
2019-06-28 09:57:00.000000000,100073,262,100028,262,100123,362,99954,262,100223,100,99953,100,100244,100,99921,100,100258,100,99915,100,100263,100,99901,100,100353,100,99875,100,100379,100,99860,100,100407,100,99834,100,100489,100,99826,100
2019-06-28 09:57:10.000000000,100073,262,100028,262,100123,362,99954,262,100223,100,99953,100,100244,100,99921,100,100258,100,99915,100,100263,100,99901,100,100353,100,99875,100,100379,100,99860,100,100407,100,99834,100,100489,100,99826,100
2019-06-28 09:57:14.835341443,100073,262,100028,162,100123,362,99954,262,100223,100,99953,100,100244,100,99921,100,100258,100,99915,100,100263,100,99901,100,100353,100,99875,100,100379,100,99860,100,100407,100,99834,100,100489,100,99826,100
2019-06-28 09:57:15.166908066,100073,262,100028,162,100123,362,99954,262,100223,100,99953,100,100244,100,99921,100,100258,100,99915,100,100263,100,99901,100,100353,100,99875,100,100379,100,99867,100,100407,100,99860,100,100489,100,99834,100
2019-06-28 09:57:18.754256734,100073,262,100028,162,100101,100,99954,262,100123,362,99953,100,100223,100,99921,100,100244,100,99915,100,100258,100,99901,100,100263,100,99875,100,100353,100,99867,100,100379,100,99860,100,100407,100,99834,100
2019-06-28 09:57:20.000000000,100073,181,99954,181,100101,181,99953,181,100123,281,99921,181,100223,181,99915,181,100244,100,99901,100,100258,100,99875,100,100263,100,99867,100,100353,100,99860,100,100379,100,99834,100,100407,100,99826,100
2019-06-28 09:57:30.000000000,100073,181,99954,181,100101,181,99953,181,100123,281,99921,181,100223,181,99915,181,100244,100,99901,100,100258,100,99875,100,100263,100,99867,100,100353,100,99860,100,100379,100,99834,100,100407,100,99826,100
2019-06-28 09:57:40.000000000,100073,181,99954,181,100101,181,99953,181,100123,281,99921,181,100223,181,99915,181,100244,100,99901,100,100258,100,99875,100,100263,100,99867,100,100353,100,99860,100,100379,100,99834,100,100407,100,99826,100
2019-06-28 09:57:43.611877685,100073,181,99954,81,100101,181,99953,181,100123,281,99921,181,100223,181,99915,181,100244,100,99901,100,100258,100,99875,100,100263,100,99867,100,100353,100,99860,100,100379,100,99834,100,100407,100,99719,100
2019-06-28 09:57:50.000000000,100073,262,99953,262,100101,262,99921,262,100123,200,99915,100,100223,100,99901,100,100244,100,99875,100,100258,100,99867,100,100263,100,99860,100,100353,100,99834,100,100379,100,99719,100,100407,100,99684,100
2019-06-28 09:58:00.000000000,100073,181,99953,181,100101,181,99921,181,100123,281,99915,181,100223,181,99901,181,100244,100,99875,100,100258,100,99867,100,100263,100,99860,100,100353,100,99834,100,100379,100,99719,100,100407,100,99684,100
2019-06-28 09:58:03.837406323,100073,181,99953,81,100101,181,99921,181,100123,281,99915,181,100223,181,99901,181,100244,100,99875,100,100258,100,99867,100,100263,100,99860,100,100353,100,99834,100,100379,100,99719,100,100407,100,99684,100
2019-06-28 09:58:06.807921772,100073,181,99953,81,100101,81,99921,181,100123,281,99915,181,100223,181,99901,181,100244,100,99875,100,100258,100,99867,100,100263,100,99860,100,100353,100,99834,100,100379,100,99719,100,100407,100,99684,100
2019-06-28 09:58:10.000000000,100073,424,99921,424,100123,200,99915,100,100223,100,99901,100,100244,100,99875,100,100258,100,99867,100,100263,100,99860,100,100353,100,99834,100,100379,100,99719,100,100407,100,99684,100,100489,100,99549,100
2019-06-28 09:58:11.887098549,100073,424,99921,324,100123,200,99915,100,100223,100,99901,100,100244,100,99875,100,100258,100,99867,100,100263,100,99860,100,100353,100,99834,100,100379,100,99719,100,100407,100,99684,100,100489,100,99549,100
2019-06-28 09:58:20.000000000,100073,181,99915,181,100123,281,99901,181,100223,181,99875,181,100244,181,99867,181,100258,100,99860,100,100263,100,99834,100,100353,100,99719,100,100379,100,99684,100,100407,100,99549,100,100489,100,99276,100
2019-06-28 09:58:30.000000000,100073,181,99915,181,100123,281,99901,181,100223,181,99875,181,100244,181,99867,181,100258,100,99860,100,100263,100,99834,100,100353,100,99719,100,100379,100,99684,100,100407,100,99549,100,100489,100,99276,100
2019-06-28 09:58:40.000000000,100073,424,99915,424,100123,200,99901,100,100223,100,99875,100,100244,100,99867,100,100258,100,99860,100,100263,100,99834,100,100353,100,99719,100,100379,100,99684,100,100407,100,99549,100,100489,100,99276,100
2019-06-28 09:58:50.000000000,100073,181,99915,181,100123,281,99901,181,100223,181,99875,181,100244,181,99867,181,100258,100,99860,100,100263,100,99834,100,100353,100,99719,100,100379,100,99684,100,100407,100,99549,100,100489,100,99276,100
2019-06-28 09:58:52.485671020,100073,81,99915,181,100123,281,99901,181,100223,181,99875,181,100244,181,99867,181,100258,100,99860,100,100263,100,99834,100,100353,100,99719,100,100379,100,99684,100,100407,100,99549,100,100489,100,99276,100
2019-06-28 09:59:00.000000000,100123,265,99915,165,100223,165,99901,165,100244,165,99875,165,100258,165,99867,165,100263,165,99860,165,100353,100,99834,100,100379,100,99719,100,100407,100,99684,100,100489,100,99549,100,100849,100,99276,100
2019-06-28 09:59:10.000000000,100123,362,99915,262,100223,262,99901,262,100244,100,99875,100,100258,100,99867,100,100263,100,99860,100,100353,100,99834,100,100379,100,99719,100,100407,100,99684,100,100489,100,99549,100,100849,100,99276,100
2019-06-28 09:59:10.209313081,100123,362,99915,262,100223,262,99901,262,100244,100,99875,100,100258,100,99867,100,100263,100,99860,100,100353,100,99834,100,100379,100,99719,100,100407,100,99684,100,100489,100,99549,100,100849,100,99276,100
2019-06-28 09:59:11.496355628,100123,362,99915,162,100223,262,99901,262,100244,100,99875,100,100258,100,99867,100,100263,100,99860,100,100353,100,99834,100,100379,100,99719,100,100407,100,99684,100,100489,100,99549,100,100849,100,99276,100
2019-06-28 09:59:20.000000000,100123,310,99901,210,100223,207,99875,207,100244,207,99867,207,100258,100,99860,100,100263,100,99834,100,100353,100,99719,100,100379,100,99684,100,100407,100,99549,100,100489,100,99276,100,100849,100,99231,100
2019-06-28 09:59:30.000000000,100123,281,99901,181,100223,181,99875,181,100244,181,99867,181,100258,181,99860,181,100263,100,99834,100,100353,100,99719,100,100379,100,99684,100,100407,100,99549,100,100489,100,99276,100,100849,100,99231,100
2019-06-28 09:59:40.000000000,100123,265,99901,165,100223,165,99875,165,100244,165,99867,165,100258,165,99860,165,100263,165,99834,165,100353,100,99719,100,100379,100,99684,100,100407,100,99549,100,100489,100,99276,100,100849,100,99231,100
2019-06-28 09:59:41.067332575,100123,265,99901,165,100223,165,99875,165,100244,165,99867,165,100258,165,99860,165,100263,165,99834,165,100353,100,99740,100,100379,100,99719,100,100489,100,99684,100,100849,100,99549,100,101022,100,99276,100
2019-06-28 09:59:45.046791098,99921,100,99901,165,100123,265,99875,165,100223,165,99867,165,100244,165,99860,165,100258,165,99834,165,100263,165,99740,100,100353,100,99719,100,100379,100,99684,100,100489,100,99549,100,100849,100,99276,100
2019-06-28 09:59:50.000000000,99921,181,99901,181,100123,281,99875,181,100223,181,99867,181,100244,181,99860,181,100258,100,99834,100,100263,100,99740,100,100353,100,99719,100,100379,100,99684,100,100489,100,99549,100,100849,100,99276,100
2019-06-28 09:59:54.426954978,99921,181,99901,181,100123,281,99875,181,100223,181,99867,181,100244,181,99860,181,100258,100,99834,100,100263,100,99740,100,100353,100,99719,100,100379,100,99684,100,100489,100,99676,100,100849,100,99549,100
2019-06-28 09:59:59.543374387,99921,81,99901,181,100123,281,99875,181,100223,181,99867,181,100244,181,99860,181,100258,100,99834,100,100263,100,99740,100,100353,100,99719,100,100379,100,99684,100,100489,100,99676,100,100849,100,99549,100
2019-06-28 10:00:00.000000000,100123,362,99901,262,100223,262,99875,262,100244,100,99867,100,100258,100,99860,100,100263,100,99834,100,100353,100,99740,100,100379,100,99719,100,100489,100,99684,100,100849,100,99676,100,101022,100,99549,100
2019-06-28 10:00:10.000000000,100123,362,99901,262,100223,262,99875,262,100244,100,99867,100,100258,100,99860,100,100263,100,99834,100,100353,100,99740,100,100379,100,99719,100,100489,100,99684,100,100849,100,99676,100,101022,100,99549,100
2019-06-28 10:00:13.733307988,100123,362,99901,162,100223,262,99875,262,100244,100,99867,100,100258,100,99860,100,100263,100,99834,100,100353,100,99740,100,100379,100,99719,100,100489,100,99684,100,100849,100,99676,100,101022,100,99549,100
2019-06-28 10:00:19.574706155,100123,362,99901,162,100223,262,99875,262,100244,100,99867,100,100258,100,99860,100,100263,100,99834,100,100353,100,99740,100,100379,100,99719,100,100489,100,99684,100,100849,100,99676,100,101022,100,99549,100
2019-06-28 10:00:20.000000000,100123,281,99875,181,100223,181,99867,181,100244,181,99860,181,100258,181,99834,181,100263,100,99740,100,100353,100,99719,100,100379,100,99684,100,100489,100,99676,100,100849,100,99549,100,101022,100,99480,100
2019-06-28 10:00:22.727720332,100123,281,99875,181,100223,181,99867,181,100244,181,99860,181,100258,181,99834,181,100263,100,99760,100,100353,100,99740,100,100379,100,99719,100,100489,100,99684,100,100849,100,99676,100,101022,100,99549,100
2019-06-28 10:00:25.183210525,99949,100,99875,181,100123,281,99867,181,100223,181,99860,181,100244,181,99834,181,100258,81,99760,100,100263,100,99740,100,100353,100,99719,100,100379,100,99684,100,100489,100,99676,100,100849,100,99549,100
2019-06-28 10:00:25.691033609,99949,100,99875,81,100123,281,99867,181,100223,181,99860,181,100244,181,99834,181,100258,81,99760,100,100263,100,99740,100,100353,100,99719,100,100379,100,99684,100,100489,100,99676,100,100849,100,99549,100
2019-06-28 10:00:29.139180004,99949,100,99875,81,100123,281,99867,181,100223,181,99860,181,100244,181,99834,281,100258,81,99760,100,100263,100,99740,100,100353,100,99719,100,100379,100,99684,100,100489,100,99676,100,100849,100,99549,100
2019-06-28 10:00:30.000000000,99949,165,99867,165,100123,265,99860,165,100223,165,99834,265,100244,165,99760,165,100263,165,99740,165,100353,100,99719,100,100379,100,99684,100,100489,100,99676,100,100849,100,99549,100,101022,100,99276,100
2019-06-28 10:00:40.000000000,99949,262,99867,262,100123,362,99860,262,100223,100,99834,200,100244,100,99760,100,100263,100,99740,100,100353,100,99719,100,100379,100,99684,100,100489,100,99676,100,100849,100,99549,100,101022,100,99276,100
2019-06-28 10:00:50.000000000,99949,262,99867,262,100123,362,99860,262,100223,100,99834,200,100244,100,99760,100,100263,100,99740,100,100353,100,99719,100,100379,100,99684,100,100489,100,99676,100,100849,100,99549,100,101022,100,99276,100
2019-06-28 10:01:00.000000000,99949,210,99867,210,100123,307,99860,207,100223,207,99834,307,100244,100,99760,100,100263,100,99740,100,100353,100,99719,100,100379,100,99684,100,100489,100,99676,100,100849,100,99549,100,101022,100,99276,100
2019-06-28 10:01:04.328113681,99949,110,99867,210,100123,307,99860,207,100223,207,99834,307,100244,100,99760,100,100263,100,99740,100,100353,100,99719,100,100379,100,99684,100,100489,100,99676,100,100849,100,99549,100,101022,100,99276,100
2019-06-28 10:01:08.208988539,99949,110,99867,210,100123,307,99860,207,100223,207,99834,307,100244,100,99760,100,100263,100,99740,100,100353,100,99719,100,100379,100,99684,100,100437,100,99676,100,100489,100,99549,100,100849,100,99276,100
2019-06-28 10:01:10.000000000,100123,281,99867,181,100223,181,99860,181,100244,181,99834,281,100263,181,99760,181,100353,100,99740,100,100379,100,99719,100,100437,100,99684,100,100489,100,99676,100,100849,100,99549,100,101022,100,99276,100
2019-06-28 10:01:17.438735194,100123,181,99867,181,100223,181,99860,181,100244,181,99834,281,100263,181,99760,181,100353,100,99740,100,100437,100,99719,100,100489,100,99684,100,100849,100,99676,100,101022,100,99549,100,101135,100,99276,100
2019-06-28 10:01:20.000000000,100123,262,99867,262,100223,262,99860,262,100244,100,99834,200,100263,100,99760,100,100353,100,99740,100,100437,100,99719,100,100489,100,99684,100,100849,100,99676,100,101022,100,99549,100,101135,100,99276,100
2019-06-28 10:01:30.000000000,100123,210,99867,210,100223,207,99860,207,100244,207,99834,307,100263,100,99760,100,100353,100,99740,100,100437,100,99719,100,100489,100,99684,100,100849,100,99676,100,101022,100,99549,100,101135,100,99276,100
2019-06-28 10:01:40.000000000,100123,181,99867,181,100223,181,99860,181,100244,181,99834,281,100263,181,99760,181,100353,100,99740,100,100437,100,99719,100,100489,100,99684,100,100849,100,99676,100,101022,100,99549,100,101135,100,99276,100
2019-06-28 10:01:40.075729217,100123,181,99867,181,100223,181,99860,181,100244,181,99834,281,100263,181,99760,181,100353,100,99740,100,100370,100,99719,100,100437,100,99684,100,100489,100,99676,100,100849,100,99549,100,101022,100,99276,100
2019-06-28 10:01:42.189343544,100123,81,99867,181,100223,181,99860,181,100244,181,99834,281,100263,181,99760,181,100353,100,99740,100,100370,100,99719,100,100437,100,99684,100,100489,100,99676,100,100849,100,99549,100,101022,100,99276,100
2019-06-28 10:01:50.000000000,100223,210,99867,210,100244,207,99860,207,100263,207,99834,307,100353,100,99760,100,100370,100,99740,100,100437,100,99719,100,100489,100,99684,100,100849,100,99676,100,101022,100,99549,100,101135,100,99276,100
2019-06-28 10:02:00.000000000,100223,262,99867,262,100244,262,99860,262,100263,100,99834,200,100353,100,99760,100,100370,100,99740,100,100437,100,99719,100,100489,100,99684,100,100849,100,99676,100,101022,100,99549,100,101135,100,99276,100
2019-06-28 10:02:09.252568234,100223,262,100178,100,100244,262,99867,262,100263,100,99860,262,100353,100,99834,200,100370,100,99760,100,100437,100,99740,100,100489,100,99719,100,100849,100,99684,100,101022,100,99676,100,101135,100,99549,100
2019-06-28 10:02:10.000000000,100223,210,100178,210,100244,207,99867,207,100263,207,99860,207,100353,100,99834,200,100370,100,99760,100,100437,100,99740,100,100489,100,99719,100,100849,100,99684,100,101022,100,99676,100,101135,100,99549,100
2019-06-28 10:02:20.000000000,100223,165,100178,165,100244,165,99867,165,100263,165,99860,165,100353,165,99834,265,100370,165,99760,165,100437,100,99740,100,100489,100,99719,100,100849,100,99684,100,101022,100,99676,100,101135,100,99549,100
2019-06-28 10:02:25.979310425,100223,165,100178,165,100244,165,99867,165,100263,165,99860,165,100335,100,99834,265,100353,165,99760,165,100370,165,99740,100,100437,100,99719,100,100489,100,99684,100,100849,100,99676,100,101022,100,99549,100
2019-06-28 10:02:30.000000000,100223,210,100178,210,100244,207,99867,207,100263,207,99860,207,100335,100,99834,200,100353,100,99760,100,100370,100,99740,100,100437,100,99719,100,100489,100,99684,100,100849,100,99676,100,101022,100,99549,100
2019-06-28 10:02:40.000000000,100223,165,100178,165,100244,165,99867,165,100263,165,99860,165,100335,165,99834,265,100353,165,99760,165,100370,100,99740,100,100437,100,99719,100,100489,100,99684,100,100849,100,99676,100,101022,100,99549,100
2019-06-28 10:02:50.000000000,100223,210,100178,210,100244,207,99867,207,100263,207,99860,207,100335,100,99834,200,100353,100,99760,100,100370,100,99740,100,100437,100,99719,100,100489,100,99684,100,100849,100,99676,100,101022,100,99549,100
2019-06-28 10:03:00.000000000,100223,165,100178,165,100244,165,99867,165,100263,165,99860,165,100335,165,99834,265,100353,165,99760,165,100370,100,99740,100,100437,100,99719,100,100489,100,99684,100,100849,100,99676,100,101022,100,99549,100
2019-06-28 10:03:05.882100619,100223,165,100178,165,100244,165,99867,165,100263,165,99860,165,100335,165,99834,265,100353,165,99776,100,100370,100,99760,165,100437,100,99740,100,100489,100,99719,100,100849,100,99684,100,101022,100,99676,100
2019-06-28 10:03:07.030372207,100223,165,100178,165,100244,165,99878,100,100263,165,99867,165,100335,165,99860,165,100353,65,99834,265,100370,100,99776,100,100437,100,99760,165,100489,100,99740,100,100849,100,99719,100,101022,100,99684,100
2019-06-28 10:03:10.000000000,100223,262,100178,262,100244,262,99878,262,100263,100,99867,100,100335,100,99860,100,100370,100,99834,200,100437,100,99776,100,100489,100,99760,100,100849,100,99740,100,101022,100,99719,100,101135,100,99684,100
2019-06-28 10:03:20.000000000,100223,181,100178,181,100244,181,99878,181,100263,181,99867,181,100335,181,99860,181,100370,100,99834,200,100437,100,99776,100,100489,100,99760,100,100849,100,99740,100,101022,100,99719,100,101135,100,99684,100
2019-06-28 10:03:23.140070156,100223,181,100178,81,100244,181,99878,181,100263,181,99867,181,100335,181,99860,181,100370,100,99834,200,100437,100,99776,100,100489,100,99760,100,100849,100,99719,100,101022,100,99684,100,101135,100,99676,100
2019-06-28 10:03:30.000000000,100223,424,99878,424,100244,100,99867,100,100263,100,99860,100,100335,100,99834,200,100370,100,99776,100,100437,100,99760,100,100489,100,99719,100,100849,100,99684,100,101022,100,99676,100,101135,100,99549,100
2019-06-28 10:03:40.000000000,100223,210,99878,210,100244,207,99867,207,100263,207,99860,207,100335,100,99834,200,100370,100,99776,100,100437,100,99760,100,100489,100,99719,100,100849,100,99684,100,101022,100,99676,100,101135,100,99549,100
2019-06-28 10:03:44.775266783,100223,210,100127,100,100244,207,99878,210,100263,207,99867,207,100335,100,99860,207,100370,100,99834,200,100437,100,99776,100,100489,100,99760,100,100849,100,99719,100,101022,100,99684,100,101135,100,99676,100
2019-06-28 10:03:44.953601311,100178,100,100127,100,100223,210,99878,210,100244,207,99867,207,100263,207,99860,207,100335,100,99834,200,100370,100,99776,100,100437,100,99760,100,100489,100,99719,100,100849,100,99684,100,101022,100,99676,100
2019-06-28 10:03:45.593796091,100178,200,100127,100,100223,210,99878,210,100244,207,99867,207,100263,207,99860,207,100335,100,99834,200,100370,100,99776,100,100437,100,99760,100,100489,100,99719,100,100849,100,99684,100,101022,100,99676,100
2019-06-28 10:03:50.000000000,100178,524,100127,424,100223,100,99878,100,100244,100,99867,100,100263,100,99860,100,100335,100,99834,200,100370,100,99776,100,100437,100,99760,100,100489,100,99719,100,100849,100,99684,100,101022,100,99676,100
2019-06-28 10:03:54.520142912,100178,524,100162,100,100223,100,100127,424,100244,100,99878,100,100263,100,99867,100,100335,100,99860,100,100370,100,99834,200,100437,100,99776,100,100489,100,99760,100,101022,100,99719,100,101135,100,99684,100
2019-06-28 10:04:00.000000000,100178,524,100162,424,100223,100,100127,100,100244,100,99878,100,100263,100,99867,100,100335,100,99860,100,100370,100,99834,200,100437,100,99776,100,100489,100,99760,100,101022,100,99719,100,101135,100,99684,100
2019-06-28 10:04:10.000000000,100178,310,100162,210,100223,207,100127,207,100244,207,99878,207,100263,100,99867,100,100335,100,99860,100,100370,100,99834,200,100437,100,99776,100,100489,100,99760,100,101022,100,99719,100,101135,100,99684,100
2019-06-28 10:04:17.873787128,100178,210,100162,210,100223,207,100127,107,100244,207,99878,207,100263,100,99867,100,100335,100,99860,100,100370,100,99834,200,100437,100,99776,100,100489,100,99760,100,101022,100,99719,100,101135,100,99684,100
2019-06-28 10:04:20.000000000,100178,262,100162,262,100223,262,99878,262,100244,100,99867,100,100263,100,99860,100,100335,100,99834,200,100370,100,99776,100,100437,100,99760,100,100489,100,99719,100,101022,100,99684,100,101135,100,99676,100
2019-06-28 10:04:29.361411208,100178,162,100162,262,100223,262,99878,262,100263,100,99867,100,100335,100,99860,100,100370,100,99834,200,100437,100,99776,100,100489,100,99760,100,101022,100,99719,100,101135,100,99684,100,101322,100,99676,100
2019-06-28 10:04:30.000000000,100223,262,100162,262,100263,262,99878,262,100335,100,99867,100,100370,100,99860,100,100437,100,99834,200,100489,100,99776,100,101022,100,99760,100,101135,100,99719,100,101322,100,99684,100,,,99676,100
2019-06-28 10:04:31.408132180,100223,162,100162,262,100263,262,99878,262,100335,100,99867,100,100370,100,99860,100,100437,100,99834,200,100489,100,99776,100,101022,100,99760,100,101135,100,99719,100,101322,100,99684,100,,,99676,100
2019-06-28 10:04:40.000000000,100263,424,100162,424,100335,100,99878,100,100370,100,99867,100,100437,100,99860,100,100489,100,99834,200,101022,100,99776,100,101135,100,99760,100,101322,100,99719,100,,,99684,100,,,99676,100
2019-06-28 10:04:50.000000000,100263,424,100162,424,100335,100,99878,100,100370,100,99867,100,100437,100,99860,100,100489,100,99834,200,101022,100,99776,100,101135,100,99760,100,101322,100,99719,100,,,99684,100,,,99676,100
2019-06-28 10:05:00.000000000,100263,165,100162,165,100335,165,99878,165,100370,165,99867,165,100437,165,99860,165,100489,165,99834,265,101022,100,99776,100,101135,100,99760,100,101322,100,99719,100,,,99684,100,,,99676,100
2019-06-28 10:05:00.491305948,100263,65,100162,65,100335,165,99878,165,100370,165,99867,165,100437,165,99860,165,100489,165,99834,265,101022,100,99776,100,101135,100,99760,100,101322,100,99719,100,,,99684,100,,,99676,100
2019-06-28 10:05:10.000000000,100335,262,99878,262,100370,262,99867,262,100437,100,99860,100,100489,100,99834,200,101022,100,99776,100,101135,100,99760,100,101322,100,99719,100,,,99684,100,,,99676,100,,,99549,100
2019-06-28 10:05:20.000000000,100335,165,99878,165,100370,165,99867,165,100437,165,99860,165,100489,165,99834,265,101022,165,99776,165,101135,100,99760,100,101322,100,99719,100,,,99684,100,,,99676,100,,,99549,100
2019-06-28 10:05:20.282046376,100335,165,99878,65,100370,165,99867,165,100437,165,99860,165,100489,165,99834,265,101009,100,99776,165,101022,165,99760,100,101135,100,99719,100,101322,100,99684,100,,,99676,100,,,99549,100
2019-06-28 10:05:25.206037689,100335,165,99878,65,100370,165,99867,165,100437,165,99860,165,100489,165,99834,165,100923,100,99776,165,101009,100,99760,100,101022,165,99719,100,101135,100,99684,100,101322,100,99676,100,,,99549,100
2019-06-28 10:05:30.000000000,100335,424,99867,424,100370,100,99860,100,100437,100,99834,100,100489,100,99776,100,100923,100,99760,100,101009,100,99719,100,101022,100,99684,100,101135,100,99676,100,101322,100,99549,100,,,99276,100
2019-06-28 10:05:30.281976911,100335,324,99867,424,100370,100,99860,100,100437,100,99834,100,100489,100,99776,100,100923,100,99760,100,101009,100,99719,100,101022,100,99684,100,101135,100,99676,100,101322,100,99549,100,,,99276,100
