,ask_price_1,ask_size_1,bid_price_1,bid_size_1,ask_price_2,ask_size_2,bid_price_2,bid_size_2,ask_price_3,ask_size_3,bid_price_3,bid_size_3,ask_price_4,ask_size_4,bid_price_4,bid_size_4,ask_price_5,ask_size_5,bid_price_5,bid_size_5,ask_price_6,ask_size_6,bid_price_6,bid_size_6,ask_price_7,ask_size_7,bid_price_7,bid_size_7,ask_price_8,ask_size_8,bid_price_8,bid_size_8,ask_price_9,ask_size_9,bid_price_9,bid_size_9,ask_price_10,ask_size_10,bid_price_10,bid_size_10
2019-06-28 09:30:00.000000001,,,,,,,,,,,,,,,,,,,,,,,,,,,,,,,,,,,,,,,,
2019-06-28 09:30:00.000000006,,,99856,100,,,,,,,,,,,,,,,,,,,,,,,,,,,,,,,,,,,,
2019-06-28 09:30:00.000000008,100064,100,99856,100,100110,100,,,,,,,,,,,,,,,,,,,,,,,,,,,,,,,,,,
2019-06-28 09:30:00.000000009,100064,100,99912,100,100110,100,99856,100,,,,,,,,,,,,,,,,,,,,,,,,,,,,,,,,
2019-06-28 09:30:00.000000016,99943,100,99912,100,100064,100,99903,100,100110,100,99856,100,,,,,,,,,,,,,,,,,,,,,,,,,,,,
2019-06-28 09:30:00.000000017,99980,100,99912,100,100064,100,99903,100,100090,100,99856,100,100110,100,,,,,,,,,,,,,,,,,,,,,,,,,,
2019-06-28 09:30:00.000000018,99980,100,99970,100,100044,100,99912,100,100064,100,99903,100,100090,100,99856,100,100110,100,,,,,,,,,,,,,,,,,,,,,,
2019-06-28 09:30:00.000000019,100044,100,99970,100,100064,100,99912,100,100090,100,99903,100,100110,100,99856,100,,,,,,,,,,,,,,,,,,,,,,,,
2019-06-28 09:30:00.000000021,100044,100,99970,100,100050,100,99912,100,100064,100,99903,100,100090,100,99856,100,100110,100,,,,,,,,,,,,,,,,,,,,,,
2019-06-28 09:30:00.000000023,100042,100,99970,100,100044,100,99912,100,100050,100,99903,100,100064,100,99856,100,100090,100,,,100110,100,,,100147,100,,,,,,,,,,,,,,
2019-06-28 09:30:00.000000025,100030,100,99970,100,100042,100,99912,100,100044,100,99903,100,100050,100,99856,100,100064,100,,,100090,100,,,100110,100,,,100147,100,,,,,,,,,,
2019-06-28 09:30:00.000000026,100030,100,99970,100,100042,100,99960,100,100044,100,99912,100,100050,100,99903,100,100064,100,99856,100,100090,100,,,100110,100,,,100147,100,,,100154,100,,,,,,
2019-06-28 09:30:00.000000027,100030,100,99970,100,100042,100,99960,100,100044,100,99912,100,100050,100,99903,100,100064,100,99856,100,100090,100,,,100110,100,,,100147,100,,,100154,100,,,100230,100,,
2019-06-28 09:30:00.000000031,100030,100,99993,100,100042,100,99970,100,100044,100,99960,100,100050,100,99912,100,100064,100,99903,100,100090,100,99856,100,100110,100,,,100147,100,,,100154,100,,,100230,100,,
2019-06-28 09:30:00.000000032,100030,100,99993,100,100042,100,99970,100,100044,100,99960,100,100050,100,99912,100,100064,100,99903,100,100090,100,99856,100,100095,100,,,100110,100,,,100147,100,,,100154,100,,
2019-06-28 09:30:00.000000033,100030,100,99993,100,100042,100,99970,100,100044,100,99960,100,100047,100,99912,100,100050,100,99903,100,100064,100,99856,100,100090,100,,,100095,100,,,100110,100,,,100147,100,,
2019-06-28 09:30:00.000000037,100030,100,99993,100,100042,100,99970,100,100044,100,99960,100,100047,100,99912,100,100050,100,99903,100,100064,100,99856,100,100090,100,99788,100,100095,100,,,100110,100,,,100147,100,,
2019-06-28 09:30:00.000000038,100030,100,99970,100,100042,100,99960,100,100044,100,99912,100,100047,100,99903,100,100050,100,99856,100,100064,100,99788,100,100090,100,,,100095,100,,,100110,100,,,100147,100,,
2019-06-28 09:30:00.000000040,100030,100,99980,100,100042,100,99970,100,100044,100,99960,100,100047,100,99912,100,100050,100,99903,100,100064,100,99856,100,100090,100,99788,100,100095,100,,,100110,100,,,100147,100,,
2019-06-28 09:30:00.000000041,100030,100,99980,100,100042,100,99970,100,100044,100,99963,100,100047,100,99960,100,100050,100,99912,100,100064,100,99903,100,100090,100,99856,100,100095,100,99788,100,100110,100,,,100147,100,,
2019-06-28 09:30:00.000000043,100030,100,99980,200,100042,100,99970,100,100044,100,99963,100,100047,100,99960,100,100050,100,99912,100,100064,100,99903,100,100090,100,99856,100,100095,100,99788,100,100110,100,,,100147,100,,
2019-06-28 09:30:00.000000045,100042,100,99980,200,100044,100,99970,100,100047,100,99963,100,100050,100,99960,100,100064,100,99912,100,100090,100,99903,100,100095,100,99856,100,100110,100,99788,100,100147,100,,,100154,100,,
2019-06-28 09:30:00.000000046,100042,100,99980,100,100044,100,99970,100,100047,100,99963,100,100050,100,99960,100,100064,100,99912,100,100090,100,99903,100,100095,100,99886,100,100110,100,99856,100,100147,100,99788,100,100154,100,,
2019-06-28 09:30:00.000000049,100042,100,99980,100,100044,100,99970,100,100047,100,99963,100,100050,100,99960,100,100064,100,99912,100,100090,100,99903,100,100095,100,99886,100,100110,100,99856,100,100147,100,99788,100,100154,100,,
2019-06-28 09:30:00.000000050,100042,100,99980,100,100044,100,99970,100,100047,100,99969,100,100050,100,99963,100,100064,100,99960,100,100090,100,99912,100,100095,100,99903,100,100110,100,99886,100,100147,100,99856,100,100154,100,99788,100
2019-06-28 09:30:00.000000051,100042,100,99980,100,100044,100,99970,100,100047,100,99969,100,100050,100,99963,100,100064,100,99960,100,100090,100,99912,100,100095,100,99903,100,100110,100,99886,100,100147,100,99856,100,100154,100,99788,100
2019-06-28 09:30:00.000000052,100042,100,99970,100,100044,100,99969,100,100047,100,99963,100,100050,100,99960,100,100064,100,99912,100,100090,100,99903,100,100095,100,99886,100,100110,100,99856,100,100147,100,99788,100,100154,100,,
2019-06-28 09:30:00.000000055,100042,100,99970,100,100044,100,99969,100,100047,100,99963,100,100050,100,99960,100,100061,100,99912,100,100064,100,99903,100,100090,100,99886,100,100095,100,99856,100,100110,100,99788,100,100147,100,,
2019-06-28 09:30:00.000000056,99980,100,99970,100,100042,100,99969,100,100044,100,99963,100,100047,100,99960,100,100050,100,99912,100,100061,100,99903,100,100064,100,99886,100,100090,100,99856,100,100095,100,99788,100,100110,100,,
2019-06-28 09:30:00.000000057,99980,100,99970,100,100042,100,99969,100,100044,100,99963,100,100047,100,99960,100,100050,100,99938,100,100061,100,99912,100,100064,100,99903,100,100090,100,99886,100,100095,100,99856,100,100110,100,99788,100
2019-06-28 09:30:00.000000060,99980,100,99970,100,100042,100,99969,100,100044,100,99963,100,100047,100,99960,100,100050,100,99938,100,100061,100,99912,100,100064,100,99903,100,100090,100,99886,100,100095,100,99868,100,100110,100,99856,100
2019-06-28 09:30:00.000000061,99980,100,99970,100,100042,100,99969,100,100044,100,99963,100,100047,100,99960,100,100050,100,99938,100,100061,100,99912,100,100064,100,99903,100,100090,100,99886,100,100095,100,99868,100,100110,100,99856,100
2019-06-28 09:30:00.000000063,99980,100,99970,200,100042,100,99969,100,100044,100,99963,100,100047,100,99960,100,100050,100,99938,100,100061,100,99912,100,100064,100,99903,100,100090,100,99886,100,100095,100,99868,100,100110,100,99856,100
2019-06-28 09:30:00.000000065,99980,100,99970,200,100042,100,99969,100,100044,100,99963,100,100047,100,99960,100,100050,100,99938,100,100061,100,99912,100,100064,100,99903,100,100090,100,99886,100,100095,100,99868,100,100110,100,99856,100
2019-06-28 09:30:00.000000067,100042,100,99970,200,100044,100,99969,100,100047,100,99963,100,100050,100,99960,100,100061,100,99938,100,100064,100,99912,100,100090,100,99903,100,100095,100,99886,100,100110,100,99868,100,100125,100,99856,100
2019-06-28 09:30:00.000000068,100042,100,99970,200,100044,100,99969,100,100047,100,99963,100,100050,100,99960,100,100061,100,99950,100,100064,100,99938,100,100090,100,99912,100,100095,100,99903,100,100110,100,99886,100,100125,100,99873,100
2019-06-28 09:30:00.000000070,100042,100,99986,100,100044,100,99970,200,100047,100,99969,100,100050,100,99963,100,100061,100,99960,100,100064,100,99950,100,100090,100,99938,100,100095,100,99912,100,100110,100,99903,100,100125,100,99886,100
2019-06-28 09:30:00.000000075,100042,100,99986,100,100044,100,99970,200,100047,100,99969,100,100050,100,99963,100,100061,100,99960,100,100064,100,99950,100,100090,100,99938,100,100095,100,99912,100,100110,100,99903,100,100125,100,99887,100
2019-06-28 09:30:00.000000081,100042,100,99986,100,100044,100,99970,200,100047,100,99969,100,100050,100,99963,100,100061,100,99960,100,100064,100,99950,100,100090,100,99938,100,100095,100,99912,100,100110,100,99903,100,100125,100,99887,100
2019-06-28 09:30:00.000000084,100042,100,99986,100,100044,100,99970,200,100047,100,99969,100,100050,100,99963,100,100061,100,99960,100,100064,100,99950,100,100090,100,99938,100,100095,100,99935,100,100110,100,99912,100,100125,100,99903,100
2019-06-28 09:30:00.000000085,100042,100,99986,100,100044,100,99970,200,100047,100,99969,100,100050,100,99963,100,100061,100,99960,100,100064,100,99950,100,100071,100,99938,100,100090,100,99935,100,100095,100,99912,100,100100,100,99903,100
2019-06-28 09:30:00.000000086,100042,100,99970,200,100044,100,99969,100,100047,100,99963,100,100050,100,99960,100,100061,100,99950,100,100064,100,99938,100,100071,100,99935,100,100090,100,99912,100,100095,100,99903,100,100100,100,99887,100
2019-06-28 09:30:00.000000091,99986,100,99970,200,100042,100,99969,100,100044,100,99963,100,100047,100,99960,100,100050,100,99950,100,100061,100,99938,100,100064,100,99935,100,100071,100,99912,100,100090,100,99903,100,100095,100,99887,100
2019-06-28 09:30:00.000000092,99986,100,99970,200,100042,100,99969,100,100044,100,99963,100,100047,100,99960,100,100050,100,99950,100,100061,100,99938,100,100064,100,99935,100,100071,100,99912,100,100090,100,99905,100,100095,100,99903,100
2019-06-28 09:30:00.000000093,99986,100,99970,200,100042,100,99969,100,100044,100,99967,100,100047,100,99963,100,100050,100,99960,100,100061,100,99950,100,100064,100,99938,100,100071,100,99935,100,100090,100,99912,100,100095,100,99905,100
2019-06-28 09:30:00.000000099,99986,100,99970,200,100042,100,99969,100,100044,100,99967,100,100047,100,99963,100,100050,100,99960,100,100061,100,99950,100,100064,100,99938,100,100071,100,99935,100,100090,100,99918,100,100095,100,99912,100
2019-06-28 09:30:06.351616750,99986,100,99970,200,100042,100,99969,100,100044,100,99967,100,100047,100,99963,100,100050,100,99960,100,100061,100,99950,100,100064,100,99938,100,100071,100,99935,100,100090,100,99918,100,100095,100,99912,100
2019-06-28 09:30:10.000000000,99986,214,99970,314,100042,214,99969,214,100044,214,99967,214,100047,214,99963,214,100050,100,99960,100,100061,100,99950,100,100064,100,99938,100,100071,100,99935,100,100090,100,99918,100,100095,100,99912,100
2019-06-28 09:30:20.000000000,99986,192,99970,292,100042,192,99969,192,100044,192,99967,192,100047,192,99963,192,100050,192,99960,192,100061,100,99950,100,100064,100,99938,100,100071,100,99935,100,100090,100,99918,100,100095,100,99912,100
2019-06-28 09:30:30.000000000,99986,214,99970,314,100042,214,99969,214,100044,214,99967,214,100047,214,99963,214,100050,100,99960,100,100061,100,99950,100,100064,100,99938,100,100071,100,99935,100,100090,100,99918,100,100095,100,99912,100
2019-06-28 09:30:40.000000000,99986,192,99970,292,100042,192,99969,192,100044,192,99967,192,100047,192,99963,192,100050,192,99960,192,100061,100,99950,100,100064,100,99938,100,100071,100,99935,100,100090,100,99918,100,100095,100,99912,100
2019-06-28 09:30:42.140707567,99986,192,99970,292,100042,192,99969,192,100044,192,99967,192,100047,192,99963,92,100050,192,99960,192,100054,100,99950,100,100061,100,99938,100,100064,100,99935,100,100071,100,99918,100,100090,100,99912,100
2019-06-28 09:30:50.000000000,99986,192,99970,292,100042,192,99969,192,100044,192,99967,192,100047,192,99960,192,100050,192,99950,192,100054,100,99938,100,100061,100,99935,100,100064,100,99918,100,100071,100,99912,100,100090,100,99905,100
2019-06-28 09:31:00.000000000,99986,256,99970,356,100042,251,99969,251,100044,251,99967,251,100047,100,99960,100,100050,100,99950,100,100054,100,99938,100,100061,100,99935,100,100064,100,99918,100,100071,100,99912,100,100090,100,99905,100
2019-06-28 09:31:10.000000000,99986,214,99970,314,100042,214,99969,214,100044,214,99967,214,100047,214,99960,214,100050,100,99950,100,100054,100,99938,100,100061,100,99935,100,100064,100,99918,100,100071,100,99912,100,100090,100,99905,100
2019-06-28 09:31:19.737374061,99986,214,99970,314,100042,214,99969,214,100044,214,99967,214,100047,214,99960,214,100050,100,99950,100,100054,100,99938,100,100061,100,99935,100,100064,100,99918,100,100071,100,99912,100,100090,100,99905,100
2019-06-28 09:31:20.000000000,99986,214,99970,314,100042,214,99969,214,100044,214,99967,214,100047,214,99960,214,100050,100,99950,100,100054,100,99938,100,100061,100,99935,100,100064,100,99918,100,100071,100,99912,100,100090,100,99905,100
2019-06-28 09:31:30.000000000,99986,256,99970,356,100042,251,99969,251,100044,251,99967,251,100047,100,99960,100,100050,100,99950,100,100054,100,99938,100,100061,100,99935,100,100064,100,99918,100,100071,100,99912,100,100090,100,99905,100
2019-06-28 09:31:37.389084247,99986,156,99970,356,100042,251,99969,251,100044,251,99967,251,100047,100,99960,100,100050,100,99950,100,100054,100,99938,100,100061,100,99935,100,100064,100,99918,100,100090,100,99912,100,100095,100,99905,100
2019-06-28 09:31:40.000000000,100042,192,99970,292,100044,192,99969,192,100047,192,99967,192,100050,192,99960,192,100054,192,99950,192,100061,100,99938,100,100064,100,99935,100,100090,100,99918,100,100095,100,99912,100,100100,100,99905,100
2019-06-28 09:31:50.000000000,100042,192,99970,292,100044,192,99969,192,100047,192,99967,192,100050,192,99960,192,100054,192,99950,192,100061,100,99938,100,100064,100,99935,100,100090,100,99918,100,100095,100,99912,100,100100,100,99905,100
2019-06-28 09:32:00.000000000,100042,256,99970,356,100044,251,99969,251,100047,251,99967,251,100050,100,99960,100,100054,100,99950,100,100061,100,99938,100,100064,100,99935,100,100090,100,99918,100,100095,100,99912,100,100100,100,99905,100
2019-06-28 09:32:06.264840217,100042,256,99970,356,100044,251,99969,251,100047,251,99967,251,100050,100,99960,100,100054,100,99950,100,100061,100,99938,100,100064,100,99935,100,100090,100,99918,100,100095,100,99912,100,100100,100,99905,100
2019-06-28 09:32:10.000000000,100042,214,99970,314,100044,214,99969,214,100047,214,99967,214,100050,214,99960,214,100054,100,99950,100,100061,100,99938,100,100064,100,99935,100,100090,100,99918,100,100095,100,99912,100,100100,100,99905,100
2019-06-28 09:32:20.000000000,100042,192,99970,292,100044,192,99969,192,100047,192,99967,192,100050,192,99960,192,100054,192,99950,192,100061,100,99938,100,100064,100,99935,100,100090,100,99918,100,100095,100,99912,100,100100,100,99905,100
2019-06-28 09:32:30.000000000,100042,214,99970,314,100044,214,99969,214,100047,214,99967,214,100050,214,99960,214,100054,100,99950,100,100061,100,99938,100,100064,100,99935,100,100090,100,99918,100,100095,100,99912,100,100100,100,99905,100
2019-06-28 09:32:40.000000000,100042,558,99970,658,100044,100,99969,100,100047,100,99967,100,100050,100,99960,100,100054,100,99950,100,100061,100,99938,100,100064,100,99935,100,100090,100,99918,100,100095,100,99912,100,100100,100,99905,100
2019-06-28 09:32:43.483449730,100042,558,99970,558,100044,100,99969,100,100047,100,99967,100,100050,100,99960,100,100054,100,99950,100,100061,100,99938,100,100064,100,99935,100,100090,100,99918,100,100095,100,99912,100,100100,100,99905,100
2019-06-28 09:32:50.000000000,100042,214,99970,214,100044,214,99969,214,100047,214,99967,214,100050,214,99960,214,100054,100,99950,100,100061,100,99938,100,100064,100,99935,100,100090,100,99918,100,100095,100,99912,100,100100,100,99905,100
2019-06-28 09:33:00.000000000,100042,214,99970,214,100044,214,99969,214,100047,214,99967,214,100050,214,99960,214,100054,100,99950,100,100061,100,99938,100,100064,100,99935,100,100090,100,99918,100,100095,100,99912,100,100100,100,99905,100
2019-06-28 09:33:02.328296342,100042,214,99970,214,100044,214,99969,214,100047,214,99967,214,100050,214,99960,214,100054,100,99950,100,100061,100,99938,100,100064,100,99935,100,100090,100,99918,100,100095,100,99912,100,100100,100,99905,100
2019-06-28 09:33:10.000000000,100042,214,99970,214,100044,214,99969,214,100047,214,99967,214,100050,214,99960,214,100054,100,99950,100,100061,100,99938,100,100064,100,99935,100,100090,100,99918,100,100095,100,99912,100,100100,100,99905,100
2019-06-28 09:33:15.596240125,100042,214,99970,214,100044,214,99969,214,100047,214,99967,214,100050,214,99960,214,100054,100,99950,100,100061,100,99938,100,100064,100,99935,100,100090,100,99918,100,100095,100,99912,100,100100,100,99905,100
2019-06-28 09:33:16.412486655,100042,214,99970,114,100044,214,99969,214,100047,214,99967,214,100050,214,99960,214,100054,100,99950,100,100061,100,99938,100,100064,100,99935,100,100090,100,99918,100,100100,100,99912,100,100125,100,99905,100
2019-06-28 09:33:20.000000000,100042,329,99969,329,100044,329,99967,329,100047,100,99960,100,100050,100,99950,100,100054,100,99938,100,100061,100,99935,100,100064,100,99918,100,100090,100,99912,100,100100,100,99905,100,100125,100,99903,100
2019-06-28 09:33:25.945717614,100042,329,99969,329,100044,329,99967,329,100047,100,99960,100,100050,100,99950,100,100054,100,99935,100,100061,100,99918,100,100064,100,99912,100,100090,100,99905,100,100100,100,99903,100,100125,100,99886,100
2019-06-28 09:33:30.000000000,100042,329,99969,329,100044,329,99967,329,100047,100,99960,100,100050,100,99950,100,100054,100,99935,100,100061,100,99918,100,100064,100,99912,100,100090,100,99905,100,100100,100,99903,100,100125,100,99886,100
2019-06-28 09:33:34.043962132,100042,329,99969,229,100044,329,99967,329,100047,100,99960,100,100050,100,99950,100,100054,100,99935,100,100061,100,99918,100,100064,100,99912,100,100090,100,99905,100,100100,100,99903,100,100125,100,99886,100
2019-06-28 09:33:39.229549452,100042,329,99969,229,100044,329,99967,329,100047,100,99960,100,100050,100,99950,100,100054,100,99935,100,100061,100,99918,100,100064,100,99912,100,100090,100,99905,100,100100,100,99903,100,100125,100,99886,100
2019-06-28 09:33:40.000000000,100042,214,99967,214,100044,214,99960,214,100047,214,99950,214,100050,214,99935,214,100054,100,99918,100,100061,100,99912,100,100064,100,99905,100,100090,100,99903,100,100100,100,99886,100,100125,100,99873,100
2019-06-28 09:33:50.000000000,100042,256,99967,256,100044,251,99960,251,100047,251,99950,251,100050,100,99935,100,100054,100,99918,100,100061,100,99912,100,100064,100,99905,100,100090,100,99903,100,100100,100,99886,100,100125,100,99873,100
2019-06-28 09:34:00.000000000,100042,558,99967,558,100044,100,99960,100,100047,100,99950,100,100050,100,99935,100,100054,100,99918,100,100061,100,99912,100,100064,100,99905,100,100090,100,99903,100,100100,100,99886,100,100125,100,99873,100
2019-06-28 09:34:04.041307019,99970,100,99967,558,100042,558,99960,100,100044,100,99950,100,100047,100,99935,100,100050,100,99918,100,100054,100,99912,100,100061,100,99905,100,100064,100,99903,100,100090,100,99886,100,100100,100,99873,100
2019-06-28 09:34:04.410010396,99970,200,99967,558,100042,558,99960,100,100044,100,99950,100,100047,100,99935,100,100050,100,99918,100,100054,100,99912,100,100061,100,99905,100,100064,100,99903,100,100090,100,99886,100,100100,100,99873,100
2019-06-28 09:34:10.000000000,99970,314,99967,214,100042,214,99960,214,100044,214,99950,214,100047,214,99935,214,100050,100,99918,100,100054,100,99912,100,100061,100,99905,100,100064,100,99903,100,100090,100,99886,100,100100,100,99873,100
2019-06-28 09:34:16.827547499,99970,314,99967,114,100042,214,99960,214,100044,214,99950,214,100047,214,99935,214,100050,100,99918,100,100054,100,99912,100,100061,100,99905,100,100064,100,99903,100,100090,100,99886,100,100100,100,99873,100
2019-06-28 09:34:20.000000000,99970,314,99960,214,100042,214,99950,214,100044,214,99935,214,100047,214,99918,214,100050,100,99912,100,100054,100,99905,100,100061,100,99903,100,100064,100,99886,100,100090,100,99873,100,100100,100,99856,100
2019-06-28 09:34:30.000000000,99970,658,99960,558,100042,100,99950,100,100044,100,99935,100,100047,100,99918,100,100050,100,99912,100,100054,100,99905,100,100061,100,99903,100,100064,100,99886,100,100090,100,99873,100,100100,100,99856,100
2019-06-28 09:34:40.000000000,99970,658,99960,558,100042,100,99950,100,100044,100,99935,100,100047,100,99918,100,100050,100,99912,100,100054,100,99905,100,100061,100,99903,100,100064,100,99886,100,100090,100,99873,100,100100,100,99856,100
2019-06-28 09:34:50.000000000,99970,658,99960,558,100042,100,99950,100,100044,100,99935,100,100047,100,99918,100,100050,100,99912,100,100054,100,99905,100,100061,100,99903,100,100064,100,99886,100,100090,100,99873,100,100100,100,99856,100
2019-06-28 09:34:53.088154314,99970,658,99960,558,100042,100,99950,100,100044,100,99935,100,100047,100,99918,100,100050,100,99912,100,100054,100,99905,100,100061,100,99903,100,100064,100,99886,100,100100,100,99873,100,100125,100,99856,100
2019-06-28 09:34:55.914174039,99970,558,99960,558,100042,100,99950,100,100044,100,99935,100,100047,100,99918,100,100050,100,99912,100,100054,100,99905,100,100061,100,99903,100,100064,100,99886,100,100100,100,99873,100,100125,100,99856,100
2019-06-28 09:35:00.000000000,99970,192,99960,192,100042,192,99950,192,100044,192,99935,192,100047,192,99918,192,100050,192,99912,192,100054,100,99905,100,100061,100,99903,100,100064,100,99886,100,100100,100,99873,100,100125,100,99856,100
2019-06-28 09:35:01.959727492,99970,92,99960,192,100042,192,99950,192,100044,192,99935,192,100047,192,99918,192,100050,192,99912,192,100054,100,99905,100,100061,100,99903,100,100064,100,99886,100,100100,100,99873,100,100125,100,99856,100
2019-06-28 09:35:10.000000000,100042,329,99960,329,100044,329,99950,329,100047,100,99935,100,100050,100,99918,100,100054,100,99912,100,100061,100,99905,100,100064,100,99903,100,100100,100,99886,100,100125,100,99873,100,100147,100,99856,100
2019-06-28 09:35:14.367033043,100042,229,99960,329,100044,329,99950,329,100047,100,99935,100,100050,100,99918,100,100054,100,99912,100,100061,100,99905,100,100064,100,99903,100,100100,100,99886,100,100125,100,99873,100,100147,100,99856,100
2019-06-28 09:35:18.046069075,100042,229,99960,329,100044,329,99950,329,100047,100,99935,100,100050,100,99918,100,100054,100,99912,100,100061,100,99905,100,100064,100,99903,100,100100,100,99886,100,100125,100,99873,100,100147,100,99856,100
2019-06-28 09:35:20.000000000,100044,192,99960,192,100047,192,99950,192,100050,192,99935,192,100054,192,99918,192,100061,192,99912,192,100064,100,99905,100,100100,100,99903,100,100125,100,99886,100,100147,100,99873,100,100156,100,99856,100
2019-06-28 09:35:30.000000000,100044,558,99960,558,100047,100,99950,100,100050,100,99935,100,100054,100,99918,100,100061,100,99912,100,100064,100,99905,100,100100,100,99903,100,100125,100,99886,100,100147,100,99873,100,100156,100,99856,100
2019-06-28 09:35:40.000000000,100044,192,99960,192,100047,192,99950,192,100050,192,99935,192,100054,192,99918,192,100061,192,99912,192,100064,100,99905,100,100100,100,99903,100,100125,100,99886,100,100147,100,99873,100,100156,100,99856,100
2019-06-28 09:35:46.679086125,100044,192,99960,192,100047,192,99950,192,100050,192,99935,192,100054,192,99918,192,100061,192,99912,192,100064,100,99905,100,100100,100,99903,100,100125,100,99886,100,100139,100,99873,100,100147,100,99856,100
2019-06-28 09:35:47.385340477,100044,192,99960,192,100047,192,99950,192,100050,192,99935,192,100054,192,99918,192,100061,192,99912,192,100064,100,99903,100,100100,100,99886,100,100125,100,99873,100,100139,100,99856,100,100147,100,99798,100
2019-06-28 09:35:50.000000000,100044,192,99960,192,100047,192,99950,192,100050,192,99935,192,100054,192,99918,192,100061,192,99912,192,100064,100,99903,100,100100,100,99886,100,100125,100,99873,100,100139,100,99856,100,100147,100,99798,100
2019-06-28 09:35:59.218969461,100044,92,99960,192,100047,192,99950,192,100050,192,99935,192,100054,192,99918,192,100061,192,99912,192,100064,100,99903,100,100100,100,99886,100,100125,100,99873,100,100139,100,99856,100,100147,100,99798,100
2019-06-28 09:36:00.000000000,100047,256,99960,256,100050,251,99950,251,100054,251,99935,251,100061,100,99918,100,100064,100,99912,100,100100,100,99903,100,100125,100,99886,100,100139,100,99873,100,100147,100,99856,100,100160,100,99798,100
2019-06-28 09:36:01.679026897,100047,256,99960,256,100050,251,99950,251,100054,251,99935,251,100064,100,99918,100,100100,100,99912,100,100125,100,99903,100,100139,100,99886,100,100147,100,99873,100,100160,100,99856,100,100161,200,99798,100
2019-06-28 09:36:09.520146446,100047,256,99960,256,100050,251,99950,251,100054,251,99935,251,100064,100,99918,100,100100,100,99912,100,100125,100,99903,100,100139,100,99886,100,100147,100,99873,100,100160,100,99856,100,100161,200,99798,100
2019-06-28 09:36:10.000000000,100047,329,99960,329,100050,329,99950,329,100054,100,99935,100,100064,100,99918,100,100100,100,99912,100,100125,100,99903,100,100139,100,99886,100,100147,100,99873,100,100160,100,99856,100,100161,200,99798,100
2019-06-28 09:36:20.000000000,100047,558,99960,558,100050,100,99950,100,100054,100,99935,100,100064,100,99918,100,100100,100,99912,100,100125,100,99903,100,100139,100,99886,100,100147,100,99873,100,100160,100,99856,100,100161,200,99798,100
2019-06-28 09:36:30.000000000,100047,192,99960,192,100050,192,99950,192,100054,192,99935,192,100064,192,99918,192,100100,192,99912,192,100125,100,99903,100,100139,100,99886,100,100147,100,99873,100,100160,100,99856,100,100161,200,99798,100
2019-06-28 09:36:40.000000000,100047,256,99960,256,100050,251,99950,251,100054,251,99935,251,100064,100,99918,100,100100,100,99912,100,100125,100,99903,100,100139,100,99886,100,100147,100,99873,100,100160,100,99856,100,100161,200,99798,100
2019-06-28 09:36:50.000000000,100047,256,99960,256,100050,251,99950,251,100054,251,99935,251,100064,100,99918,100,100100,100,99912,100,100125,100,99903,100,100139,100,99886,100,100147,100,99873,100,100160,100,99856,100,100161,200,99798,100
2019-06-28 09:37:00.000000000,100047,192,99960,192,100050,192,99950,192,100054,192,99935,192,100064,192,99918,192,100100,192,99912,192,100125,100,99903,100,100139,100,99886,100,100147,100,99873,100,100160,100,99856,100,100161,200,99798,100
2019-06-28 09:37:10.000000000,100047,256,99960,256,100050,251,99950,251,100054,251,99935,251,100064,100,99918,100,100100,100,99912,100,100125,100,99903,100,100139,100,99886,100,100147,100,99873,100,100160,100,99856,100,100161,200,99798,100
2019-06-28 09:37:11.196789062,100047,156,99960,256,100050,251,99950,251,100054,251,99935,251,100064,100,99918,100,100100,100,99912,100,100125,100,99903,100,100139,100,99886,100,100147,100,99873,100,100160,100,99856,100,100161,200,99798,100
2019-06-28 09:37:19.884805901,100047,56,99960,256,100050,251,99950,251,100054,251,99935,251,100064,100,99918,100,100100,100,99912,100,100125,100,99903,100,100139,100,99886,100,100147,100,99873,100,100160,100,99856,100,100161,200,99798,100
2019-06-28 09:37:20.000000000,100050,558,99960,558,100054,100,99950,100,100064,100,99935,100,100100,100,99918,100,100125,100,99912,100,100139,100,99903,100,100147,100,99886,100,100160,100,99873,100,100161,200,99856,100,100171,100,99798,100
2019-06-28 09:37:30.000000000,100050,329,99960,329,100054,329,99950,329,100064,100,99935,100,100100,100,99918,100,100125,100,99912,100,100139,100,99903,100,100147,100,99886,100,100160,100,99873,100,100161,200,99856,100,100171,100,99798,100
2019-06-28 09:37:40.000000000,100050,214,99960,214,100054,214,99950,214,100064,214,99935,214,100100,214,99918,214,100125,100,99912,100,100139,100,99903,100,100147,100,99886,100,100160,100,99873,100,100161,200,99856,100,100171,100,99798,100
2019-06-28 09:37:50.000000000,100050,214,99960,214,100054,214,99950,214,100064,214,99935,214,100100,214,99918,214,100125,100,99912,100,100139,100,99903,100,100147,100,99886,100,100160,100,99873,100,100161,200,99856,100,100171,100,99798,100
2019-06-28 09:37:54.736688280,100050,214,100047,100,100054,214,99960,214,100064,214,99950,214,100100,214,99935,214,100125,100,99918,214,100139,100,99912,100,100147,100,99903,100,100160,100,99886,100,100161,200,99873,100,100171,100,99856,100
2019-06-28 09:38:00.000000000,100050,192,100047,192,100054,192,99960,192,100064,192,99950,192,100100,192,99935,192,100125,192,99918,192,100139,100,99912,100,100147,100,99903,100,100160,100,99886,100,100161,200,99873,100,100171,100,99856,100
2019-06-28 09:38:10.000000000,100050,214,100047,214,100054,214,99960,214,100064,214,99950,214,100100,214,99935,214,100125,100,99918,100,100139,100,99912,100,100147,100,99903,100,100160,100,99886,100,100161,200,99873,100,100171,100,99856,100
2019-06-28 09:38:13.641810839,100050,114,100047,214,100054,214,99960,214,100064,214,99950,214,100100,214,99935,214,100125,100,99918,100,100139,100,99912,100,100147,100,99903,100,100160,100,99886,100,100161,200,99873,100,100171,100,99856,100
2019-06-28 09:38:20.000000000,100054,558,100047,558,100064,100,99960,100,100100,100,99950,100,100125,100,99935,100,100139,100,99918,100,100147,100,99912,100,100160,100,99903,100,100161,200,99886,100,100171,100,99873,100,100214,100,99856,100
2019-06-28 09:38:24.078032350,100054,558,100048,100,100064,100,100047,558,100100,100,99960,100,100125,100,99950,100,100139,100,99935,100,100147,100,99918,100,100160,100,99912,100,100161,200,99903,100,100171,100,99886,100,100214,100,99873,100
2019-06-28 09:38:26.275198042,100054,458,100048,100,100064,100,100047,558,100100,100,99960,100,100125,100,99950,100,100139,100,99935,100,100147,100,99918,100,100160,100,99912,100,100161,200,99903,100,100171,100,99886,100,100214,100,99873,100
2019-06-28 09:38:30.000000000,100064,558,100048,558,100100,100,100047,100,100125,100,99960,100,100139,100,99950,100,100147,100,99935,100,100160,100,99918,100,100161,200,99912,100,100171,100,99903,100,100214,100,99886,100,100245,100,99873,100
2019-06-28 09:38:40.000000000,100064,558,100048,558,100100,100,100047,100,100125,100,99960,100,100139,100,99950,100,100147,100,99935,100,100160,100,99918,100,100161,200,99912,100,100171,100,99903,100,100214,100,99886,100,100245,100,99873,100
2019-06-28 09:38:40.530368584,100064,558,100048,558,100100,100,100047,100,100125,100,99960,100,100139,100,99950,100,100147,100,99935,100,100160,100,99918,100,100161,200,99912,100,100171,100,99903,100,100214,100,99886,100,100245,100,99873,100
2019-06-28 09:38:48.851064012,100064,458,100048,558,100100,100,100047,100,100125,100,99960,100,100139,100,99950,100,100147,100,99935,100,100160,100,99918,100,100161,200,99912,100,100171,100,99903,100,100214,100,99886,100,100245,100,99873,100
2019-06-28 09:38:50.000000000,100100,192,100048,192,100125,192,100047,192,100139,192,99960,192,100147,192,99950,192,100160,192,99935,192,100161,200,99918,100,100171,100,99912,100,100214,100,99903,100,100245,100,99886,100,100388,100,99873,100
2019-06-28 09:39:00.000000000,100100,329,100048,329,100125,329,100047,329,100139,100,99960,100,100147,100,99950,100,100160,100,99935,100,100161,200,99918,100,100171,100,99912,100,100214,100,99903,100,100245,100,99886,100,100388,100,99873,100
2019-06-28 09:39:10.000000000,100100,214,100048,214,100125,214,100047,214,100139,214,99960,214,100147,214,99950,214,100160,100,99935,100,100161,200,99918,100,100171,100,99912,100,100214,100,99903,100,100245,100,99886,100,100388,100,99873,100
2019-06-28 09:39:19.047068991,100100,114,100048,214,100125,214,100047,214,100139,214,99960,214,100147,214,99950,214,100160,100,99935,100,100161,200,99918,100,100171,100,99912,100,100214,100,99903,100,100245,100,99886,100,100388,100,99873,100
2019-06-28 09:39:20.000000000,100125,558,100048,558,100139,100,100047,100,100147,100,99960,100,100160,100,99950,100,100161,200,99935,100,100171,100,99918,100,100214,100,99912,100,100245,100,99903,100,100388,100,99886,100,101234,100,99873,100
2019-06-28 09:39:30.000000000,100125,558,100048,558,100139,100,100047,100,100147,100,99960,100,100160,100,99950,100,100161,200,99935,100,100171,100,99918,100,100214,100,99912,100,100245,100,99903,100,100388,100,99886,100,101234,100,99873,100
2019-06-28 09:39:40.000000000,100125,192,100048,192,100139,192,100047,192,100147,192,99960,192,100160,192,99950,192,100161,292,99935,192,100171,100,99918,100,100214,100,99912,100,100245,100,99903,100,100388,100,99886,100,101234,100,99873,100
2019-06-28 09:39:46.602402088,100125,192,100048,192,100139,192,100047,192,100147,192,99960,192,100160,192,99950,192,100161,292,99935,192,100171,100,99918,100,100214,100,99912,100,100245,100,99903,100,100388,100,99886,100,100929,100,99873,100
2019-06-28 09:39:50.000000000,100125,256,100048,256,100139,251,100047,251,100147,251,99960,251,100160,100,99950,100,100161,200,99935,100,100171,100,99918,100,100214,100,99912,100,100245,100,99903,100,100388,100,99886,100,100929,100,99873,100
2019-06-28 09:39:50.862167275,100125,256,100048,256,100139,251,100047,251,100147,251,99960,251,100160,100,99950,100,100161,200,99935,100,100171,100,99918,100,100214,100,99912,100,100245,100,99903,100,100388,100,99886,100,100907,100,99873,100
2019-06-28 09:39:55.663704838,100125,256,100064,100,100139,251,100048,156,100147,251,100047,251,100160,100,99960,251,100161,200,99950,100,100171,100,99935,100,100214,100,99918,100,100245,100,99912,100,100388,100,99903,100,100907,100,99886,100
2019-06-28 09:40:00.000000000,100125,558,100064,558,100139,100,100047,100,100147,100,99960,100,100160,100,99950,100,100161,200,99935,100,100171,100,99918,100,100214,100,99912,100,100245,100,99903,100,100388,100,99886,100,100907,100,99873,100
2019-06-28 09:40:00.564029968,100125,458,100064,558,100139,100,100047,100,100147,100,99960,100,100160,100,99950,100,100161,200,99935,100,100171,100,99918,100,100214,100,99912,100,100245,100,99903,100,100388,100,99886,100,100907,100,99873,100
2019-06-28 09:40:10.000000000,100139,256,100064,256,100147,251,100047,251,100160,251,99960,251,100161,200,99950,100,100171,100,99935,100,100214,100,99918,100,100245,100,99912,100,100388,100,99903,100,100907,100,99886,100,101234,100,99873,100
2019-06-28 09:40:11.001996050,100139,256,100064,256,100147,251,100047,251,100160,251,99960,251,100161,200,99950,100,100171,100,99935,100,100214,100,99918,100,100245,100,99912,100,100388,100,99903,100,100907,100,99886,100,101154,100,99873,100
2019-06-28 09:40:16.925050323,100139,256,100064,256,100147,251,100047,251,100160,251,99960,151,100161,200,99950,100,100171,100,99935,100,100214,100,99918,100,100245,100,99912,100,100388,100,99903,100,100907,100,99886,100,100921,100,99873,100
2019-06-28 09:40:19.829245314,100139,256,100064,256,100147,251,100047,251,100160,251,99960,151,100161,200,99950,100,100171,100,99935,100,100214,100,99918,100,100245,100,99912,100,100388,100,99903,100,100907,100,99886,100,100921,100,99873,100
2019-06-28 09:40:20.000000000,100139,558,100064,558,100147,100,100047,100,100160,100,99950,100,100161,200,99935,100,100171,100,99918,100,100214,100,99912,100,100245,100,99903,100,100388,100,99886,100,100907,100,99873,100,100921,100,99798,100
2019-06-28 09:40:30.000000000,100139,214,100064,214,100147,214,100047,214,100160,214,99950,214,100161,314,99935,214,100171,100,99918,100,100214,100,99912,100,100245,100,99903,100,100388,100,99886,100,100907,100,99873,100,100921,100,99798,100
2019-06-28 09:40:30.181550369,100139,214,100064,214,100147,214,100047,214,100160,214,99950,214,100161,314,99935,214,100171,100,99918,100,100214,100,99912,100,100388,100,99903,100,100907,100,99886,100,100921,100,99873,100,100983,100,99798,100
2019-06-28 09:40:40.000000000,100139,214,100064,214,100147,214,100047,214,100160,214,99950,214,100161,314,99935,214,100171,100,99918,100,100214,100,99912,100,100388,100,99903,100,100907,100,99886,100,100921,100,99873,100,100983,100,99798,100
2019-06-28 09:40:46.227910139,100139,214,100100,100,100147,214,100064,214,100160,214,100047,214,100161,314,99950,214,100171,100,99935,214,100214,100,99918,100,100388,100,99912,100,100907,100,99903,100,100921,100,99886,100,100983,100,99873,100
2019-06-28 09:40:50.000000000,100139,329,100100,329,100147,329,100064,329,100160,100,100047,100,100161,200,99950,100,100171,100,99935,100,100214,100,99918,100,100388,100,99912,100,100907,100,99903,100,100921,100,99886,100,100983,100,99873,100
2019-06-28 09:41:00.000000000,100139,558,100100,558,100147,100,100064,100,100160,100,100047,100,100161,200,99950,100,100171,100,99935,100,100214,100,99918,100,100388,100,99912,100,100907,100,99903,100,100921,100,99886,100,100983,100,99873,100
2019-06-28 09:41:10.000000000,100139,329,100100,329,100147,329,100064,329,100160,100,100047,100,100161,200,99950,100,100171,100,99935,100,100214,100,99918,100,100388,100,99912,100,100907,100,99903,100,100921,100,99886,100,100983,100,99873,100
2019-06-28 09:41:13.744474435,100139,229,100100,329,100147,329,100064,329,100160,100,100047,100,100161,200,99950,100,100171,100,99935,100,100214,100,99918,100,100388,100,99912,100,100907,100,99903,100,100921,100,99886,100,100983,100,99873,100
2019-06-28 09:41:20.000000000,100147,329,100100,329,100160,329,100064,329,100161,200,100047,100,100171,100,99950,100,100214,100,99935,100,100388,100,99918,100,100907,100,99912,100,100921,100,99903,100,100983,100,99886,100,101154,100,99873,100
2019-06-28 09:41:26.462986873,100147,329,100125,100,100160,329,100100,329,100161,200,100064,329,100171,100,100047,100,100214,100,99950,100,100388,100,99935,100,100907,100,99918,100,100921,100,99912,100,100983,100,99903,100,101154,100,99886,100
2019-06-28 09:41:30.000000000,100147,329,100125,329,100160,329,100100,329,100161,200,100064,100,100171,100,100047,100,100214,100,99950,100,100388,100,99935,100,100907,100,99918,100,100921,100,99912,100,100983,100,99903,100,101154,100,99886,100
2019-06-28 09:41:39.523740666,100147,329,100125,329,100160,329,100100,329,100161,200,100064,100,100214,100,100047,100,100388,100,99950,100,100766,100,99935,100,100907,100,99918,100,100921,100,99912,100,100983,100,99903,100,101154,100,99886,100
2019-06-28 09:41:40.000000000,100147,329,100125,329,100160,329,100100,329,100161,200,100064,100,100214,100,100047,100,100388,100,99950,100,100766,100,99935,100,100907,100,99918,100,100921,100,99912,100,100983,100,99903,100,101154,100,99886,100
2019-06-28 09:41:48.958801886,100147,229,100125,329,100160,329,100100,329,100161,200,100064,100,100214,100,100047,100,100388,100,99935,100,100766,100,99918,100,100907,100,99912,100,100921,100,99903,100,100983,100,99886,100,101154,100,99873,100
2019-06-28 09:41:50.000000000,100160,256,100125,256,100161,351,100100,251,100214,251,100064,251,100388,100,100047,100,100766,100,99935,100,100907,100,99918,100,100921,100,99912,100,100983,100,99903,100,101154,100,99886,100,101195,100,99873,100
2019-06-28 09:42:00.000000000,100160,558,100125,558,100161,200,100100,100,100214,100,100064,100,100388,100,100047,100,100766,100,99935,100,100907,100,99918,100,100921,100,99912,100,100983,100,99903,100,101154,100,99886,100,101195,100,99873,100
2019-06-28 09:42:10.000000000,100160,214,100125,214,100161,314,100100,214,100214,214,100064,214,100388,214,100047,214,100766,100,99935,100,100907,100,99918,100,100921,100,99912,100,100983,100,99903,100,101154,100,99886,100,101195,100,99873,100
2019-06-28 09:42:20.000000000,100160,192,100125,192,100161,292,100100,192,100214,192,100064,192,100388,192,100047,192,100766,192,99935,192,100907,100,99918,100,100921,100,99912,100,100983,100,99903,100,101154,100,99886,100,101195,100,99873,100
2019-06-28 09:42:30.000000000,100160,558,100125,558,100161,200,100100,100,100214,100,100064,100,100388,100,100047,100,100766,100,99935,100,100907,100,99918,100,100921,100,99912,100,100983,100,99903,100,101154,100,99886,100,101195,100,99873,100
2019-06-28 09:42:37.777371489,100160,558,100125,558,100161,200,100064,100,100214,100,100047,100,100388,100,99935,100,100766,100,99918,100,100907,100,99912,100,100921,100,99903,100,100983,100,99886,100,101154,100,99873,100,101195,100,99798,100
2019-06-28 09:42:40.000000000,100160,192,100125,192,100161,292,100064,192,100214,192,100047,192,100388,192,99935,192,100766,192,99918,192,100907,100,99912,100,100921,100,99903,100,100983,100,99886,100,101154,100,99873,100,101195,100,99798,100
2019-06-28 09:42:50.000000000,100160,329,100125,329,100161,429,100064,329,100214,100,100047,100,100388,100,99935,100,100766,100,99918,100,100907,100,99912,100,100921,100,99903,100,100983,100,99886,100,101154,100,99873,100,101195,100,99798,100
2019-06-28 09:43:00.000000000,100160,192,100125,192,100161,292,100064,192,100214,192,100047,192,100388,192,99935,192,100766,192,99918,192,100907,100,99912,100,100921,100,99903,100,100983,100,99886,100,101154,100,99873,100,101195,100,99798,100
2019-06-28 09:43:09.443409877,100160,92,100125,192,100161,292,100064,192,100214,192,100047,192,100388,192,99935,192,100766,192,99918,92,100907,100,99912,100,100921,100,99903,100,100983,100,99886,100,101154,100,99873,100,101195,100,99798,100
2019-06-28 09:43:09.593014289,100161,292,100160,8,100214,192,100125,192,100388,192,100064,192,100766,192,100047,192,100907,100,99935,192,100983,100,99918,92,101154,100,99912,100,101195,100,99903,100,101234,100,99886,100,,,99873,100
2019-06-28 09:43:10.000000000,100161,658,100160,466,100214,100,100125,100,100388,100,100064,100,100766,100,100047,100,100907,100,99935,100,100983,100,99912,100,101154,100,99903,100,101195,100,99886,100,101234,100,99873,100,,,99798,100
2019-06-28 09:43:20.000000000,100161,356,100160,164,100214,251,100125,251,100388,251,100064,251,100766,100,100047,100,100907,100,99935,100,100983,100,99912,100,101154,100,99903,100,101195,100,99886,100,101234,100,99873,100,,,99798,100
2019-06-28 09:43:20.776343356,100161,356,100160,164,100214,251,100125,251,100388,251,100064,251,100690,100,100047,100,100766,100,99935,100,100907,100,99912,100,100983,100,99903,100,101154,100,99886,100,101195,100,99873,100,101234,100,99798,100
2019-06-28 09:43:30.000000000,100161,292,100160,100,100214,192,100125,192,100388,192,100064,192,100690,192,100047,192,100766,192,99935,192,100907,100,99912,100,100983,100,99903,100,101154,100,99886,100,101195,100,99873,100,101234,100,99798,100
2019-06-28 09:43:40.000000000,100161,658,100160,466,100214,100,100125,100,100388,100,100064,100,100690,100,100047,100,100766,100,99935,100,100907,100,99912,100,100983,100,99903,100,101154,100,99886,100,101195,100,99873,100,101234,100,99798,100
2019-06-28 09:43:50.000000000,100161,429,100160,237,100214,329,100125,329,100388,100,100064,100,100690,100,100047,100,100766,100,99935,100,100907,100,99912,100,100983,100,99903,100,101154,100,99886,100,101195,100,99873,100,101234,100,99798,100
2019-06-28 09:44:00.000000000,100161,314,100160,122,100214,214,100125,214,100388,214,100064,214,100690,214,100047,214,100766,100,99935,100,100907,100,99912,100,100983,100,99903,100,101154,100,99886,100,101195,100,99873,100,101234,100,99798,100
2019-06-28 09:44:10.000000000,100161,429,100160,237,100214,329,100125,329,100388,100,100064,100,100690,100,100047,100,100766,100,99935,100,100907,100,99912,100,100983,100,99903,100,101154,100,99886,100,101195,100,99873,100,101234,100,99798,100
2019-06-28 09:44:20.000000000,100161,429,100160,237,100214,329,100125,329,100388,100,100064,100,100690,100,100047,100,100766,100,99935,100,100907,100,99912,100,100983,100,99903,100,101154,100,99886,100,101195,100,99873,100,101234,100,99798,100
2019-06-28 09:44:21.902072345,100161,429,100160,337,100214,329,100125,329,100388,100,100064,100,100690,100,100047,100,100766,100,99935,100,100907,100,99912,100,100983,100,99903,100,101154,100,99886,100,101195,100,99873,100,101234,100,99798,100
2019-06-28 09:44:30.000000000,100161,314,100160,222,100214,214,100125,214,100388,214,100064,214,100690,214,100047,214,100766,100,99935,100,100907,100,99912,100,100983,100,99903,100,101154,100,99886,100,101195,100,99873,100,101234,100,99798,100
2019-06-28 09:44:36.722001533,100161,214,100160,222,100214,214,100125,214,100388,214,100064,214,100690,214,100047,214,100907,100,99935,100,100983,100,99912,100,101154,100,99903,100,101195,100,99886,100,101234,100,99873,100,,,99798,100
2019-06-28 09:44:40.000000000,100161,256,100160,264,100214,251,100125,251,100388,251,100064,251,100690,100,100047,100,100907,100,99935,100,100983,100,99912,100,101154,100,99903,100,101195,100,99886,100,101234,100,99873,100,,,99798,100
2019-06-28 09:44:50.000000000,100161,256,100160,264,100214,251,100125,251,100388,251,100064,251,100690,100,100047,100,100907,100,99935,100,100983,100,99912,100,101154,100,99903,100,101195,100,99886,100,101234,100,99873,100,,,99798,100
2019-06-28 09:44:53.734070475,100161,156,100160,264,100214,251,100125,251,100388,251,100064,251,100690,100,100047,100,100907,100,99935,100,100983,100,99912,100,101154,100,99903,100,101195,100,99886,100,101234,100,99873,100,,,99798,100
2019-06-28 09:45:00.000000000,100214,558,100160,566,100388,100,100125,100,100690,100,100064,100,100907,100,100047,100,100983,100,99935,100,101154,100,99912,100,101195,100,99903,100,101234,100,99886,100,,,99873,100,,,99798,100
2019-06-28 09:45:10.000000000,100214,256,100160,264,100388,251,100125,251,100690,251,100064,251,100907,100,100047,100,100983,100,99935,100,101154,100,99912,100,101195,100,99903,100,101234,100,99886,100,,,99873,100,,,99798,100
2019-06-28 09:45:19.075232218,100214,256,100161,100,100388,251,100160,264,100690,251,100125,251,100907,100,100064,251,100983,100,100047,100,101154,100,99935,100,101195,100,99912,100,101234,100,99903,100,,,99886,100,,,99873,100
2019-06-28 09:45:20.000000000,100214,214,100161,214,100388,214,100160,222,100690,214,100125,214,100907,214,100064,214,100983,100,100047,100,101154,100,99935,100,101195,100,99912,100,101234,100,99903,100,,,99886,100,,,99873,100
2019-06-28 09:45:30.000000000,100214,214,100161,214,100388,214,100160,222,100690,214,100125,214,100907,214,100064,214,100983,100,100047,100,101154,100,99935,100,101195,100,99912,100,101234,100,99903,100,,,99886,100,,,99873,100
2019-06-28 09:45:40.000000000,100214,214,100161,214,100388,214,100160,222,100690,214,100125,214,100907,214,100064,214,100983,100,100047,100,101154,100,99935,100,101195,100,99912,100,101234,100,99903,100,,,99886,100,,,99873,100
2019-06-28 09:45:50.000000000,100214,329,100161,329,100388,329,100160,337,100690,100,100125,100,100907,100,100064,100,100983,100,100047,100,101154,100,99935,100,101195,100,99912,100,101234,100,99903,100,,,99886,100,,,99873,100
2019-06-28 09:45:53.075818412,100214,329,100161,329,100388,329,100160,337,100690,100,100125,100,100907,100,100095,100,100983,100,100064,100,101154,100,100047,100,101195,100,99935,100,101234,100,99912,100,,,99903,100,,,99886,100
2019-06-28 09:46:00.000000000,100214,214,100161,214,100388,214,100160,222,100690,214,100125,214,100907,214,100095,214,100983,100,100064,100,101154,100,100047,100,101195,100,99935,100,101234,100,99912,100,,,99903,100,,,99886,100
2019-06-28 09:46:10.000000000,100214,192,100161,192,100388,192,100160,200,100690,192,100125,192,100907,192,100095,192,100983,192,100064,192,101154,100,100047,100,101195,100,99935,100,101234,100,99912,100,,,99903,100,,,99886,100
2019-06-28 09:46:16.581169634,100214,192,100161,192,100388,192,100160,200,100690,192,100125,192,100907,192,100095,192,100983,192,100064,192,101154,100,100047,100,101195,100,99935,100,101234,100,99912,100,,,99904,100,,,99903,100
2019-06-28 09:46:20.000000000,100214,558,100161,558,100388,100,100160,108,100690,100,100125,100,100907,100,100095,100,100983,100,100064,100,101154,100,100047,100,101195,100,99935,100,101234,100,99912,100,,,99904,100,,,99903,100
2019-06-28 09:46:27.934966958,100214,558,100161,458,100388,100,100160,108,100690,100,100125,100,100907,100,100095,100,100983,100,100064,100,101154,100,100047,100,101195,100,99935,100,101234,100,99912,100,,,99904,100,,,99903,100
2019-06-28 09:46:30.000000000,100214,558,100160,566,100388,100,100125,100,100690,100,100095,100,100907,100,100064,100,100983,100,100047,100,101154,100,99935,100,101195,100,99912,100,101234,100,99904,100,,,99903,100,,,99886,100
2019-06-28 09:46:39.028861391,100214,558,100160,466,100388,100,100095,100,100690,100,100064,100,100907,100,100047,100,100983,100,99935,100,101154,100,99912,100,101195,100,99904,100,101234,100,99903,100,,,99886,100,,,99873,100
2019-06-28 09:46:40.000000000,100214,558,100160,466,100388,100,100095,100,100690,100,100064,100,100907,100,100047,100,100983,100,99935,100,101154,100,99912,100,101195,100,99904,100,101234,100,99903,100,,,99886,100,,,99873,100
2019-06-28 09:46:40.021755817,100214,558,100160,366,100388,100,100095,100,100907,100,100064,100,100983,100,100047,100,101154,100,99935,100,101195,100,99912,100,101234,100,99904,100,,,99903,100,,,99886,100,,,99873,100
2019-06-28 09:46:50.000000000,100214,256,100095,256,100388,251,100064,251,100907,251,100047,251,100983,100,99935,100,101154,100,99912,100,101195,100,99904,100,101234,100,99903,100,,,99886,100,,,99873,100,,,99798,100
2019-06-28 09:47:00.000000000,100214,192,100095,192,100388,192,100064,192,100907,192,100047,192,100983,192,99935,192,101154,192,99912,192,101195,100,99904,100,101234,100,99903,100,,,99886,100,,,99873,100,,,99798,100
2019-06-28 09:47:10.000000000,100214,214,100095,214,100388,214,100064,214,100907,214,100047,214,100983,214,99935,214,101154,100,99912,100,101195,100,99904,100,101234,100,99903,100,,,99886,100,,,99873,100,,,99798,100
2019-06-28 09:47:11.639572563,100214,214,100095,114,100388,214,100064,214,100907,214,100047,214,100983,214,99935,214,101154,100,99912,100,101195,100,99904,100,101234,100,99903,100,,,99886,100,,,99873,100,,,99798,100
2019-06-28 09:47:20.000000000,100214,558,100064,558,100388,100,100047,100,100907,100,99935,100,100983,100,99912,100,101154,100,99904,100,101195,100,99903,100,101234,100,99886,100,,,99873,100,,,99798,100,,,99788,100
2019-06-28 09:47:30.000000000,100214,329,100064,329,100388,329,100047,329,100907,100,99935,100,100983,100,99912,100,101154,100,99904,100,101195,100,99903,100,101234,100,99886,100,,,99873,100,,,99798,100,,,99788,100
2019-06-28 09:47:40.000000000,100214,558,100064,558,100388,100,100047,100,100907,100,99935,100,100983,100,99912,100,101154,100,99904,100,101195,100,99903,100,101234,100,99886,100,,,99873,100,,,99798,100,,,99788,100
2019-06-28 09:47:50.000000000,100214,214,100064,214,100388,214,100047,214,100907,214,99935,214,100983,214,99912,214,101154,100,99904,100,101195,100,99903,100,101234,100,99886,100,,,99873,100,,,99798,100,,,99788,100
2019-06-28 09:48:00.000000000,100214,256,100064,256,100388,251,100047,251,100907,251,99935,251,100983,100,99912,100,101154,100,99904,100,101195,100,99903,100,101234,100,99886,100,,,99873,100,,,99798,100,,,99788,100
2019-06-28 09:48:10.000000000,100214,192,100064,192,100388,192,100047,192,100907,192,99935,192,100983,192,99912,192,101154,192,99904,192,101195,100,99903,100,101234,100,99886,100,,,99873,100,,,99798,100,,,99788,100
2019-06-28 09:48:11.906276239,100214,192,100064,192,100388,192,100047,192,100907,192,99935,192,100983,192,99912,192,101050,100,99904,192,101154,192,99903,100,101195,100,99886,100,101234,100,99873,100,,,99798,100,,,99788,100
2019-06-28 09:48:20.000000000,100214,329,100064,329,100388,329,100047,329,100907,100,99935,100,100983,100,99912,100,101050,100,99904,100,101154,100,99903,100,101195,100,99886,100,101234,100,99873,100,,,99798,100,,,99788,100
2019-06-28 09:48:30.000000000,100214,192,100064,192,100388,192,100047,192,100907,192,99935,192,100983,192,99912,192,101050,192,99904,192,101154,100,99903,100,101195,100,99886,100,101234,100,99873,100,,,99798,100,,,99788,100
2019-06-28 09:48:32.117714023,100214,192,100064,192,100388,192,100047,192,100603,100,99935,192,100907,192,99912,192,100983,192,99904,192,101050,192,99903,100,101154,100,99886,100,101195,100,99873,100,101234,100,99798,100,,,99788,100
2019-06-28 09:48:39.822034601,100214,192,100064,192,100388,192,100047,192,100603,100,99935,192,100778,100,99912,192,100907,192,99904,192,100983,192,99903,100,101050,192,99886,100,101154,100,99873,100,101195,100,99798,100,101234,100,99788,100
2019-06-28 09:48:40.000000000,100214,329,100064,329,100388,329,100047,329,100603,100,99935,100,100778,100,99912,100,100907,100,99904,100,100983,100,99903,100,101050,100,99886,100,101154,100,99873,100,101195,100,99798,100,101234,100,99788,100
2019-06-28 09:48:50.000000000,100214,256,100064,256,100388,251,100047,251,100603,251,99935,251,100778,100,99912,100,100907,100,99904,100,100983,100,99903,100,101050,100,99886,100,101154,100,99873,100,101195,100,99798,100,101234,100,99788,100
2019-06-28 09:48:55.146653522,100214,256,100064,256,100388,251,100047,251,100603,251,99935,251,100778,100,99912,100,100907,100,99904,100,100983,100,99903,100,101050,100,99886,100,101100,100,99873,100,101154,100,99798,100,101195,100,99788,100
2019-06-28 09:49:00.000000000,100214,558,100064,558,100388,100,100047,100,100603,100,99935,100,100778,100,99912,100,100907,100,99904,100,100983,100,99903,100,101050,100,99886,100,101100,100,99873,100,101154,100,99798,100,101195,100,99788,100
2019-06-28 09:49:03.314615959,100214,558,100064,558,100388,100,100047,100,100603,100,99935,100,100778,100,99912,100,100907,100,99904,100,100983,100,99903,100,101047,100,99886,100,101050,100,99873,100,101100,100,99798,100,101154,100,99788,100
2019-06-28 09:49:07.545787746,100214,458,100064,558,100388,100,100047,100,100603,100,99935,100,100778,100,99912,100,100907,100,99904,100,100983,100,99903,100,101047,100,99886,100,101050,100,99873,100,101100,100,99798,100,101154,100,99788,100
2019-06-28 09:49:09.851227546,100214,358,100064,558,100388,100,100047,100,100778,100,99935,100,100907,100,99912,100,100983,100,99904,100,101047,100,99903,100,101050,100,99886,100,101100,100,99873,100,101154,100,99798,100,101195,100,99788,100
2019-06-28 09:49:10.000000000,100388,256,100064,256,100778,251,100047,251,100907,251,99935,251,100983,100,99912,100,101047,100,99904,100,101050,100,99903,100,101100,100,99886,100,101154,100,99873,100,101195,100,99798,100,101234,100,99788,100
2019-06-28 09:49:20.000000000,100388,192,100064,192,100778,192,100047,192,100907,192,99935,192,100983,192,99912,192,101047,192,99904,192,101050,100,99903,100,101100,100,99886,100,101154,100,99873,100,101195,100,99798,100,101234,100,99788,100
2019-06-28 09:49:30.000000000,100388,558,100064,558,100778,100,100047,100,100907,100,99935,100,100983,100,99912,100,101047,100,99904,100,101050,100,99903,100,101100,100,99886,100,101154,100,99873,100,101195,100,99798,100,101234,100,99788,100
2019-06-28 09:49:32.042954148,100388,558,100064,558,100759,100,100047,100,100778,100,99935,100,100907,100,99912,100,100983,100,99904,100,101047,100,99903,100,101050,100,99886,100,101100,100,99873,100,101154,100,99798,100,101195,100,99788,100
2019-06-28 09:49:40.000000000,100388,558,100064,558,100759,100,100047,100,100778,100,99935,100,100907,100,99912,100,100983,100,99904,100,101047,100,99903,100,101050,100,99886,100,101100,100,99873,100,101154,100,99798,100,101195,100,99788,100
2019-06-28 09:49:41.950851832,100388,558,100064,558,100759,100,100047,100,100778,100,99935,100,100907,100,99912,100,100983,100,99904,100,101019,100,99903,100,101047,100,99886,100,101050,100,99873,100,101100,100,99798,100,101154,100,99788,100
2019-06-28 09:49:50.000000000,100388,214,100064,214,100759,214,100047,214,100778,214,99935,214,100907,214,99912,214,100983,100,99904,100,101019,100,99903,100,101047,100,99886,100,101050,100,99873,100,101100,100,99798,100,101154,100,99788,100
2019-06-28 09:49:54.304242156,100388,214,100064,214,100759,214,100047,214,100778,214,99935,214,100907,214,99912,214,100932,100,99903,100,100983,100,99886,100,101019,100,99873,100,101047,100,99798,100,101050,100,99788,100,101100,100,,
2019-06-28 09:50:00.000000000,100388,558,100064,558,100759,100,100047,100,100778,100,99935,100,100907,100,99912,100,100932,100,99903,100,100983,100,99886,100,101019,100,99873,100,101047,100,99798,100,101050,100,99788,100,101100,100,,
2019-06-28 09:50:10.000000000,100388,214,100064,214,100759,214,100047,214,100778,214,99935,214,100907,214,99912,214,100932,100,99903,100,100983,100,99886,100,101019,100,99873,100,101047,100,99798,100,101050,100,99788,100,101100,100,,
2019-06-28 09:50:13.314528964,100388,114,100064,214,100759,214,100047,214,100778,214,99935,214,100907,214,99912,214,100932,100,99903,100,100983,100,99886,100,101019,100,99873,100,101047,100,99798,100,101050,100,99788,100,101100,100,,
2019-06-28 09:50:20.000000000,100759,192,100064,192,100778,192,100047,192,100907,192,99935,192,100932,192,99912,192,100983,192,99903,192,101019,100,99886,100,101047,100,99873,100,101050,100,99798,100,101100,100,99788,100,101154,100,,
2019-06-28 09:50:30.000000000,100759,214,100064,214,100778,214,100047,214,100907,214,99935,214,100932,214,99912,214,100983,100,99903,100,101019,100,99886,100,101047,100,99873,100,101050,100,99798,100,101100,100,99788,100,101154,100,,
2019-06-28 09:50:32.190931529,100759,214,100064,214,100778,214,100047,214,100907,214,99935,214,100932,214,99912,214,100983,100,99903,100,101019,100,99886,100,101047,100,99873,100,101050,100,99798,100,101100,100,99788,100,101154,100,,
2019-06-28 09:50:40.000000000,100759,329,100064,329,100778,329,100047,329,100907,100,99935,100,100932,100,99912,100,100983,100,99903,100,101019,100,99886,100,101047,100,99873,100,101050,100,99798,100,101100,100,99788,100,101154,100,,
2019-06-28 09:50:48.405400265,100759,329,100609,100,100778,329,100064,329,100907,100,100047,329,100932,100,99935,100,100983,100,99912,100,101019,100,99903,100,101047,100,99886,100,101050,100,99873,100,101100,100,99798,100,101154,100,99788,100
2019-06-28 09:50:50.000000000,100759,214,100609,214,100778,214,100064,214,100907,214,100047,214,100932,214,99935,214,100983,100,99912,100,101019,100,99903,100,101047,100,99886,100,101050,100,99873,100,101100,100,99798,100,101154,100,99788,100
2019-06-28 09:50:50.445269921,100746,100,100609,214,100759,214,100064,214,100778,214,100047,214,100907,214,99935,214,100932,214,99912,100,100983,100,99903,100,101019,100,99886,100,101047,100,99873,100,101050,100,99798,100,101100,100,99788,100
2019-06-28 09:50:58.523462662,100746,100,100609,214,100759,214,100214,100,100778,214,100064,214,100907,214,100047,214,100932,214,99935,214,100983,100,99912,100,101019,100,99903,100,101047,100,99886,100,101050,100,99873,100,101100,100,99798,100
2019-06-28 09:51:00.000000000,100746,214,100609,214,100759,214,100214,214,100778,214,100064,214,100907,214,100047,214,100932,100,99935,100,100983,100,99912,100,101019,100,99903,100,101047,100,99886,100,101050,100,99873,100,101100,100,99798,100
2019-06-28 09:51:01.818768901,100746,114,100609,214,100759,214,100214,214,100778,214,100064,214,100907,214,100047,214,100932,100,99935,100,100983,100,99912,100,101019,100,99903,100,101047,100,99886,100,101050,100,99873,100,101100,100,99798,100
2019-06-28 09:51:10.000000000,100759,192,100609,192,100778,192,100214,192,100907,192,100064,192,100932,192,100047,192,100983,192,99935,192,101019,100,99912,100,101047,100,99903,100,101050,100,99886,100,101100,100,99873,100,101154,100,99798,100
2019-06-28 09:51:20.000000000,100759,558,100609,558,100778,100,100214,100,100907,100,100064,100,100932,100,100047,100,100983,100,99935,100,101019,100,99912,100,101047,100,99903,100,101050,100,99886,100,101100,100,99873,100,101154,100,99798,100
2019-06-28 09:51:21.942120128,100759,558,100751,100,100778,100,100609,558,100907,100,100214,100,100932,100,100064,100,100983,100,100047,100,101019,100,99935,100,101047,100,99912,100,101050,100,99903,100,101100,100,99886,100,101154,100,99873,100
2019-06-28 09:51:29.694937927,100759,558,100756,100,100778,100,100751,100,100907,100,100609,558,100932,100,100214,100,101019,100,100064,100,101047,100,100047,100,101050,100,99935,100,101100,100,99912,100,101154,100,99903,100,101234,100,99886,100
2019-06-28 09:51:30.000000000,100759,558,100756,558,100778,100,100751,100,100907,100,100609,100,100932,100,100214,100,101019,100,100064,100,101047,100,100047,100,101050,100,99935,100,101100,100,99912,100,101154,100,99903,100,101234,100,99886,100
2019-06-28 09:51:31.659442563,100759,458,100756,558,100778,100,100751,100,100907,100,100609,100,100932,100,100214,100,101019,100,100064,100,101047,100,100047,100,101050,100,99935,100,101154,100,99912,100,101234,100,99903,100,101406,100,99886,100
2019-06-28 09:51:40.000000000,100778,214,100756,214,100907,214,100751,214,100932,214,100609,214,101019,214,100214,214,101047,100,100064,100,101050,100,100047,100,101154,100,99935,100,101234,100,99912,100,101406,100,99903,100,,,99886,100
2019-06-28 09:51:49.703050568,100778,114,100756,214,100907,214,100751,214,100932,214,100609,214,101019,214,100214,214,101047,100,100064,100,101050,100,100047,100,101154,100,99935,100,101234,100,99912,100,101406,100,99903,100,,,99886,100
2019-06-28 09:51:50.000000000,100907,256,100756,256,100932,251,100751,251,101019,251,100609,251,101047,100,100214,100,101050,100,100064,100,101154,100,100047,100,101234,100,99935,100,101406,100,99912,100,,,99903,100,,,99886,100
2019-06-28 09:51:52.218789523,100907,256,100756,256,100932,251,100751,251,101019,251,100609,251,101047,100,100214,100,101050,100,100064,100,101089,100,100047,100,101154,100,99935,100,101234,100,99912,100,101406,100,99903,100,,,99886,100
2019-06-28 09:52:00.000000000,100907,214,100756,214,100932,214,100751,214,101019,214,100609,214,101047,214,100214,214,101050,100,100064,100,101089,100,100047,100,101154,100,99935,100,101234,100,99912,100,101406,100,99903,100,,,99886,100
2019-06-28 09:52:08.953301936,100907,214,100756,214,100925,100,100751,214,100932,214,100609,214,101019,214,100214,214,101047,214,100064,100,101050,100,100047,100,101089,100,99935,100,101154,100,99912,100,101234,100,99903,100,101406,100,99886,100
2019-06-28 09:52:10.000000000,100907,256,100756,256,100925,251,100751,251,100932,251,100609,251,101019,100,100214,100,101047,100,100064,100,101050,100,100047,100,101089,100,99935,100,101154,100,99912,100,101234,100,99903,100,101406,100,99886,100
2019-06-28 09:52:20.000000000,100907,192,100756,192,100925,192,100751,192,100932,192,100609,192,101019,192,100214,192,101047,192,100064,192,101050,100,100047,100,101089,100,99935,100,101154,100,99912,100,101234,100,99903,100,101406,100,99886,100
2019-06-28 09:52:26.657178178,100907,92,100756,192,100925,192,100751,192,100932,192,100609,192,101019,192,100214,192,101047,192,100064,192,101089,100,100047,100,101154,100,99935,100,101234,100,99912,100,101406,100,99903,100,,,99886,100
2019-06-28 09:52:30.000000000,100925,214,100756,214,100932,214,100751,214,101019,214,100609,214,101047,214,100214,214,101089,100,100064,100,101154,100,100047,100,101234,100,99935,100,101406,100,99912,100,,,99903,100,,,99886,100
2019-06-28 09:52:40.000000000,100925,214,100756,214,100932,214,100751,214,101019,214,100609,214,101047,214,100214,214,101089,100,100064,100,101154,100,100047,100,101234,100,99935,100,101406,100,99912,100,,,99903,100,,,99886,100
2019-06-28 09:52:50.000000000,100925,214,100756,214,100932,214,100751,214,101019,214,100609,214,101047,214,100214,214,101089,100,100064,100,101154,100,100047,100,101234,100,99935,100,101406,100,99912,100,,,99903,100,,,99886,100
2019-06-28 09:52:57.869332147,100925,214,100756,214,100932,214,100751,214,101019,214,100609,214,101040,100,100214,214,101047,214,100064,100,101089,100,100047,100,101154,100,99935,100,101234,100,99912,100,101406,100,99903,100,,,99886,100
2019-06-28 09:53:00.000000000,100925,558,100756,558,100932,100,100751,100,101019,100,100609,100,101040,100,100214,100,101047,100,100064,100,101089,100,100047,100,101154,100,99935,100,101234,100,99912,100,101406,100,99903,100,,,99886,100
2019-06-28 09:53:02.094503307,100925,558,100756,558,101019,100,100751,100,101040,100,100720,100,101047,100,100609,100,101089,100,100214,100,101154,100,100064,100,101234,100,100047,100,101406,100,99935,100,,,99912,100,,,99903,100
2019-06-28 09:53:03.413984602,100835,100,100756,558,100925,558,100751,100,101019,100,100720,100,101040,100,100609,100,101089,100,100214,100,101154,100,100064,100,101234,100,100047,100,101406,100,99935,100,,,99912,100,,,99903,100
2019-06-28 09:53:10.000000000,100835,329,100756,329,100925,329,100751,329,101019,100,100720,100,101040,100,100609,100,101089,100,100214,100,101154,100,100064,100,101234,100,100047,100,101406,100,99935,100,,,99912,100,,,99903,100
2019-06-28 09:53:20.000000000,100835,214,100756,214,100925,214,100751,214,101019,214,100720,214,101040,214,100609,214,101089,100,100214,100,101154,100,100064,100,101234,100,100047,100,101406,100,99935,100,,,99912,100,,,99903,100
2019-06-28 09:53:24.852509333,100835,214,100778,100,100925,214,100756,214,101019,214,100751,214,101040,214,100720,214,101089,100,100609,214,101154,100,100214,100,101234,100,100064,100,101406,100,100047,100,,,99935,100,,,99912,100
2019-06-28 09:53:30.000000000,100835,192,100778,192,100925,192,100756,192,101019,192,100751,192,101040,192,100720,192,101089,192,100609,192,101154,100,100214,100,101234,100,100064,100,101406,100,100047,100,,,99935,100,,,99912,100
2019-06-28 09:53:40.000000000,100835,192,100778,192,100925,192,100756,192,101019,192,100751,192,101040,192,100720,192,101089,192,100609,192,101154,100,100214,100,101234,100,100064,100,101406,100,100047,100,,,99935,100,,,99912,100
2019-06-28 09:53:50.000000000,100835,558,100778,558,100925,100,100756,100,101019,100,100751,100,101040,100,100720,100,101089,100,100609,100,101154,100,100214,100,101234,100,100064,100,101406,100,100047,100,,,99935,100,,,99912,100
2019-06-28 09:53:51.982064309,100835,458,100778,558,100850,100,100756,100,100925,100,100751,100,101019,100,100720,100,101040,100,100609,100,101089,100,100214,100,101154,100,100064,100,101234,100,100047,100,101406,100,99935,100,,,99912,100
2019-06-28 09:53:53.608310778,100835,458,100778,658,100850,100,100756,100,100925,100,100751,100,101019,100,100720,100,101040,100,100609,100,101089,100,100214,100,101154,100,100064,100,101234,100,100047,100,101406,100,99935,100,,,99912,100
2019-06-28 09:54:00.000000000,100850,214,100778,314,100925,214,100756,214,101019,214,100751,214,101040,214,100720,214,101089,100,100609,100,101154,100,100214,100,101234,100,100064,100,101406,100,100047,100,,,99935,100,,,99912,100
2019-06-28 09:54:01.104027924,100850,214,100778,314,100925,214,100756,214,100953,100,100751,214,101019,214,100720,214,101040,214,100609,100,101089,100,100214,100,101154,100,100064,100,101234,100,100047,100,101406,100,99935,100,,,99912,100
2019-06-28 09:54:06.450760689,100847,100,100778,314,100850,214,100756,214,100925,214,100751,214,100953,100,100720,214,101019,214,100609,100,101040,214,100214,100,101089,100,100064,100,101154,100,100047,100,101234,100,99935,100,101406,100,99912,100
2019-06-28 09:54:10.000000000,100847,329,100778,429,100850,329,100756,329,100925,100,100751,100,100953,100,100720,100,101019,100,100609,100,101040,100,100214,100,101089,100,100064,100,101154,100,100047,100,101234,100,99935,100,101406,100,99912,100
2019-06-28 09:54:20.000000000,100847,329,100778,429,100850,329,100756,329,100925,100,100751,100,100953,100,100720,100,101019,100,100609,100,101040,100,100214,100,101089,100,100064,100,101154,100,100047,100,101234,100,99935,100,101406,100,99912,100
2019-06-28 09:54:30.000000000,100847,329,100778,429,100850,329,100756,329,100925,100,100751,100,100953,100,100720,100,101019,100,100609,100,101040,100,100214,100,101089,100,100064,100,101154,100,100047,100,101234,100,99935,100,101406,100,99912,100
2019-06-28 09:54:38.389270532,100847,329,100778,429,100850,329,100756,329,100925,100,100751,100,100953,100,100720,100,101019,100,100609,100,101040,100,100214,100,101154,100,100064,100,101176,100,100047,100,101234,100,99935,100,101406,100,99912,100
2019-06-28 09:54:40.000000000,100847,214,100778,314,100850,214,100756,214,100925,214,100751,214,100953,214,100720,214,101019,100,100609,100,101040,100,100214,100,101154,100,100064,100,101176,100,100047,100,101234,100,99935,100,101406,100,99912,100
2019-06-28 09:54:50.000000000,100847,192,100778,292,100850,192,100756,192,100925,192,100751,192,100953,192,100720,192,101019,192,100609,192,101040,100,100214,100,101154,100,100064,100,101176,100,100047,100,101234,100,99935,100,101406,100,99912,100
2019-06-28 09:54:54.904630234,100847,192,100778,292,100850,192,100756,192,100925,192,100751,192,100953,192,100720,192,101019,192,100609,192,101040,100,100214,100,101077,100,100064,100,101154,100,100047,100,101176,100,99935,100,101234,100,99912,100
2019-06-28 09:54:55.392535893,100847,192,100778,392,100850,192,100756,192,100925,192,100751,192,100953,192,100720,192,101019,192,100609,192,101040,100,100214,100,101077,100,100064,100,101154,100,100047,100,101176,100,99935,100,101234,100,99912,100
2019-06-28 09:54:59.602217593,100847,192,100778,492,100850,192,100756,192,100925,192,100751,192,100953,192,100720,192,101019,192,100609,192,101040,100,100214,100,101077,100,100064,100,101154,100,100047,100,101176,100,99935,100,101234,100,99912,100
2019-06-28 09:55:00.000000000,100847,192,100778,492,100850,192,100756,192,100925,192,100751,192,100953,192,100720,192,101019,192,100609,192,101040,100,100214,100,101077,100,100064,100,101154,100,100047,100,101176,100,99935,100,101234,100,99912,100
2019-06-28 09:55:10.000000000,100847,329,100778,629,100850,329,100756,329,100925,100,100751,100,100953,100,100720,100,101019,100,100609,100,101040,100,100214,100,101077,100,100064,100,101154,100,100047,100,101176,100,99935,100,101234,100,99912,100
2019-06-28 09:55:17.641381622,100847,329,100778,629,100850,329,100756,329,100925,100,100751,100,100953,100,100720,100,101019,100,100609,100,101040,100,100214,100,101077,100,100064,100,101154,100,100047,100,101176,100,99935,100,101200,100,99912,100
2019-06-28 09:55:20.000000000,100847,214,100778,514,100850,214,100756,214,100925,214,100751,214,100953,214,100720,214,101019,100,100609,100,101040,100,100214,100,101077,100,100064,100,101154,100,100047,100,101176,100,99935,100,101200,100,99912,100
2019-06-28 09:55:30.000000000,100847,329,100778,629,100850,329,100756,329,100925,100,100751,100,100953,100,100720,100,101019,100,100609,100,101040,100,100214,100,101077,100,100064,100,101154,100,100047,100,101176,100,99935,100,101200,100,99912,100
2019-06-28 09:55:34.551114311,100847,329,100778,629,100850,329,100756,329,100925,100,100751,100,100953,100,100720,100,100985,100,100609,100,101019,100,100214,100,101040,100,100064,100,101077,100,100047,100,101154,100,99935,100,101176,100,99912,100
2019-06-28 09:55:40.000000000,100847,329,100778,629,100850,329,100756,329,100925,100,100751,100,100953,100,100720,100,100985,100,100609,100,101019,100,100214,100,101040,100,100064,100,101077,100,100047,100,101154,100,99935,100,101176,100,99912,100
2019-06-28 09:55:49.494998139,100847,329,100778,629,100850,329,100756,329,100925,100,100754,100,100953,100,100751,100,100985,100,100720,100,101019,100,100609,100,101040,100,100214,100,101077,100,100064,100,101154,100,100047,100,101176,100,99935,100
2019-06-28 09:55:50.000000000,100847,256,100778,556,100850,251,100756,251,100925,251,100754,251,100953,100,100751,100,100985,100,100720,100,101019,100,100609,100,101040,100,100214,100,101077,100,100064,100,101154,100,100047,100,101176,100,99935,100
2019-06-28 09:55:56.556876475,100847,256,100778,556,100850,251,100756,251,100925,251,100754,251,100953,100,100751,100,100985,100,100720,100,101019,100,100609,100,101040,100,100214,100,101077,100,100047,100,101154,100,99935,100,101176,100,99912,100
2019-06-28 09:55:57.720842746,100847,256,100778,556,100850,251,100756,251,100876,100,100754,251,100925,251,100751,100,100953,100,100720,100,100985,100,100609,100,101019,100,100214,100,101040,100,100047,100,101077,100,99935,100,101154,100,99912,100
2019-06-28 09:56:00.000000000,100847,214,100778,514,100850,214,100756,214,100876,214,100754,214,100925,214,100751,214,100953,100,100720,100,100985,100,100609,100,101019,100,100214,100,101040,100,100047,100,101077,100,99935,100,101154,100,99912,100
2019-06-28 09:56:10.000000000,100847,256,100778,556,100850,251,100756,251,100876,251,100754,251,100925,100,100751,100,100953,100,100720,100,100985,100,100609,100,101019,100,100214,100,101040,100,100047,100,101077,100,99935,100,101154,100,99912,100
2019-06-28 09:56:20.000000000,100847,558,100778,858,100850,100,100756,100,100876,100,100754,100,100925,100,100751,100,100953,100,100720,100,100985,100,100609,100,101019,100,100214,100,101040,100,100047,100,101077,100,99935,100,101154,100,99912,100
2019-06-28 09:56:26.236060397,100847,558,100778,958,100850,100,100756,100,100876,100,100754,100,100925,100,100751,100,100953,100,100720,100,100985,100,100609,100,101019,100,100214,100,101040,100,100047,100,101077,100,99935,100,101154,100,99912,100
2019-06-28 09:56:30.000000000,100847,558,100778,958,100850,100,100756,100,100876,100,100754,100,100925,100,100751,100,100953,100,100720,100,100985,100,100609,100,101019,100,100214,100,101040,100,100047,100,101077,100,99935,100,101154,100,99912,100
2019-06-28 09:56:40.000000000,100847,329,100778,729,100850,329,100756,329,100876,100,100754,100,100925,100,100751,100,100953,100,100720,100,100985,100,100609,100,101019,100,100214,100,101040,100,100047,100,101077,100,99935,100,101154,100,99912,100
2019-06-28 09:56:40.552332202,100847,229,100778,729,100850,329,100756,329,100876,100,100754,100,100925,100,100751,100,100953,100,100720,100,100985,100,100609,100,101019,100,100214,100,101040,100,100047,100,101077,100,99935,100,101154,100,99912,100
2019-06-28 09:56:50.000000000,100850,256,100778,656,100876,251,100756,251,100925,251,100754,251,100953,100,100751,100,100985,100,100720,100,101019,100,100609,100,101040,100,100214,100,101077,100,100047,100,101154,100,99935,100,101176,100,99912,100
2019-06-28 09:57:00.000000000,100850,329,100778,729,100876,329,100756,329,100925,100,100754,100,100953,100,100751,100,100985,100,100720,100,101019,100,100609,100,101040,100,100214,100,101077,100,100047,100,101154,100,99935,100,101176,100,99912,100
2019-06-28 09:57:10.000000000,100850,214,100778,614,100876,214,100756,214,100925,214,100754,214,100953,214,100751,214,100985,100,100720,100,101019,100,100609,100,101040,100,100214,100,101077,100,100047,100,101154,100,99935,100,101176,100,99912,100
2019-06-28 09:57:13.235445765,100850,214,100778,614,100876,214,100756,214,100925,214,100754,214,100953,214,100751,214,100985,100,100720,100,101019,100,100675,100,101040,100,100609,100,101077,100,100214,100,101154,100,100047,100,101176,100,99935,100
2019-06-28 09:57:18.721439428,100850,214,100835,100,100876,214,100778,514,100925,214,100756,214,100953,214,100754,214,100985,100,100751,214,101019,100,100720,100,101040,100,100675,100,101077,100,100609,100,101154,100,100214,100,101176,100,100047,100
2019-06-28 09:57:20.000000000,100850,256,100835,256,100876,251,100778,551,100925,251,100756,251,100953,100,100754,100,100985,100,100751,100,101019,100,100720,100,101040,100,100675,100,101077,100,100609,100,101154,100,100214,100,101176,100,100047,100
2019-06-28 09:57:22.201717320,100850,156,100835,256,100876,251,100778,551,100925,251,100756,251,100953,100,100754,100,100985,100,100751,100,101019,100,100720,100,101040,100,100675,100,101077,100,100609,100,101154,100,100214,100,101176,100,100047,100
2019-06-28 09:57:29.659763716,100850,56,100835,256,100876,151,100778,551,100925,251,100756,251,100953,100,100754,100,100985,100,100751,100,101019,100,100720,100,101040,100,100675,100,101077,100,100609,100,101154,100,100214,100,101176,100,100047,100
2019-06-28 09:57:30.000000000,100925,256,100835,256,100953,251,100778,551,100985,251,100756,251,101019,100,100754,100,101040,100,100751,100,101077,100,100720,100,101154,100,100675,100,101176,100,100609,100,101200,100,100214,100,101234,100,100047,100
2019-06-28 09:57:40.000000000,100925,256,100835,256,100953,251,100778,551,100985,251,100756,251,101019,100,100754,100,101040,100,100751,100,101077,100,100720,100,101154,100,100675,100,101176,100,100609,100,101200,100,100214,100,101234,100,100047,100
2019-06-28 09:57:47.813515412,100925,256,100835,256,100953,251,100778,551,100985,251,100756,251,101019,100,100754,100,101040,100,100751,100,101077,100,100720,100,101154,100,100609,100,101176,100,100214,100,101200,100,100047,100,101234,100,99935,100
2019-06-28 09:57:49.195949154,100925,256,100850,100,100953,251,100835,256,100985,251,100778,551,101019,100,100756,251,101040,100,100754,100,101077,100,100751,100,101154,100,100720,100,101176,100,100609,100,101200,100,100047,100,101234,100,99935,100
2019-06-28 09:57:50.000000000,100925,214,100850,214,100953,214,100835,214,100985,214,100778,514,101019,214,100756,214,101040,100,100754,100,101077,100,100751,100,101154,100,100720,100,101176,100,100609,100,101200,100,100047,100,101234,100,99935,100
2019-06-28 09:58:00.000000000,100925,558,100850,558,100953,100,100835,100,100985,100,100778,400,101019,100,100756,100,101040,100,100754,100,101077,100,100751,100,101154,100,100720,100,101176,100,100609,100,101200,100,100047,100,101234,100,99935,100
2019-06-28 09:58:03.559205859,100925,558,100912,100,100953,100,100850,558,100985,100,100835,100,101019,100,100778,400,101040,100,100756,100,101077,100,100754,100,101154,100,100751,100,101176,100,100720,100,101200,100,100609,100,101234,100,100047,100
2019-06-28 09:58:10.000000000,100925,256,100912,256,100953,251,100850,251,100985,251,100835,251,101019,100,100778,400,101040,100,100756,100,101077,100,100754,100,101154,100,100751,100,101176,100,100720,100,101200,100,100609,100,101234,100,100047,100
2019-06-28 09:58:13.490296324,100925,256,100912,256,100953,251,100850,351,100985,251,100835,251,101019,100,100778,400,101040,100,100756,100,101077,100,100754,100,101154,100,100751,100,101176,100,100720,100,101200,100,100609,100,101234,100,100047,100
2019-06-28 09:58:20.000000000,100925,558,100912,558,100953,100,100850,200,100985,100,100835,100,101019,100,100778,400,101040,100,100756,100,101077,100,100754,100,101154,100,100751,100,101176,100,100720,100,101200,100,100609,100,101234,100,100047,100
2019-06-28 09:58:30.000000000,100925,214,100912,214,100953,214,100850,314,100985,214,100835,214,101019,214,100778,514,101040,100,100756,100,101077,100,100754,100,101154,100,100751,100,101176,100,100720,100,101200,100,100609,100,101234,100,100047,100
2019-06-28 09:58:31.039319554,100925,214,100912,214,100953,214,100850,314,100985,214,100835,214,101019,214,100778,514,101040,100,100756,100,101077,100,100754,100,101154,100,100751,100,101176,100,100742,100,101200,100,100720,100,101234,100,100609,100
2019-06-28 09:58:40.000000000,100925,256,100912,256,100953,251,100850,351,100985,251,100835,251,101019,100,100778,400,101040,100,100756,100,101077,100,100754,100,101154,100,100751,100,101176,100,100742,100,101200,100,100720,100,101234,100,100609,100
2019-06-28 09:58:43.770412080,100925,156,100912,256,100953,251,100850,351,100985,251,100835,251,101019,100,100778,400,101040,100,100756,200,101077,100,100754,100,101154,100,100751,100,101176,100,100742,100,101200,100,100720,100,101234,100,100609,100
2019-06-28 09:58:50.000000000,100953,256,100912,256,100985,251,100850,351,101019,251,100835,251,101040,100,100778,400,101077,100,100756,200,101154,100,100754,100,101176,100,100751,100,101200,100,100742,100,101234,100,100720,100,101366,100,100609,100
2019-06-28 09:58:53.213376100,100953,256,100912,156,100985,251,100850,351,101019,251,100835,251,101040,100,100778,400,101077,100,100756,200,101154,100,100754,100,101176,100,100751,100,101234,100,100742,100,101366,100,100720,100,101406,100,100609,100
2019-06-28 09:59:00.000000000,100953,558,100850,658,100985,100,100835,100,101019,100,100778,400,101040,100,100756,200,101077,100,100754,100,101154,100,100751,100,101176,100,100742,100,101234,100,100720,100,101366,100,100609,100,101406,100,100047,100
2019-06-28 09:59:08.692009628,100953,558,100850,658,100985,100,100835,100,101019,100,100778,400,101040,100,100756,200,101077,100,100754,100,101154,100,100751,100,101176,100,100742,100,101234,100,100720,100,101366,100,100652,100,101406,100,100047,100
2019-06-28 09:59:10.000000000,100953,256,100850,356,100985,251,100835,251,101019,251,100778,551,101040,100,100756,200,101077,100,100754,100,101154,100,100751,100,101176,100,100742,100,101234,100,100720,100,101366,100,100652,100,101406,100,100047,100
2019-06-28 09:59:13.596237036,100953,256,100850,256,100985,251,100835,251,101019,251,100778,551,101040,100,100756,200,101077,100,100754,100,101154,100,100751,100,101176,100,100742,100,101234,100,100720,100,101366,100,100652,100,101406,100,100047,100
2019-06-28 09:59:20.000000000,100953,256,100850,256,100985,251,100835,251,101019,251,100778,551,101040,100,100756,200,101077,100,100754,100,101154,100,100751,100,101176,100,100742,100,101234,100,100720,100,101366,100,100652,100,101406,100,100047,100
2019-06-28 09:59:20.354671690,100870,100,100850,256,100953,256,100835,251,100985,251,100778,551,101019,251,100756,200,101040,100,100754,100,101077,100,100751,100,101176,100,100742,100,101234,100,100720,100,101366,100,100652,100,101406,100,100047,100
2019-06-28 09:59:30.000000000,100870,214,100850,214,100953,214,100835,214,100985,214,100778,514,101019,214,100756,314,101040,100,100754,100,101077,100,100751,100,101176,100,100742,100,101234,100,100720,100,101366,100,100652,100,101406,100,100047,100
2019-06-28 09:59:40.000000000,100870,214,100850,214,100953,214,100835,214,100985,214,100778,514,101019,214,100756,314,101040,100,100754,100,101077,100,100751,100,101176,100,100742,100,101234,100,100720,100,101366,100,100652,100,101406,100,100047,100
2019-06-28 09:59:50.000000000,100870,214,100850,214,100953,214,100835,214,100985,214,100778,514,101019,214,100756,314,101040,100,100754,100,101077,100,100751,100,101176,100,100742,100,101234,100,100720,100,101366,100,100652,100,101406,100,100047,100
2019-06-28 09:59:50.929616870,100870,214,100850,214,100912,100,100835,214,100953,214,100778,514,100985,214,100756,314,101019,214,100754,100,101040,100,100751,100,101077,100,100742,100,101176,100,100720,100,101234,100,100652,100,101366,100,100047,100
2019-06-28 10:00:00.000000000,100870,329,100850,329,100912,329,100835,329,100953,100,100778,400,100985,100,100756,200,101019,100,100754,100,101040,100,100751,100,101077,100,100742,100,101176,100,100720,100,101234,100,100652,100,101366,100,100047,100
2019-06-28 10:00:05.010200165,100870,329,100850,329,100912,429,100835,329,100953,100,100778,400,100985,100,100756,200,101019,100,100754,100,101040,100,100751,100,101077,100,100742,100,101176,100,100720,100,101234,100,100652,100,101366,100,100047,100
2019-06-28 10:00:10.000000000,100870,214,100850,214,100912,314,100835,214,100953,214,100778,514,100985,214,100756,314,101019,100,100754,100,101040,100,100751,100,101077,100,100742,100,101176,100,100720,100,101234,100,100652,100,101366,100,100047,100
2019-06-28 10:00:11.783727063,100870,214,100850,214,100912,214,100835,214,100953,214,100778,514,100985,214,100756,314,101019,100,100754,100,101040,100,100751,100,101077,100,100742,100,101176,100,100720,100,101234,100,100652,100,101366,100,100047,100
2019-06-28 10:00:20.000000000,100870,192,100850,192,100912,192,100835,192,100953,192,100778,492,100985,192,100756,292,101019,192,100754,192,101040,100,100751,100,101077,100,100742,100,101176,100,100720,100,101234,100,100652,100,101366,100,100047,100
2019-06-28 10:00:29.229399169,100870,192,100850,92,100912,192,100835,192,100953,192,100778,492,100985,192,100756,292,101019,192,100754,192,101040,100,100751,100,101077,100,100742,100,101176,100,100720,100,101234,100,100652,100,101366,100,100047,100
2019-06-28 10:00:30.000000000,100870,256,100835,256,100912,251,100778,551,100953,251,100756,351,100985,100,100754,100,101019,100,100751,100,101040,100,100742,100,101077,100,100720,100,101176,100,100652,100,101234,100,100047,100,101366,100,99935,100
2019-06-28 10:00:40.000000000,100870,329,100835,329,100912,329,100778,629,100953,100,100756,200,100985,100,100754,100,101019,100,100751,100,101040,100,100742,100,101077,100,100720,100,101176,100,100652,100,101234,100,100047,100,101366,100,99935,100
2019-06-28 10:00:50.000000000,100870,329,100835,329,100912,329,100778,629,100953,100,100756,200,100985,100,100754,100,101019,100,100751,100,101040,100,100742,100,101077,100,100720,100,101176,100,100652,100,101234,100,100047,100,101366,100,99935,100
2019-06-28 10:00:51.756636969,100870,329,100835,229,100912,329,100778,629,100953,100,100756,200,100985,100,100754,100,101019,100,100751,100,101040,100,100742,100,101077,100,100720,100,101176,100,100652,100,101234,100,100047,100,101366,100,99935,100
2019-06-28 10:01:00.000000000,100870,214,100778,514,100912,214,100756,314,100953,214,100754,214,100985,214,100751,214,101019,100,100742,100,101040,100,100720,100,101077,100,100652,100,101176,100,100047,100,101234,100,99935,100,101366,100,99912,100
2019-06-28 10:01:09.878022409,100870,214,100778,414,100912,214,100756,314,100953,214,100754,214,100985,214,100751,214,101019,100,100742,100,101040,100,100720,100,101077,100,100652,100,101176,100,100047,100,101234,100,99935,100,101366,100,99912,100
2019-06-28 10:01:10.000000000,100870,214,100778,414,100912,214,100756,314,100953,214,100754,214,100985,214,100751,214,101019,100,100742,100,101040,100,100720,100,101077,100,100652,100,101176,100,100047,100,101234,100,99935,100,101366,100,99912,100
2019-06-28 10:01:16.348789446,100870,214,100778,414,100912,214,100756,314,100953,214,100754,214,100985,214,100751,214,101019,100,100742,100,101040,100,100720,100,101077,100,100652,100,101176,100,100047,100,101234,100,99938,100,101366,100,99935,100
2019-06-28 10:01:20.000000000,100870,256,100778,456,100912,251,100756,351,100953,251,100754,251,100985,100,100751,100,101019,100,100742,100,101040,100,100720,100,101077,100,100652,100,101176,100,100047,100,101234,100,99938,100,101366,100,99935,100
2019-06-28 10:01:27.696054686,100870,256,100778,456,100912,251,100756,351,100953,251,100754,251,100985,100,100751,100,101019,100,100742,100,101040,100,100720,100,101077,100,100652,100,101176,100,100047,100,101234,100,99938,100,101366,100,99935,100
2019-06-28 10:01:30.000000000,100870,256,100778,456,100912,251,100756,351,100953,251,100754,251,100985,100,100751,100,101019,100,100742,100,101040,100,100720,100,101077,100,100652,100,101176,100,100047,100,101234,100,99938,100,101366,100,99935,100
2019-06-28 10:01:32.740805528,100870,256,100778,356,100912,251,100756,351,100953,251,100754,251,100985,100,100751,100,101019,100,100742,100,101040,100,100720,100,101077,100,100652,100,101176,100,100047,100,101234,100,99935,100,101366,100,99926,100
2019-06-28 10:01:40.000000000,100870,558,100778,658,100912,100,100756,200,100953,100,100754,100,100985,100,100751,100,101019,100,100742,100,101040,100,100720,100,101077,100,100652,100,101176,100,100047,100,101234,100,99935,100,101366,100,99926,100
2019-06-28 10:01:49.112628457,100870,558,100778,558,100912,100,100756,200,100953,100,100754,100,100985,100,100751,100,101019,100,100742,100,101040,100,100720,100,101077,100,100652,100,101176,100,100047,100,101234,100,99935,100,101366,100,99926,100
2019-06-28 10:01:50.000000000,100870,558,100778,558,100912,100,100756,200,100953,100,100754,100,100985,100,100751,100,101019,100,100742,100,101040,100,100720,100,101077,100,100652,100,101176,100,100047,100,101234,100,99935,100,101366,100,99926,100
2019-06-28 10:02:00.000000000,100870,256,100778,256,100912,251,100756,351,100953,251,100754,251,100985,100,100751,100,101019,100,100742,100,101040,100,100720,100,101077,100,100652,100,101176,100,100047,100,101234,100,99935,100,101366,100,99926,100
2019-06-28 10:02:10.000000000,100870,329,100778,329,100912,329,100756,429,100953,100,100754,100,100985,100,100751,100,101019,100,100742,100,101040,100,100720,100,101077,100,100652,100,101176,100,100047,100,101234,100,99935,100,101366,100,99926,100
2019-06-28 10:02:18.005240166,100870,329,100778,129,100912,329,100756,429,100953,100,100754,100,100985,100,100751,100,101019,100,100742,100,101040,100,100720,100,101077,100,100652,100,101176,100,100047,100,101234,100,99935,100,101366,100,99926,100
2019-06-28 10:02:20.000000000,100870,256,100756,356,100912,251,100754,251,100953,251,100751,251,100985,100,100742,100,101019,100,100720,100,101040,100,100652,100,101077,100,100047,100,101176,100,99935,100,101234,100,99926,100,101366,100,99912,100
2019-06-28 10:02:30.000000000,100870,256,100756,356,100912,251,100754,251,100953,251,100751,251,100985,100,100742,100,101019,100,100720,100,101040,100,100652,100,101077,100,100047,100,101176,100,99935,100,101234,100,99926,100,101366,100,99912,100
2019-06-28 10:02:40.000000000,100870,558,100756,658,100912,100,100754,100,100953,100,100751,100,100985,100,100742,100,101019,100,100720,100,101040,100,100652,100,101077,100,100047,100,101176,100,99935,100,101234,100,99926,100,101366,100,99912,100
2019-06-28 10:02:50.000000000,100870,558,100756,658,100912,100,100754,100,100953,100,100751,100,100985,100,100742,100,101019,100,100720,100,101040,100,100652,100,101077,100,100047,100,101176,100,99935,100,101234,100,99926,100,101366,100,99912,100
2019-06-28 10:03:00.000000000,100870,256,100756,356,100912,251,100754,251,100953,251,100751,251,100985,100,100742,100,101019,100,100720,100,101040,100,100652,100,101077,100,100047,100,101176,100,99935,100,101234,100,99926,100,101366,100,99912,100
2019-06-28 10:03:04.003468416,100870,256,100756,256,100912,251,100754,251,100953,251,100751,251,100985,100,100742,100,101019,100,100720,100,101040,100,100652,100,101077,100,100047,100,101176,100,99935,100,101234,100,99926,100,101366,100,99912,100
2019-06-28 10:03:10.000000000,100870,192,100756,192,100912,192,100754,192,100953,192,100751,192,100985,192,100742,192,101019,192,100720,192,101040,100,100652,100,101077,100,100047,100,101176,100,99935,100,101234,100,99926,100,101366,100,99912,100
2019-06-28 10:03:18.039686894,100778,100,100756,192,100870,192,100754,192,100912,192,100751,192,100953,192,100742,192,100985,192,100720,192,101019,192,100652,100,101040,100,100047,100,101077,100,99935,100,101176,100,99926,100,101234,100,99912,100
2019-06-28 10:03:20.000000000,100778,329,100756,329,100870,329,100754,329,100912,100,100751,100,100953,100,100742,100,100985,100,100720,100,101019,100,100652,100,101040,100,100047,100,101077,100,99935,100,101176,100,99926,100,101234,100,99912,100
2019-06-28 10:03:30.000000000,100778,329,100756,329,100870,329,100754,329,100912,100,100751,100,100953,100,100742,100,100985,100,100720,100,101019,100,100652,100,101040,100,100047,100,101077,100,99935,100,101176,100,99926,100,101234,100,99912,100
2019-06-28 10:03:40.000000000,100778,192,100756,192,100870,192,100754,192,100912,192,100751,192,100953,192,100742,192,100985,192,100720,192,101019,100,100652,100,101040,100,100047,100,101077,100,99935,100,101176,100,99926,100,101234,100,99912,100
2019-06-28 10:03:50.000000000,100778,329,100756,329,100870,329,100754,329,100912,100,100751,100,100953,100,100742,100,100985,100,100720,100,101019,100,100652,100,101040,100,100047,100,101077,100,99935,100,101176,100,99926,100,101234,100,99912,100
2019-06-28 10:03:51.806852064,100778,329,100756,329,100870,329,100754,329,100912,100,100751,100,100953,100,100742,100,100985,100,100720,100,101019,100,100652,100,101040,100,100047,100,101077,100,99935,100,101176,100,99912,100,101234,100,99903,100
2019-06-28 10:03:57.094620618,100778,429,100756,329,100870,329,100754,329,100912,100,100751,100,100953,100,100742,100,100985,100,100720,100,101019,100,100652,100,101040,100,100047,100,101077,100,99935,100,101176,100,99912,100,101234,100,99903,100
2019-06-28 10:04:00.000000000,100778,356,100756,256,100870,251,100754,251,100912,251,100751,251,100953,100,100742,100,100985,100,100720,100,101019,100,100652,100,101040,100,100047,100,101077,100,99935,100,101176,100,99912,100,101234,100,99903,100
2019-06-28 10:04:03.451788275,100778,456,100756,256,100870,251,100754,251,100912,251,100751,251,100953,100,100742,100,100985,100,100720,100,101019,100,100652,100,101040,100,100047,100,101077,100,99935,100,101176,100,99912,100,101234,100,99903,100
2019-06-28 10:04:10.000000000,100778,392,100756,192,100870,192,100754,192,100912,192,100751,192,100953,192,100742,192,100985,192,100720,192,101019,100,100652,100,101040,100,100047,100,101077,100,99935,100,101176,100,99912,100,101234,100,99903,100
2019-06-28 10:04:12.005113813,100778,392,100756,92,100870,192,100754,192,100912,192,100751,192,100953,192,100742,192,100985,192,100720,192,101019,100,100652,100,101040,100,100047,100,101077,100,99935,100,101176,100,99912,100,101234,100,99903,100
2019-06-28 10:04:20.000000000,100778,758,100754,558,100870,100,100751,100,100912,100,100742,100,100953,100,100720,100,100985,100,100652,100,101019,100,100047,100,101040,100,99935,100,101077,100,99912,100,101176,100,99903,100,101234,100,99873,100
2019-06-28 10:04:30.000000000,100778,758,100754,558,100870,100,100751,100,100912,100,100742,100,100953,100,100720,100,100985,100,100652,100,101019,100,100047,100,101040,100,99935,100,101077,100,99912,100,101176,100,99903,100,101234,100,99873,100
2019-06-28 10:04:40.000000000,100778,414,100754,214,100870,214,100751,214,100912,214,100742,214,100953,214,100720,214,100985,100,100652,100,101019,100,100047,100,101040,100,99935,100,101077,100,99912,100,101176,100,99903,100,101234,100,99873,100
2019-06-28 10:04:50.000000000,100778,529,100754,329,100870,329,100751,329,100912,100,100742,100,100953,100,100720,100,100985,100,100652,100,101019,100,100047,100,101040,100,99935,100,101077,100,99912,100,101176,100,99903,100,101234,100,99873,100
2019-06-28 10:04:57.318976485,100778,529,100754,329,100870,329,100751,329,100912,100,100742,100,100985,100,100720,100,101019,100,100652,100,101040,100,100047,100,101077,100,100021,100,101176,100,99935,100,101234,100,99912,100,101366,100,99903,100
2019-06-28 10:05:00.000000000,100778,529,100754,329,100870,329,100751,329,100912,100,100742,100,100985,100,100720,100,101019,100,100652,100,101040,100,100047,100,101077,100,100021,100,101176,100,99935,100,101234,100,99912,100,101366,100,99903,100
2019-06-28 10:05:05.921324706,100778,529,100754,329,100870,329,100751,329,100912,100,100742,100,100985,100,100720,100,101019,100,100652,100,101040,100,100021,100,101077,100,99935,100,101176,100,99912,100,101234,100,99903,100,101366,100,99873,100
2019-06-28 10:05:07.879736810,100778,529,100754,329,100870,329,100751,329,100912,100,100742,100,100985,100,100720,100,101019,100,100652,100,101040,100,100160,100,101077,100,100021,100,101176,100,99935,100,101234,100,99912,100,101366,100,99903,100
2019-06-28 10:05:10.000000000,100778,392,100754,192,100870,192,100751,192,100912,192,100742,192,100985,192,100720,192,101019,192,100652,192,101040,100,100160,100,101077,100,100021,100,101176,100,99935,100,101234,100,99912,100,101366,100,99903,100
2019-06-28 10:05:20.000000000,100778,456,100754,256,100870,251,100751,251,100912,251,100742,251,100985,100,100720,100,101019,100,100652,100,101040,100,100160,100,101077,100,100021,100,101176,100,99935,100,101234,100,99912,100,101366,100,99903,100
2019-06-28 10:05:30.000000000,100778,456,100754,256,100870,251,100751,251,100912,251,100742,251,100985,100,100720,100,101019,100,100652,100,101040,100,100160,100,101077,100,100021,100,101176,100,99935,100,101234,100,99912,100,101366,100,99903,100
2019-06-28 10:05:40.000000000,100778,414,100754,214,100870,214,100751,214,100912,214,100742,214,100985,214,100720,214,101019,100,100652,100,101040,100,100160,100,101077,100,100021,100,101176,100,99935,100,101234,100,99912,100,101366,100,99903,100
2019-06-28 10:05:50.000000000,100778,758,100754,558,100870,100,100751,100,100912,100,100742,100,100985,100,100720,100,101019,100,100652,100,101040,100,100160,100,101077,100,100021,100,101176,100,99935,100,101234,100,99912,100,101366,100,99903,100
2019-06-28 10:05:51.130365678,100778,758,100754,458,100870,100,100751,100,100912,100,100720,100,100985,100,100652,100,101019,100,100160,100,101040,100,100021,100,101077,100,99935,100,101176,100,99912,100,101234,100,99903,100,101366,100,99873,100
2019-06-28 10:06:00.000000000,100778,414,100751,214,100870,214,100720,214,100912,214,100652,214,100985,214,100160,214,101019,100,100021,100,101040,100,99935,100,101077,100,99912,100,101176,100,99903,100,101234,100,99873,100,101366,100,99779,100
2019-06-28 10:06:01.835149644,100778,414,100751,214,100870,214,100720,214,100912,214,100652,214,100985,214,100196,100,101019,100,100160,214,101040,100,100021,100,101077,100,99935,100,101176,100,99912,100,101234,100,99903,100,101366,100,99873,100
2019-06-28 10:06:03.812015769,100778,414,100751,214,100870,214,100720,214,100912,214,100652,214,100985,214,100200,100,101019,100,100196,100,101040,100,100160,214,101077,100,100021,100,101176,100,99935,100,101234,100,99912,100,101366,100,99903,100
2019-06-28 10:06:08.731464387,100756,100,100751,214,100778,414,100720,214,100870,214,100652,214,100912,214,100200,100,100985,214,100196,100,101019,100,100160,214,101040,100,100021,100,101077,100,99935,100,101176,100,99912,100,101234,100,99903,100
2019-06-28 10:06:10.000000000,100756,256,100751,256,100778,451,100720,251,100870,251,100652,251,100912,100,100200,100,100985,100,100196,100,101019,100,100160,100,101040,100,100021,100,101077,100,99935,100,101176,100,99912,100,101234,100,99903,100
2019-06-28 10:06:11.761675014,100756,256,100751,156,100778,451,100720,251,100870,251,100652,251,100912,100,100200,100,100985,100,100160,100,101019,100,100021,100,101040,100,99935,100,101077,100,99912,100,101176,100,99903,100,101234,100,99873,100
2019-06-28 10:06:20.000000000,100756,214,100720,214,100778,414,100652,214,100870,214,100200,214,100912,214,100160,214,100985,100,100021,100,101019,100,99935,100,101040,100,99912,100,101077,100,99903,100,101176,100,99873,100,101234,100,99779,100
2019-06-28 10:06:23.993206803,100756,214,100720,114,100778,414,100652,214,100870,214,100200,214,100912,214,100160,214,100985,100,100021,100,101019,100,99935,100,101040,100,99912,100,101077,100,99903,100,101176,100,99873,100,101234,100,99779,100
2019-06-28 10:06:30.000000000,100756,256,100652,256,100778,451,100200,251,100870,251,100160,251,100912,100,100021,100,100985,100,99935,100,101019,100,99912,100,101040,100,99903,100,101077,100,99873,100,101176,100,99779,100,101234,100,,
2019-06-28 10:06:30.967637069,100756,256,100652,256,100778,451,100200,251,100870,251,100160,251,100985,100,100021,100,101019,100,99935,100,101040,100,99912,100,101077,100,99903,100,101176,100,99873,100,101234,100,99779,100,101366,100,,
2019-06-28 10:06:40.000000000,100756,214,100652,214,100778,414,100200,214,100870,214,100160,214,100985,214,100021,214,101019,100,99935,100,101040,100,99912,100,101077,100,99903,100,101176,100,99873,100,101234,100,99779,100,101366,100,,
2019-06-28 10:06:41.821278733,100756,214,100652,114,100778,414,100200,214,100870,214,100160,214,100985,214,100021,214,101019,100,99935,100,101040,100,99912,100,101077,100,99903,100,101176,100,99873,100,101234,100,99779,100,101366,100,,
2019-06-28 10:06:44.603181624,100756,214,100652,14,100778,414,100200,214,100870,214,100160,114,100985,214,100021,214,101019,100,99935,100,101040,100,99912,100,101077,100,99903,100,101176,100,99873,100,101234,100,99779,100,101366,100,,
2019-06-28 10:06:47.679966981,100652,86,100200,214,100756,214,100160,114,100778,414,100021,214,100870,214,99935,100,100985,214,99912,100,101019,100,99903,100,101040,100,99873,100,101077,100,99779,100,101176,100,,,101234,100,,
2019-06-28 10:06:50.000000000,100652,544,100200,558,100756,100,100021,100,100778,300,99935,100,100870,100,99912,100,100985,100,99903,100,101019,100,99873,100,101040,100,99779,100,101077,100,,,101176,100,,,101234,100,,
2019-06-28 10:07:00.000000000,100652,315,100200,329,100756,329,100021,329,100778,300,99935,100,100870,100,99912,100,100985,100,99903,100,101019,100,99873,100,101040,100,99779,100,101077,100,,,101176,100,,,101234,100,,
2019-06-28 10:07:01.891722871,100652,415,100200,329,100756,329,100021,329,100778,300,99935,100,100870,100,99912,100,100985,100,99903,100,101019,100,99873,100,101040,100,99779,100,101077,100,,,101176,100,,,101234,100,,
2019-06-28 10:07:04.437591069,100652,515,100200,329,100756,329,100021,329,100778,300,99935,100,100870,100,99912,100,100985,100,99903,100,101019,100,99873,100,101040,100,99779,100,101077,100,,,101176,100,,,101234,100,,
2019-06-28 10:07:10.000000000,100652,515,100200,329,100756,329,100021,329,100778,300,99935,100,100870,100,99912,100,100985,100,99903,100,101019,100,99873,100,101040,100,99779,100,101077,100,,,101176,100,,,101234,100,,
2019-06-28 10:07:20.000000000,100652,378,100200,192,100756,192,100021,192,100778,392,99935,192,100870,192,99912,192,100985,192,99903,192,101019,100,99873,100,101040,100,99779,100,101077,100,,,101176,100,,,101234,100,,
2019-06-28 10:07:30.000000000,100652,400,100200,214,100756,214,100021,214,100778,414,99935,214,100870,214,99912,214,100985,100,99903,100,101019,100,99873,100,101040,100,99779,100,101077,100,,,101176,100,,,101234,100,,
