,ask_price_1,ask_size_1,bid_price_1,bid_size_1,ask_price_2,ask_size_2,bid_price_2,bid_size_2,ask_price_3,ask_size_3,bid_price_3,bid_size_3,ask_price_4,ask_size_4,bid_price_4,bid_size_4,ask_price_5,ask_size_5,bid_price_5,bid_size_5,ask_price_6,ask_size_6,bid_price_6,bid_size_6,ask_price_7,ask_size_7,bid_price_7,bid_size_7,ask_price_8,ask_size_8,bid_price_8,bid_size_8,ask_price_9,ask_size_9,bid_price_9,bid_size_9,ask_price_10,ask_size_10,bid_price_10,bid_size_10
2019-06-28 09:30:00.000000001,,,99869,100,,,,,,,,,,,,,,,,,,,,,,,,,,,,,,,,,,,,
2019-06-28 09:30:00.000000002,,,99869,100,,,99859,100,,,99857,100,,,,,,,,,,,,,,,,,,,,,,,,,,,,
2019-06-28 09:30:00.000000006,100068,100,100028,100,,,99869,100,,,99859,100,,,99857,100,,,,,,,,,,,,,,,,,,,,,,,,
2019-06-28 09:30:00.000000007,100068,100,100028,100,100135,100,99964,100,,,99869,100,,,99859,100,,,99857,100,,,,,,,,,,,,,,,,,,,,
2019-06-28 09:30:00.000000008,100068,100,100028,100,100100,100,99964,100,100135,100,99869,100,,,99859,100,,,99857,100,,,,,,,,,,,,,,,,,,,,
2019-06-28 09:30:00.000000009,100068,100,100028,100,100090,100,99964,100,100100,100,99935,100,100135,100,99869,100,,,99859,100,,,99857,100,,,,,,,,,,,,,,,,
2019-06-28 09:30:00.000000010,100068,100,100028,100,100090,100,99964,100,100100,100,99935,100,100119,100,99869,100,100135,100,99859,100,,,99857,100,,,,,,,,,,,,,,,,
2019-06-28 09:30:00.000000011,100068,100,100028,100,100090,100,100009,100,100100,100,99964,100,100119,100,99935,100,100135,100,99869,100,,,99859,100,,,99857,100,,,,,,,,,,,,
2019-06-28 09:30:00.000000012,100056,100,100028,100,100068,100,100009,100,100090,100,99964,100,100100,100,99935,100,100119,100,99869,100,100135,100,99859,100,,,99857,100,,,,,,,,,,,,
2019-06-28 09:30:00.000000013,100056,100,100028,100,100068,100,100009,100,100090,100,100007,100,100100,100,99964,100,100119,100,99935,100,100135,100,99869,100,,,99859,100,,,99857,100,,,,,,,,
2019-06-28 09:30:00.000000015,100056,100,100028,100,100068,100,100009,100,100090,100,100007,100,100100,100,99964,100,100119,100,99935,100,100135,100,99869,100,100162,100,99859,100,,,99857,100,,,,,,,,
2019-06-28 09:30:00.000000017,100055,100,100028,100,100056,100,100009,100,100068,100,100007,100,100090,100,99964,100,100100,100,99935,100,100119,100,99869,100,100135,100,99859,100,100162,100,99857,100,,,,,,,,
2019-06-28 09:30:00.000000018,100055,100,100009,100,100056,100,100007,100,100068,100,99964,100,100090,100,99935,100,100100,100,99869,100,100119,100,99859,100,100135,100,99857,100,100162,100,,,,,,,,,,
2019-06-28 09:30:00.000000019,100053,100,100009,200,100055,100,100007,100,100056,100,99964,100,100068,100,99935,100,100090,100,99869,100,100100,100,99859,100,100119,100,99857,100,100135,100,,,100162,100,,,,,,
2019-06-28 09:30:00.000000020,100053,100,100009,200,100055,100,100007,100,100056,100,99964,100,100068,100,99935,100,100090,100,99869,100,100100,100,99859,100,100110,100,99857,100,100119,100,,,100135,100,,,100162,100,,
2019-06-28 09:30:00.000000021,100053,100,100009,200,100055,100,100007,100,100056,100,99964,100,100068,100,99935,100,100088,100,99869,100,100090,100,99859,100,100100,100,99857,100,100110,100,,,100119,100,,,100135,100,,
2019-06-28 09:30:00.000000023,100053,100,100009,100,100055,100,100007,100,100056,100,99964,100,100068,100,99935,100,100088,100,99899,100,100090,100,99869,100,100100,100,99859,100,100110,100,99857,100,100119,100,,,100135,100,,
2019-06-28 09:30:00.000000026,100053,100,100009,100,100055,100,100007,100,100056,100,99964,100,100068,100,99935,100,100084,100,99899,100,100088,100,99869,100,100090,100,99859,100,100100,100,99857,100,100110,100,,,100119,100,,
2019-06-28 09:30:00.000000028,100038,100,100009,100,100053,100,100007,100,100055,100,99964,100,100056,100,99935,100,100068,100,99899,100,100084,100,99869,100,100088,100,99859,100,100090,100,99857,100,100100,100,,,100110,100,,
2019-06-28 09:30:00.000000030,100038,100,100009,100,100053,100,100007,100,100055,100,99964,100,100056,100,99935,100,100068,100,99899,100,100084,100,99869,100,100088,100,99866,100,100090,100,99859,100,100100,100,99857,100,100110,100,,
2019-06-28 09:30:00.000000031,100028,100,100009,100,100038,100,100007,100,100053,100,99964,100,100055,100,99935,100,100056,100,99899,100,100068,100,99869,100,100084,100,99866,100,100088,100,99859,100,100090,100,99857,100,100100,100,,
2019-06-28 09:30:00.000000032,100028,200,100009,100,100038,100,100007,100,100053,100,99973,100,100055,100,99964,100,100056,100,99935,100,100068,100,99899,100,100084,100,99869,100,100088,100,99866,100,100090,100,99859,100,100100,100,99857,100
2019-06-28 09:30:00.000000035,100028,200,100009,100,100038,100,100007,100,100053,100,99973,100,100055,100,99964,100,100056,100,99935,100,100067,100,99899,100,100068,100,99869,100,100084,100,99866,100,100088,100,99859,100,100090,100,99857,100
2019-06-28 09:30:00.000000037,100028,300,100009,100,100038,100,100007,100,100053,100,99973,100,100055,100,99964,100,100056,100,99935,100,100067,100,99899,100,100068,100,99869,100,100084,100,99866,100,100088,100,99859,100,100090,100,99857,100
2019-06-28 09:30:00.000000038,100028,300,100009,100,100038,100,100007,100,100053,100,99973,100,100055,100,99964,200,100056,100,99943,100,100067,100,99935,100,100068,100,99899,100,100084,100,99869,100,100088,100,99866,100,100090,100,99859,100
2019-06-28 09:30:00.000000041,100028,300,100009,100,100038,100,100007,100,100053,100,99973,100,100055,100,99964,200,100056,100,99943,100,100067,100,99935,100,100068,100,99899,100,100072,100,99869,100,100084,100,99866,100,100088,100,99859,100
2019-06-28 09:30:00.000000042,100028,300,100009,100,100038,100,100007,100,100053,100,99973,100,100055,100,99964,200,100056,200,99943,100,100067,100,99935,100,100068,100,99899,100,100072,100,99869,100,100084,100,99866,100,100088,100,99859,100
2019-06-28 09:30:00.000000044,100028,300,100009,100,100038,100,100007,100,100053,100,99973,100,100055,100,99964,200,100056,200,99943,100,100067,100,99935,100,100068,100,99899,100,100072,100,99869,100,100084,100,99866,100,100088,100,99859,100
2019-06-28 09:30:00.000000049,100028,400,100009,100,100038,100,100007,100,100053,100,99973,100,100055,100,99964,200,100056,200,99943,100,100067,100,99935,100,100068,100,99899,100,100072,100,99869,100,100084,100,99866,100,100088,100,99859,100
2019-06-28 09:30:00.000000053,100028,300,100009,100,100038,100,100007,100,100053,100,99973,100,100055,100,99964,200,100056,200,99956,100,100067,100,99943,100,100068,100,99935,100,100072,100,99899,100,100084,100,99869,100,100088,100,99866,100
2019-06-28 09:30:00.000000056,100028,300,100009,100,100038,100,100007,100,100053,100,99973,100,100055,100,99964,200,100056,200,99956,100,100067,100,99943,100,100068,100,99935,100,100072,100,99899,100,100084,100,99869,100,100088,100,99866,100
2019-06-28 09:30:00.000000057,100027,100,100009,100,100028,300,100007,100,100038,100,99973,100,100053,100,99964,200,100055,100,99956,100,100056,200,99943,100,100067,100,99935,100,100068,100,99899,100,100072,100,99869,100,100084,100,99866,100
2019-06-28 09:30:00.000000059,100027,100,100009,100,100028,300,100007,100,100038,100,99973,100,100053,100,99964,200,100055,100,99956,100,100056,200,99943,100,100067,100,99935,100,100068,100,99899,100,100072,100,99869,100,100084,100,99866,100
2019-06-28 09:30:00.000000060,100027,100,100009,100,100028,300,100007,100,100038,100,99973,100,100053,100,99964,200,100055,100,99956,100,100056,200,99943,100,100067,100,99935,100,100068,100,99899,100,100072,100,99869,100,100075,100,99866,100
2019-06-28 09:30:00.000000067,100027,100,100009,100,100028,300,100007,100,100038,100,99973,100,100050,100,99964,200,100053,100,99956,100,100055,100,99943,100,100056,200,99935,100,100067,100,99899,100,100068,100,99869,100,100072,100,99866,100
2019-06-28 09:30:00.000000069,100027,100,100009,100,100028,300,100007,100,100038,100,99973,100,100050,100,99964,200,100053,100,99956,100,100055,100,99943,100,100056,200,99935,100,100067,100,99899,100,100068,100,99869,100,100072,100,99866,100
2019-06-28 09:30:00.000000071,100027,100,100010,100,100028,300,100009,100,100038,100,100007,100,100050,100,99995,100,100053,100,99973,100,100055,100,99964,200,100056,200,99956,100,100067,100,99943,100,100068,100,99935,100,100072,100,99899,100
2019-06-28 09:30:00.000000073,100027,100,100010,100,100028,300,100009,100,100038,100,100007,100,100050,100,99995,100,100053,100,99973,100,100055,100,99964,200,100056,200,99956,100,100067,100,99943,100,100068,100,99935,100,100072,100,99923,100
2019-06-28 09:30:00.000000074,100027,100,100010,100,100028,300,100009,100,100038,100,100007,100,100050,100,99995,100,100053,100,99989,100,100055,100,99973,100,100056,200,99964,200,100067,100,99956,100,100068,100,99943,100,100072,100,99935,100
2019-06-28 09:30:00.000000078,100027,100,100015,100,100028,300,100010,100,100038,100,100009,100,100050,100,100007,100,100053,100,99995,100,100055,100,99989,100,100056,200,99973,100,100067,100,99964,200,100068,100,99956,100,100072,100,99943,100
2019-06-28 09:30:00.000000079,100027,100,100015,100,100028,300,100010,100,100038,100,100009,100,100050,100,100007,100,100053,100,99995,100,100055,100,99989,100,100056,200,99973,100,100067,100,99964,200,100068,100,99956,100,100072,100,99951,100
2019-06-28 09:30:00.000000080,100027,100,100015,100,100028,300,100010,100,100038,100,100009,100,100050,100,100007,100,100053,100,99995,100,100055,100,99989,100,100056,200,99973,100,100067,100,99964,200,100068,100,99956,100,100072,100,99951,100
2019-06-28 09:30:00.000000081,100027,100,100015,100,100028,300,100010,200,100038,100,100009,100,100050,100,100007,100,100053,100,99995,100,100055,100,99989,100,100056,200,99973,100,100067,100,99964,200,100068,100,99956,100,100072,100,99951,100
2019-06-28 09:30:00.000000082,100027,100,100015,100,100028,300,100010,200,100038,100,100009,100,100050,100,100007,100,100053,100,99995,100,100055,100,99989,100,100056,200,99973,100,100067,100,99964,200,100068,100,99956,100,100072,100,99951,100
2019-06-28 09:30:00.000000084,100027,100,100010,200,100028,300,100009,100,100038,100,100007,100,100050,100,99995,100,100053,100,99989,100,100055,100,99973,100,100056,200,99964,200,100067,100,99956,100,100068,100,99951,100,100072,100,99950,100
2019-06-28 09:30:00.000000086,100027,100,100010,200,100028,300,100009,100,100038,100,100007,100,100050,100,99995,100,100053,100,99989,100,100055,100,99973,100,100056,200,99964,200,100067,100,99956,100,100068,100,99951,100,100072,100,99950,100
2019-06-28 09:30:00.000000088,100027,100,100010,200,100028,300,100009,100,100038,100,100007,100,100050,100,99995,100,100053,100,99989,100,100055,100,99987,100,100056,200,99973,100,100067,100,99964,200,100068,100,99956,100,100072,100,99951,100
2019-06-28 09:30:00.000000089,100027,100,100015,100,100028,300,100010,200,100038,100,100009,100,100050,100,100007,100,100053,100,99995,100,100055,100,99989,100,100056,200,99987,100,100067,100,99973,100,100068,100,99964,200,100072,100,99956,100
2019-06-28 09:30:00.000000090,100027,100,100015,100,100028,300,100010,200,100038,100,100009,100,100050,100,100007,100,100053,100,99995,100,100055,100,99989,100,100056,200,99987,100,100067,100,99974,100,100068,100,99973,100,100072,100,99964,200
2019-06-28 09:30:00.000000096,100026,100,100015,100,100027,100,100010,200,100028,300,100009,100,100038,100,100007,100,100050,100,99995,100,100053,100,99989,100,100055,100,99987,100,100056,200,99974,100,100067,100,99973,100,100068,100,99964,200
2019-06-28 09:30:00.000000098,100026,100,100015,100,100027,100,100010,200,100028,300,100009,100,100038,100,100007,100,100050,100,99995,100,100053,100,99989,100,100055,100,99987,100,100056,200,99974,100,100067,100,99973,100,100068,100,99964,200
2019-06-28 09:30:04.962636848,100026,100,100015,100,100027,100,100010,200,100028,300,100009,100,100038,100,100007,100,100050,100,99995,100,100053,100,99989,100,100055,100,99987,100,100056,200,99974,100,100067,100,99973,100,100068,100,99964,200
2019-06-28 09:30:10.000000000,100026,160,100015,160,100027,160,100010,260,100028,360,100009,160,100038,160,100007,160,100050,160,99995,160,100053,100,99989,100,100055,100,99987,100,100056,200,99974,100,100067,100,99973,100,100068,100,99964,200
2019-06-28 09:30:20.000000000,100026,160,100015,160,100027,160,100010,260,100028,360,100009,160,100038,160,100007,160,100050,160,99995,160,100053,100,99989,100,100055,100,99987,100,100056,200,99974,100,100067,100,99973,100,100068,100,99964,200
2019-06-28 09:30:30.000000000,100026,400,100015,400,100027,100,100010,200,100028,300,100009,100,100038,100,100007,100,100050,100,99995,100,100053,100,99989,100,100055,100,99987,100,100056,200,99974,100,100067,100,99973,100,100068,100,99964,200
2019-06-28 09:30:40.000000000,100026,160,100015,160,100027,160,100010,260,100028,360,100009,160,100038,160,100007,160,100050,160,99995,160,100053,100,99989,100,100055,100,99987,100,100056,200,99974,100,100067,100,99973,100,100068,100,99964,200
2019-06-28 09:30:50.000000000,100026,175,100015,175,100027,175,100010,275,100028,375,100009,175,100038,175,100007,175,100050,100,99995,100,100053,100,99989,100,100055,100,99987,100,100056,200,99974,100,100067,100,99973,100,100068,100,99964,200
2019-06-28 09:31:00.000000000,100026,202,100015,202,100027,199,100010,299,100028,399,100009,199,100038,100,100007,100,100050,100,99995,100,100053,100,99989,100,100055,100,99987,100,100056,200,99974,100,100067,100,99973,100,100068,100,99964,200
2019-06-28 09:31:04.830246176,100026,202,100015,102,100027,199,100010,299,100028,399,100009,199,100038,100,100007,100,100050,100,99995,100,100053,100,99989,100,100055,100,99974,100,100056,200,99973,100,100067,100,99964,200,100068,100,99956,100
2019-06-28 09:31:10.000000000,100026,160,100010,260,100027,160,100009,160,100028,360,100007,160,100038,160,99995,160,100050,160,99989,160,100053,100,99974,100,100055,100,99973,100,100056,200,99964,200,100067,100,99956,100,100068,100,99951,100
2019-06-28 09:31:20.000000000,100026,175,100010,275,100027,175,100009,175,100028,375,100007,175,100038,175,99995,175,100050,100,99989,100,100053,100,99974,100,100055,100,99973,100,100056,200,99964,200,100067,100,99956,100,100068,100,99951,100
2019-06-28 09:31:27.967599557,100015,100,100010,275,100026,175,100009,175,100027,175,100007,175,100028,375,99995,175,100038,175,99989,100,100050,100,99974,100,100053,100,99973,100,100055,100,99964,200,100056,200,99956,100,100067,100,99951,100
2019-06-28 09:31:30.000000000,100015,250,100010,350,100026,250,100009,250,100027,100,100007,100,100028,300,99995,100,100038,100,99989,100,100050,100,99974,100,100053,100,99973,100,100055,100,99964,200,100056,200,99956,100,100067,100,99951,100
2019-06-28 09:31:40.000000000,100015,400,100010,500,100026,100,100009,100,100027,100,100007,100,100028,300,99995,100,100038,100,99989,100,100050,100,99974,100,100053,100,99973,100,100055,100,99964,200,100056,200,99956,100,100067,100,99951,100
2019-06-28 09:31:50.000000000,100015,175,100010,275,100026,175,100009,175,100027,175,100007,175,100028,375,99995,175,100038,100,99989,100,100050,100,99974,100,100053,100,99973,100,100055,100,99964,200,100056,200,99956,100,100067,100,99951,100
2019-06-28 09:32:00.000000000,100015,202,100010,302,100026,199,100009,199,100027,199,100007,199,100028,300,99995,100,100038,100,99989,100,100050,100,99974,100,100053,100,99973,100,100055,100,99964,200,100056,200,99956,100,100067,100,99951,100
2019-06-28 09:32:05.366684483,100015,202,100010,202,100026,199,100009,199,100027,199,100007,199,100028,300,99995,100,100038,100,99989,100,100050,100,99974,100,100053,100,99973,100,100055,100,99964,200,100056,200,99956,100,100067,100,99951,100
2019-06-28 09:32:08.164193334,100015,202,100010,202,100026,199,100009,199,100027,199,100007,199,100028,300,99995,100,100038,100,99989,100,100050,100,99974,100,100053,100,99973,100,100055,100,99964,200,100056,200,99956,100,100067,100,99951,100
2019-06-28 09:32:10.000000000,100015,160,100010,160,100026,160,100009,160,100027,160,100007,160,100028,360,99995,160,100038,160,99989,160,100050,100,99974,100,100053,100,99973,100,100055,100,99964,200,100056,200,99956,100,100067,100,99951,100
2019-06-28 09:32:20.000000000,100015,175,100010,175,100026,175,100009,175,100027,175,100007,175,100028,375,99995,175,100038,100,99989,100,100050,100,99974,100,100053,100,99973,100,100055,100,99964,200,100056,200,99956,100,100067,100,99951,100
2019-06-28 09:32:29.020738060,100015,175,100010,75,100026,175,100009,175,100027,175,100007,175,100028,375,99995,175,100038,100,99989,100,100050,100,99974,100,100053,100,99973,100,100055,100,99964,200,100056,200,99956,100,100067,100,99951,100
2019-06-28 09:32:30.000000000,100015,160,100009,160,100026,160,100007,160,100027,160,99995,160,100028,360,99989,160,100038,160,99974,160,100050,100,99973,100,100053,100,99964,200,100055,100,99956,100,100056,200,99951,100,100067,100,99950,100
2019-06-28 09:32:40.000000000,100015,400,100009,400,100026,100,100007,100,100027,100,99995,100,100028,300,99989,100,100038,100,99974,100,100050,100,99973,100,100053,100,99964,200,100055,100,99956,100,100056,200,99951,100,100067,100,99950,100
2019-06-28 09:32:50.000000000,100015,400,100009,400,100026,100,100007,100,100027,100,99995,100,100028,300,99989,100,100038,100,99974,100,100050,100,99973,100,100053,100,99964,200,100055,100,99956,100,100056,200,99951,100,100067,100,99950,100
2019-06-28 09:32:54.687348384,100015,400,100009,300,100026,100,100007,100,100027,100,99995,100,100028,300,99989,100,100038,100,99974,100,100050,100,99973,100,100053,100,99964,200,100055,100,99956,100,100056,200,99951,100,100068,100,99950,100
2019-06-28 09:33:00.000000000,100015,250,100007,250,100026,250,99995,250,100027,100,99989,100,100028,300,99974,100,100038,100,99973,100,100050,100,99964,200,100053,100,99956,100,100055,100,99951,100,100056,200,99950,100,100068,100,99943,100
2019-06-28 09:33:10.000000000,100015,160,100007,160,100026,160,99995,160,100027,160,99989,160,100028,360,99974,160,100038,160,99973,160,100050,100,99964,200,100053,100,99956,100,100055,100,99951,100,100056,200,99950,100,100068,100,99943,100
2019-06-28 09:33:13.913990880,100010,100,100007,160,100015,60,99995,160,100026,160,99989,160,100027,160,99974,160,100028,360,99973,160,100038,160,99964,200,100050,100,99956,100,100053,100,99951,100,100055,100,99950,100,100056,200,99943,100
2019-06-28 09:33:20.000000000,100010,175,100007,175,100026,175,99995,175,100027,175,99989,175,100028,375,99974,175,100038,100,99973,100,100050,100,99964,200,100053,100,99956,100,100055,100,99951,100,100056,200,99950,100,100068,100,99943,100
2019-06-28 09:33:27.530271897,100010,175,100007,175,100026,175,99995,175,100027,175,99989,175,100028,375,99974,175,100038,100,99973,100,100050,100,99964,100,100053,100,99956,100,100055,100,99951,100,100056,200,99950,100,100068,100,99943,100
2019-06-28 09:33:30.000000000,100010,400,100007,400,100026,100,99995,100,100027,100,99989,100,100028,300,99974,100,100038,100,99973,100,100050,100,99964,100,100053,100,99956,100,100055,100,99951,100,100056,200,99950,100,100068,100,99943,100
2019-06-28 09:33:40.000000000,100010,175,100007,175,100026,175,99995,175,100027,175,99989,175,100028,375,99974,175,100038,100,99973,100,100050,100,99964,100,100053,100,99956,100,100055,100,99951,100,100056,200,99950,100,100068,100,99943,100
2019-06-28 09:33:43.736546273,100010,175,100007,175,100026,175,99995,175,100027,175,99989,175,100028,375,99974,175,100038,100,99973,100,100050,100,99964,100,100053,100,99956,100,100055,100,99951,100,100056,200,99950,100,100068,100,99943,100
2019-06-28 09:33:50.000000000,100010,202,100007,202,100026,199,99995,199,100027,199,99989,199,100028,300,99974,100,100038,100,99973,100,100050,100,99964,100,100053,100,99956,100,100055,100,99951,100,100056,200,99950,100,100068,100,99943,100
2019-06-28 09:34:00.000000000,100010,250,100007,250,100026,250,99995,250,100027,100,99989,100,100028,300,99974,100,100038,100,99973,100,100050,100,99964,100,100053,100,99956,100,100055,100,99951,100,100056,200,99950,100,100068,100,99943,100
2019-06-28 09:34:04.958524586,100010,250,100007,250,100026,250,99995,250,100027,100,99989,100,100028,300,99974,100,100038,100,99973,100,100050,100,99964,100,100053,100,99956,100,100055,100,99951,100,100056,200,99950,100,100068,100,99943,100
2019-06-28 09:34:10.000000000,100010,250,100007,250,100026,250,99995,250,100027,100,99989,100,100028,300,99974,100,100038,100,99973,100,100050,100,99964,100,100053,100,99956,100,100055,100,99951,100,100056,200,99950,100,100068,100,99943,100
2019-06-28 09:34:20.000000000,100010,202,100007,202,100026,199,99995,199,100027,199,99989,199,100028,300,99974,100,100038,100,99973,100,100050,100,99964,100,100053,100,99956,100,100055,100,99951,100,100056,200,99950,100,100068,100,99943,100
2019-06-28 09:34:26.043776106,100010,202,100007,102,100026,199,99995,99,100027,199,99989,199,100028,300,99974,100,100038,100,99973,100,100050,100,99964,100,100053,100,99956,100,100055,100,99951,100,100056,200,99950,100,100068,100,99943,100
2019-06-28 09:34:30.000000000,100010,250,99989,250,100026,250,99974,250,100027,100,99973,100,100028,300,99964,100,100038,100,99956,100,100050,100,99951,100,100053,100,99950,100,100055,100,99943,100,100056,200,99935,100,100068,100,99923,100
2019-06-28 09:34:31.915383395,100010,250,99989,250,100026,250,99974,250,100027,100,99973,100,100028,300,99964,100,100038,100,99956,100,100050,100,99951,100,100053,100,99950,100,100055,100,99943,100,100056,200,99935,100,100068,100,99923,100
2019-06-28 09:34:40.000000000,100010,202,99989,202,100026,199,99974,199,100027,199,99973,199,100028,300,99964,100,100038,100,99956,100,100050,100,99951,100,100053,100,99950,100,100055,100,99943,100,100056,200,99935,100,100068,100,99923,100
2019-06-28 09:34:44.924298366,100010,202,99989,202,100026,199,99974,199,100027,199,99973,199,100028,300,99964,100,100038,100,99956,100,100050,100,99951,100,100053,100,99950,100,100055,100,99943,100,100056,200,99935,100,100068,100,99923,100
2019-06-28 09:34:50.000000000,100010,202,99989,202,100026,199,99974,199,100027,199,99973,199,100028,300,99964,100,100038,100,99956,100,100050,100,99951,100,100053,100,99950,100,100055,100,99943,100,100056,200,99935,100,100068,100,99923,100
2019-06-28 09:34:55.872440131,100010,202,99989,2,100026,199,99974,199,100027,199,99973,199,100028,300,99964,100,100038,100,99956,100,100050,100,99951,100,100053,100,99950,100,100055,100,99943,100,100056,200,99935,100,100068,100,99923,100
2019-06-28 09:35:00.000000000,100010,160,99974,160,100026,160,99973,160,100027,160,99964,160,100028,360,99956,160,100038,160,99951,160,100050,100,99950,100,100053,100,99943,100,100055,100,99935,100,100056,200,99923,100,100068,100,99890,100
2019-06-28 09:35:10.000000000,100010,160,99974,160,100026,160,99973,160,100027,160,99964,160,100028,360,99956,160,100038,160,99951,160,100050,100,99950,100,100053,100,99943,100,100055,100,99935,100,100056,200,99923,100,100068,100,99890,100
2019-06-28 09:35:15.162398122,100010,160,99974,160,100026,160,99973,160,100027,160,99964,160,100028,360,99956,160,100038,160,99951,160,100050,100,99950,100,100053,100,99935,100,100055,100,99923,100,100056,200,99890,100,100068,100,99869,100
2019-06-28 09:35:20.000000000,100010,160,99974,160,100026,160,99973,160,100027,160,99964,160,100028,360,99956,160,100038,160,99951,160,100050,100,99950,100,100053,100,99935,100,100055,100,99923,100,100056,200,99890,100,100068,100,99869,100
2019-06-28 09:35:30.000000000,100010,160,99974,160,100026,160,99973,160,100027,160,99964,160,100028,360,99956,160,100038,160,99951,160,100050,100,99950,100,100053,100,99935,100,100055,100,99923,100,100056,200,99890,100,100068,100,99869,100
2019-06-28 09:35:40.000000000,100010,160,99974,160,100026,160,99973,160,100027,160,99964,160,100028,360,99956,160,100038,160,99951,160,100050,100,99950,100,100053,100,99935,100,100055,100,99923,100,100056,200,99890,100,100068,100,99869,100
2019-06-28 09:35:50.000000000,100010,400,99974,400,100026,100,99973,100,100027,100,99964,100,100028,300,99956,100,100038,100,99951,100,100050,100,99950,100,100053,100,99935,100,100055,100,99923,100,100056,200,99890,100,100068,100,99869,100
2019-06-28 09:36:00.000000000,100010,175,99974,175,100026,175,99973,175,100027,175,99964,175,100028,375,99956,175,100038,100,99951,100,100050,100,99950,100,100053,100,99935,100,100055,100,99923,100,100056,200,99890,100,100068,100,99869,100
2019-06-28 09:36:10.000000000,100010,160,99974,160,100026,160,99973,160,100027,160,99964,160,100028,360,99956,160,100038,160,99951,160,100050,100,99950,100,100053,100,99935,100,100055,100,99923,100,100056,200,99890,100,100068,100,99869,100
2019-06-28 09:36:15.485568185,100010,160,99974,160,100026,160,99973,160,100027,160,99964,160,100028,260,99956,160,100038,160,99951,160,100050,100,99950,100,100053,100,99935,100,100055,100,99923,100,100056,200,99890,100,100068,100,99869,100
2019-06-28 09:36:20.000000000,100010,175,99974,175,100026,175,99973,175,100027,175,99964,175,100028,275,99956,175,100038,100,99951,100,100050,100,99950,100,100053,100,99935,100,100055,100,99923,100,100056,200,99890,100,100068,100,99869,100
2019-06-28 09:36:30.000000000,100010,160,99974,160,100026,160,99973,160,100027,160,99964,160,100028,260,99956,160,100038,160,99951,160,100050,100,99950,100,100053,100,99935,100,100055,100,99923,100,100056,200,99890,100,100068,100,99869,100
2019-06-28 09:36:31.517663057,100010,160,99974,160,100026,160,99973,160,100027,160,99964,160,100028,260,99956,160,100038,60,99951,160,100050,100,99950,100,100053,100,99935,100,100055,100,99923,100,100056,200,99890,100,100068,100,99869,100
2019-06-28 09:36:34.358745442,100010,160,99974,160,100026,160,99973,160,100027,160,99964,160,100028,160,99956,160,100038,60,99951,160,100050,100,99950,100,100053,100,99935,100,100055,100,99923,100,100056,200,99890,100,100068,100,99869,100
2019-06-28 09:36:40.000000000,100010,250,99974,250,100026,250,99973,250,100027,100,99964,100,100028,100,99956,100,100050,100,99951,100,100053,100,99950,100,100055,100,99935,100,100056,200,99923,100,100068,100,99890,100,100072,100,99869,100
2019-06-28 09:36:49.482777192,100010,250,99974,250,100026,250,99973,250,100027,100,99964,100,100028,100,99956,100,100050,100,99952,100,100053,100,99951,100,100055,100,99950,100,100056,200,99935,100,100068,100,99923,100,100072,100,99890,100
2019-06-28 09:36:50.000000000,100010,250,99974,250,100026,250,99973,250,100027,100,99964,100,100028,100,99956,100,100050,100,99952,100,100053,100,99951,100,100055,100,99950,100,100056,200,99935,100,100068,100,99923,100,100072,100,99890,100
2019-06-28 09:37:00.000000000,100010,160,99974,160,100026,160,99973,160,100027,160,99964,160,100028,160,99956,160,100050,160,99952,160,100053,100,99951,100,100055,100,99950,100,100056,200,99935,100,100068,100,99923,100,100072,100,99890,100
2019-06-28 09:37:10.000000000,100010,202,99974,202,100026,199,99973,199,100027,199,99964,199,100028,100,99956,100,100050,100,99952,100,100053,100,99951,100,100055,100,99950,100,100056,200,99935,100,100068,100,99923,100,100072,100,99890,100
2019-06-28 09:37:11.266378715,100010,202,100008,100,100026,199,99974,202,100027,199,99973,199,100028,100,99964,199,100050,100,99956,100,100053,100,99952,100,100055,100,99951,100,100056,200,99950,100,100068,100,99935,100,100072,100,99923,100
2019-06-28 09:37:14.408055709,100010,202,100008,100,100026,199,99974,202,100027,199,99973,199,100028,100,99964,199,100053,100,99956,100,100055,100,99952,100,100056,200,99951,100,100068,100,99950,100,100072,100,99935,100,100075,100,99923,100
2019-06-28 09:37:16.492102220,100010,202,100008,200,100026,199,99974,202,100027,199,99973,199,100028,100,99964,199,100053,100,99956,100,100055,100,99952,100,100056,200,99951,100,100068,100,99950,100,100072,100,99935,100,100075,100,99923,100
2019-06-28 09:37:20.000000000,100010,250,100008,350,100026,250,99974,250,100027,100,99973,100,100028,100,99964,100,100053,100,99956,100,100055,100,99952,100,100056,200,99951,100,100068,100,99950,100,100072,100,99935,100,100075,100,99923,100
2019-06-28 09:37:30.000000000,100010,400,100008,500,100026,100,99974,100,100027,100,99973,100,100028,100,99964,100,100053,100,99956,100,100055,100,99952,100,100056,200,99951,100,100068,100,99950,100,100072,100,99935,100,100075,100,99923,100
2019-06-28 09:37:40.000000000,100010,175,100008,275,100026,175,99974,175,100027,175,99973,175,100028,175,99964,175,100053,100,99956,100,100055,100,99952,100,100056,200,99951,100,100068,100,99950,100,100072,100,99935,100,100075,100,99923,100
2019-06-28 09:37:42.701441206,100010,175,100008,275,100026,175,99974,175,100027,175,99973,175,100028,175,99964,175,100053,100,99956,100,100055,100,99952,100,100056,200,99951,100,100068,100,99950,100,100072,100,99935,100,100075,100,99923,100
2019-06-28 09:37:48.982257345,100010,175,100008,275,100026,175,99974,175,100027,175,99973,175,100028,175,99964,175,100053,100,99956,100,100055,100,99952,100,100056,100,99951,100,100068,100,99950,100,100072,100,99935,100,100075,100,99923,100
2019-06-28 09:37:50.000000000,100010,175,100008,275,100026,175,99974,175,100027,175,99973,175,100028,175,99964,175,100053,100,99956,100,100055,100,99952,100,100056,100,99951,100,100068,100,99950,100,100072,100,99935,100,100075,100,99923,100
2019-06-28 09:37:56.437702122,100010,175,100008,175,100026,175,99974,175,100027,175,99973,175,100028,175,99964,175,100053,100,99956,100,100055,100,99952,100,100056,100,99950,100,100068,100,99935,100,100072,100,99923,100,100075,100,99890,100
2019-06-28 09:38:00.000000000,100010,250,100008,250,100026,250,99974,250,100027,100,99973,100,100028,100,99964,100,100053,100,99956,100,100055,100,99952,100,100056,100,99950,100,100068,100,99935,100,100072,100,99923,100,100075,100,99890,100
2019-06-28 09:38:03.462914664,100010,150,100008,250,100026,250,99974,250,100027,100,99973,100,100028,100,99964,100,100053,100,99956,100,100055,100,99952,100,100056,100,99950,100,100068,100,99935,100,100072,100,99923,100,100075,100,99890,100
2019-06-28 09:38:10.000000000,100026,400,100008,400,100027,100,99974,100,100028,100,99973,100,100053,100,99964,100,100055,100,99956,100,100056,100,99952,100,100068,100,99950,100,100072,100,99935,100,100075,100,99923,100,100088,100,99890,100
2019-06-28 09:38:11.635360148,100009,100,100008,400,100026,400,99974,100,100027,100,99973,100,100028,100,99964,100,100053,100,99956,100,100055,100,99952,100,100056,100,99950,100,100068,100,99935,100,100072,100,99923,100,100075,100,99890,100
2019-06-28 09:38:20.000000000,100009,175,100008,175,100026,175,99974,175,100027,175,99973,175,100028,175,99964,175,100053,100,99956,100,100055,100,99952,100,100056,100,99950,100,100068,100,99935,100,100072,100,99923,100,100075,100,99890,100
2019-06-28 09:38:30.000000000,100009,160,100008,160,100026,160,99974,160,100027,160,99973,160,100028,160,99964,160,100053,160,99956,160,100055,100,99952,100,100056,100,99950,100,100068,100,99935,100,100072,100,99923,100,100075,100,99890,100
2019-06-28 09:38:30.220343231,100009,160,100008,60,100026,160,99974,160,100027,160,99973,160,100028,160,99964,160,100053,160,99956,160,100055,100,99952,100,100056,100,99950,100,100068,100,99935,100,100072,100,99923,100,100075,100,99890,100
2019-06-28 09:38:40.000000000,100009,202,99974,202,100026,199,99973,199,100027,199,99964,199,100028,100,99956,100,100053,100,99952,100,100055,100,99950,100,100056,100,99935,100,100068,100,99923,100,100072,100,99890,100,100075,100,99869,100
2019-06-28 09:38:42.794237816,100009,202,99974,202,100026,199,99973,199,100027,199,99964,199,100028,100,99956,100,100053,100,99952,100,100055,100,99950,100,100056,100,99935,100,100068,100,99923,100,100072,100,99890,100,100075,100,99869,100
2019-06-28 09:38:48.883912922,100009,202,99974,102,100026,199,99973,199,100027,199,99964,199,100028,100,99956,100,100053,100,99952,100,100055,100,99950,100,100068,100,99935,100,100072,100,99923,100,100075,100,99890,100,100088,100,99869,100
2019-06-28 09:38:50.000000000,100009,202,99973,202,100026,199,99964,199,100027,199,99956,199,100028,100,99952,100,100053,100,99950,100,100055,100,99935,100,100068,100,99923,100,100072,100,99890,100,100075,100,99869,100,100088,100,99866,100
2019-06-28 09:38:51.444573577,100009,202,99973,202,100026,199,99964,199,100027,199,99956,199,100028,100,99952,100,100053,100,99950,100,100055,100,99935,100,100068,100,99923,100,100072,100,99890,100,100075,100,99869,100,100088,100,99866,100
2019-06-28 09:39:00.000000000,100009,400,99973,400,100026,100,99964,100,100027,100,99956,100,100028,100,99952,100,100053,100,99950,100,100055,100,99935,100,100068,100,99923,100,100072,100,99890,100,100075,100,99869,100,100088,100,99866,100
2019-06-28 09:39:09.649223085,100009,400,99973,400,100026,100,99964,100,100027,100,99956,100,100028,100,99952,100,100053,100,99950,100,100055,100,99935,100,100068,100,99923,100,100072,100,99890,100,100075,100,99869,100,100088,100,99866,100
2019-06-28 09:39:10.000000000,100009,175,99973,175,100026,175,99964,175,100027,175,99956,175,100028,175,99952,175,100053,100,99950,100,100055,100,99935,100,100068,100,99923,100,100072,100,99890,100,100075,100,99869,100,100088,100,99866,100
2019-06-28 09:39:19.348728163,100009,175,99973,75,100026,175,99964,175,100027,175,99956,175,100028,175,99952,175,100053,100,99950,100,100055,100,99935,100,100068,100,99923,100,100072,100,99890,100,100075,100,99869,100,100088,100,99866,100
2019-06-28 09:39:20.000000000,100009,250,99964,250,100026,250,99956,250,100027,100,99952,100,100028,100,99950,100,100053,100,99935,100,100055,100,99923,100,100068,100,99890,100,100072,100,99869,100,100075,100,99866,100,100088,100,99859,100
2019-06-28 09:39:26.865364873,100009,250,99964,150,100026,250,99956,250,100027,100,99952,100,100028,100,99950,100,100053,100,99935,100,100055,100,99923,100,100068,100,99890,100,100072,100,99869,100,100075,100,99866,100,100088,100,99859,100
2019-06-28 09:39:30.000000000,100009,175,99956,175,100026,175,99952,175,100027,175,99950,175,100028,175,99935,175,100053,100,99923,100,100055,100,99890,100,100068,100,99869,100,100072,100,99866,100,100075,100,99859,100,100088,100,99845,100
2019-06-28 09:39:34.463513028,99973,100,99956,175,100009,175,99952,175,100026,175,99950,175,100027,175,99935,175,100028,175,99923,100,100053,100,99890,100,100055,100,99869,100,100068,100,99866,100,100072,100,99859,100,100075,100,99845,100
2019-06-28 09:39:40.000000000,99973,160,99956,160,100009,160,99952,160,100026,160,99950,160,100027,160,99935,160,100028,160,99923,160,100053,100,99890,100,100055,100,99869,100,100068,100,99866,100,100072,100,99859,100,100075,100,99845,100
2019-06-28 09:39:50.000000000,99973,250,99956,250,100009,250,99952,250,100026,100,99950,100,100027,100,99935,100,100028,100,99923,100,100053,100,99890,100,100055,100,99869,100,100068,100,99866,100,100072,100,99859,100,100075,100,99845,100
2019-06-28 09:40:00.000000000,99973,400,99956,400,100009,100,99952,100,100026,100,99950,100,100027,100,99935,100,100028,100,99923,100,100053,100,99890,100,100055,100,99869,100,100068,100,99866,100,100072,100,99859,100,100075,100,99845,100
2019-06-28 09:40:07.801243206,99973,400,99956,300,100009,100,99952,100,100026,100,99935,100,100027,100,99923,100,100028,100,99890,100,100053,100,99869,100,100055,100,99866,100,100068,100,99859,100,100072,100,99845,100,100075,100,99643,100
2019-06-28 09:40:10.000000000,99973,175,99952,175,100009,175,99935,175,100026,175,99923,175,100027,175,99890,175,100028,100,99869,100,100053,100,99866,100,100055,100,99859,100,100068,100,99845,100,100072,100,99643,100,100075,100,99593,100
2019-06-28 09:40:20.000000000,99973,175,99952,175,100009,175,99935,175,100026,175,99923,175,100027,175,99890,175,100028,100,99869,100,100053,100,99866,100,100055,100,99859,100,100068,100,99845,100,100072,100,99643,100,100075,100,99593,100
2019-06-28 09:40:30.000000000,99973,250,99952,250,100009,250,99935,250,100026,100,99923,100,100027,100,99890,100,100028,100,99869,100,100053,100,99866,100,100055,100,99859,100,100068,100,99845,100,100072,100,99643,100,100075,100,99593,100
2019-06-28 09:40:40.000000000,99973,160,99952,160,100009,160,99935,160,100026,160,99923,160,100027,160,99890,160,100028,160,99869,160,100053,100,99866,100,100055,100,99859,100,100068,100,99845,100,100072,100,99643,100,100075,100,99593,100
2019-06-28 09:40:50.000000000,99973,250,99952,250,100009,250,99935,250,100026,100,99923,100,100027,100,99890,100,100028,100,99869,100,100053,100,99866,100,100055,100,99859,100,100068,100,99845,100,100072,100,99643,100,100075,100,99593,100
2019-06-28 09:41:00.000000000,99973,400,99952,400,100009,100,99935,100,100026,100,99923,100,100027,100,99890,100,100028,100,99869,100,100053,100,99866,100,100055,100,99859,100,100068,100,99845,100,100072,100,99643,100,100075,100,99593,100
2019-06-28 09:41:00.605520510,99973,400,99952,400,100009,100,99935,100,100026,100,99923,100,100027,100,99890,100,100028,100,99869,100,100053,100,99866,100,100055,100,99859,100,100068,100,99643,100,100072,100,99593,100,100075,100,99461,100
2019-06-28 09:41:10.000000000,99973,250,99952,250,100009,250,99935,250,100026,100,99923,100,100027,100,99890,100,100028,100,99869,100,100053,100,99866,100,100055,100,99859,100,100068,100,99643,100,100072,100,99593,100,100075,100,99461,100
2019-06-28 09:41:20.000000000,99973,175,99952,175,100009,175,99935,175,100026,175,99923,175,100027,175,99890,175,100028,100,99869,100,100053,100,99866,100,100055,100,99859,100,100068,100,99643,100,100072,100,99593,100,100075,100,99461,100
2019-06-28 09:41:30.000000000,99973,175,99952,175,100009,175,99935,175,100026,175,99923,175,100027,175,99890,175,100028,100,99869,100,100053,100,99866,100,100055,100,99859,100,100068,100,99643,100,100072,100,99593,100,100075,100,99461,100
2019-06-28 09:41:35.278733102,99973,175,99952,75,100009,175,99935,175,100026,175,99923,175,100027,175,99890,175,100028,100,99869,100,100053,100,99866,100,100055,100,99859,100,100068,100,99643,100,100072,100,99593,100,100075,100,99461,100
2019-06-28 09:41:35.349368287,99973,75,99952,75,100009,175,99935,175,100026,175,99923,175,100027,175,99890,175,100028,100,99869,100,100053,100,99866,100,100055,100,99859,100,100068,100,99643,100,100072,100,99593,100,100075,100,99461,100
2019-06-28 09:41:37.305750501,99973,75,99952,75,100009,175,99935,175,100026,175,99923,175,100027,175,99890,175,100028,100,99869,100,100053,100,99866,100,100055,100,99859,100,100068,100,99800,100,100072,100,99643,100,100075,100,99593,100
2019-06-28 09:41:40.000000000,100009,175,99935,175,100026,175,99923,175,100027,175,99890,175,100028,175,99869,175,100053,100,99866,100,100055,100,99859,100,100068,100,99800,100,100072,100,99643,100,100075,100,99593,100,100088,100,99461,100
2019-06-28 09:41:47.414141220,100009,175,99935,175,100026,175,99923,175,100027,75,99890,175,100028,175,99869,175,100053,100,99866,100,100055,100,99859,100,100068,100,99800,100,100072,100,99643,100,100075,100,99593,100,100088,100,99461,100
2019-06-28 09:41:50.000000000,100009,400,99935,400,100026,100,99923,100,100028,100,99890,100,100053,100,99869,100,100055,100,99866,100,100068,100,99859,100,100072,100,99800,100,100075,100,99643,100,100088,100,99593,100,100100,100,99461,100
2019-06-28 09:41:50.546569458,100009,400,99935,400,100026,100,99923,100,100028,100,99890,100,100053,100,99869,100,100055,100,99866,100,100068,100,99859,100,100072,100,99800,100,100088,100,99643,100,100100,100,99593,100,100107,100,99494,100
2019-06-28 09:42:00.000000000,100009,175,99935,175,100026,175,99923,175,100028,175,99890,175,100053,175,99869,175,100055,100,99866,100,100068,100,99859,100,100072,100,99800,100,100088,100,99643,100,100100,100,99593,100,100107,100,99494,100
2019-06-28 09:42:10.000000000,100009,160,99935,160,100026,160,99923,160,100028,160,99890,160,100053,160,99869,160,100055,160,99866,160,100068,100,99859,100,100072,100,99800,100,100088,100,99643,100,100100,100,99593,100,100107,100,99494,100
2019-06-28 09:42:20.000000000,100009,202,99935,202,100026,199,99923,199,100028,199,99890,199,100053,100,99869,100,100055,100,99866,100,100068,100,99859,100,100072,100,99800,100,100088,100,99643,100,100100,100,99593,100,100107,100,99494,100
2019-06-28 09:42:24.632799788,99972,100,99935,202,100009,202,99923,199,100026,199,99890,199,100028,199,99869,100,100053,100,99866,100,100055,100,99859,100,100068,100,99800,100,100072,100,99643,100,100088,100,99593,100,100100,100,99494,100
2019-06-28 09:42:30.000000000,99972,250,99935,250,100009,250,99923,250,100026,100,99890,100,100028,100,99869,100,100053,100,99866,100,100055,100,99859,100,100068,100,99800,100,100072,100,99643,100,100088,100,99593,100,100100,100,99494,100
2019-06-28 09:42:40.000000000,99972,175,99935,175,100009,175,99923,175,100026,175,99890,175,100028,175,99869,175,100053,100,99866,100,100055,100,99859,100,100068,100,99800,100,100072,100,99643,100,100088,100,99593,100,100100,100,99494,100
2019-06-28 09:42:49.691568022,99972,175,99935,75,100009,175,99923,175,100026,175,99890,175,100028,175,99869,175,100053,100,99866,100,100055,100,99859,100,100068,100,99800,100,100072,100,99643,100,100088,100,99593,100,100100,100,99494,100
2019-06-28 09:42:50.000000000,99972,250,99923,250,100009,250,99890,250,100026,100,99869,100,100028,100,99866,100,100053,100,99859,100,100055,100,99800,100,100068,100,99643,100,100072,100,99593,100,100088,100,99494,100,100100,100,99461,100
2019-06-28 09:43:00.000000000,99972,175,99923,175,100009,175,99890,175,100026,175,99869,175,100028,175,99866,175,100053,100,99859,100,100055,100,99800,100,100068,100,99643,100,100072,100,99593,100,100088,100,99494,100,100100,100,99461,100
2019-06-28 09:43:10.000000000,99972,250,99923,250,100009,250,99890,250,100026,100,99869,100,100028,100,99866,100,100053,100,99859,100,100055,100,99800,100,100068,100,99643,100,100072,100,99593,100,100088,100,99494,100,100100,100,99461,100
2019-06-28 09:43:19.820221646,99972,250,99936,100,100009,250,99923,250,100026,100,99890,250,100028,100,99869,100,100053,100,99866,100,100055,100,99859,100,100068,100,99800,100,100072,100,99643,100,100088,100,99593,100,100100,100,99494,100
2019-06-28 09:43:20.000000000,99972,400,99936,400,100009,100,99923,100,100026,100,99890,100,100028,100,99869,100,100053,100,99866,100,100055,100,99859,100,100068,100,99800,100,100072,100,99643,100,100088,100,99593,100,100100,100,99494,100
2019-06-28 09:43:30.000000000,99972,250,99936,250,100009,250,99923,250,100026,100,99890,100,100028,100,99869,100,100053,100,99866,100,100055,100,99859,100,100068,100,99800,100,100072,100,99643,100,100088,100,99593,100,100100,100,99494,100
2019-06-28 09:43:40.000000000,99972,400,99936,400,100009,100,99923,100,100026,100,99890,100,100028,100,99869,100,100053,100,99866,100,100055,100,99859,100,100068,100,99800,100,100072,100,99643,100,100088,100,99593,100,100100,100,99494,100
2019-06-28 09:43:50.000000000,99972,250,99936,250,100009,250,99923,250,100026,100,99890,100,100028,100,99869,100,100053,100,99866,100,100055,100,99859,100,100068,100,99800,100,100072,100,99643,100,100088,100,99593,100,100100,100,99494,100
2019-06-28 09:43:50.921492629,99972,250,99936,250,100009,250,99923,250,100026,100,99890,100,100028,100,99869,100,100053,100,99866,100,100055,100,99859,100,100068,100,99800,100,100072,100,99643,100,100088,100,99593,100,100100,100,99494,100
2019-06-28 09:43:54.647187114,99972,250,99936,350,100009,250,99923,250,100026,100,99890,100,100028,100,99869,100,100053,100,99866,100,100055,100,99859,100,100068,100,99800,100,100072,100,99643,100,100088,100,99593,100,100100,100,99494,100
2019-06-28 09:44:00.000000000,99972,160,99936,260,100009,160,99923,160,100026,160,99890,160,100028,160,99869,160,100053,160,99866,160,100055,100,99859,100,100068,100,99800,100,100072,100,99643,100,100088,100,99593,100,100100,100,99494,100
2019-06-28 09:44:05.765466562,99972,160,99936,260,100009,160,99923,160,100026,160,99890,160,100028,160,99869,160,100053,160,99866,160,100055,100,99859,100,100068,100,99800,100,100072,100,99643,100,100088,100,99593,100,100100,100,99494,100
2019-06-28 09:44:10.000000000,99972,250,99936,350,100009,250,99923,250,100026,100,99890,100,100028,100,99869,100,100053,100,99866,100,100055,100,99859,100,100068,100,99800,100,100072,100,99643,100,100088,100,99593,100,100100,100,99494,100
2019-06-28 09:44:14.900379798,99972,250,99936,350,100009,250,99923,250,100026,100,99890,100,100028,100,99869,100,100053,100,99866,100,100055,100,99859,100,100072,100,99800,100,100088,100,99643,100,100100,100,99593,100,100107,100,99494,100
2019-06-28 09:44:20.000000000,99972,250,99936,350,100009,250,99923,250,100026,100,99890,100,100028,100,99869,100,100053,100,99866,100,100055,100,99859,100,100072,100,99800,100,100088,100,99643,100,100100,100,99593,100,100107,100,99494,100
2019-06-28 09:44:26.231431891,99972,150,99936,350,100009,250,99923,250,100026,100,99890,100,100028,100,99869,100,100053,100,99866,100,100072,100,99859,100,100088,100,99800,100,100100,100,99643,100,100107,100,99593,100,100110,100,99494,100
2019-06-28 09:44:30.000000000,100009,175,99936,275,100026,175,99923,175,100028,175,99890,175,100053,175,99869,175,100072,100,99866,100,100088,100,99859,100,100100,100,99800,100,100107,100,99643,100,100110,100,99593,100,100112,100,99494,100
2019-06-28 09:44:36.082416870,100009,75,99936,275,100026,175,99923,175,100028,175,99890,175,100053,175,99869,175,100072,100,99866,100,100088,100,99859,100,100100,100,99800,100,100107,100,99643,100,100110,100,99593,100,100135,100,99494,100
2019-06-28 09:44:40.000000000,100026,160,99936,260,100028,160,99923,160,100053,160,99890,160,100072,160,99869,160,100088,160,99866,160,100100,100,99859,100,100107,100,99800,100,100110,100,99643,100,100135,100,99593,100,100162,100,99494,100
2019-06-28 09:44:49.783770295,100026,60,99936,260,100028,160,99923,160,100053,160,99890,160,100072,160,99869,160,100088,160,99866,160,100100,100,99859,100,100107,100,99800,100,100110,100,99643,100,100135,100,99593,100,100162,100,99494,100
2019-06-28 09:44:50.000000000,100028,175,99936,275,100053,175,99923,175,100072,175,99890,175,100088,175,99869,175,100100,100,99866,100,100107,100,99859,100,100110,100,99800,100,100135,100,99643,100,100162,100,99593,100,100170,100,99494,100
2019-06-28 09:44:55.723575761,100028,175,99936,275,100053,175,99923,175,100072,175,99890,175,100088,175,99869,175,100100,100,99866,100,100107,100,99859,100,100110,100,99800,100,100135,100,99643,100,100162,100,99593,100,100170,100,99494,100
2019-06-28 09:45:00.000000000,100028,250,99936,350,100053,250,99923,250,100072,100,99890,100,100088,100,99869,100,100100,100,99866,100,100107,100,99859,100,100110,100,99800,100,100135,100,99643,100,100162,100,99593,100,100170,100,99494,100
2019-06-28 09:45:10.000000000,100028,400,99936,500,100053,100,99923,100,100072,100,99890,100,100088,100,99869,100,100100,100,99866,100,100107,100,99859,100,100110,100,99800,100,100135,100,99643,100,100162,100,99593,100,100170,100,99494,100
2019-06-28 09:45:12.947833171,100028,400,99936,500,100053,100,99923,100,100072,100,99890,100,100088,100,99869,100,100100,100,99866,100,100107,100,99859,100,100110,100,99800,100,100135,100,99643,100,100162,100,99593,100,100170,100,99494,100
2019-06-28 09:45:18.535794872,100028,300,99936,500,100053,100,99923,100,100072,100,99890,100,100088,100,99869,100,100100,100,99866,100,100107,100,99859,100,100110,100,99800,100,100135,100,99643,100,100162,100,99593,100,100170,100,99494,100
2019-06-28 09:45:20.000000000,100053,202,99936,302,100072,199,99923,199,100088,199,99890,199,100100,100,99869,100,100107,100,99866,100,100110,100,99859,100,100135,100,99800,100,100162,100,99643,100,100170,100,99593,100,100173,100,99494,100
2019-06-28 09:45:23.469420632,100053,202,99936,302,100072,199,99923,199,100088,199,99890,199,100100,100,99869,100,100107,100,99866,100,100110,100,99859,100,100135,100,99800,100,100162,100,99643,100,100170,100,99593,100,100173,100,99494,100
2019-06-28 09:45:30.000000000,100053,160,99936,260,100072,160,99923,160,100088,160,99890,160,100100,160,99869,160,100107,160,99866,160,100110,100,99859,100,100135,100,99800,100,100162,100,99643,100,100170,100,99593,100,100173,100,99494,100
2019-06-28 09:45:30.838289998,100053,160,100026,100,100072,160,99936,260,100088,160,99923,160,100100,160,99890,160,100107,160,99869,160,100110,100,99866,160,100135,100,99859,100,100162,100,99800,100,100170,100,99643,100,100173,100,99593,100
2019-06-28 09:45:30.882277867,100053,60,100026,100,100072,160,99936,260,100088,160,99923,160,100100,160,99890,160,100107,160,99869,160,100110,100,99866,160,100135,100,99859,100,100162,100,99800,100,100170,100,99643,100,100173,100,99593,100
2019-06-28 09:45:34.677388563,100053,60,100026,100,100072,160,99936,260,100088,160,99923,160,100100,160,99890,160,100107,160,99869,160,100110,100,99866,160,100135,100,99859,100,100162,100,99800,100,100170,100,99643,100,100173,100,99593,100
2019-06-28 09:45:40.000000000,100072,202,100026,202,100088,199,99936,299,100100,199,99923,199,100107,100,99890,100,100110,100,99869,100,100135,100,99866,100,100162,100,99859,100,100170,100,99800,100,100173,100,99643,100,100219,100,99593,100
2019-06-28 09:45:50.000000000,100072,202,100026,202,100088,199,99936,299,100100,199,99923,199,100107,100,99890,100,100110,100,99869,100,100135,100,99866,100,100162,100,99859,100,100170,100,99800,100,100173,100,99643,100,100219,100,99593,100
2019-06-28 09:46:00.000000000,100072,175,100026,175,100088,175,99936,275,100100,175,99923,175,100107,175,99890,175,100110,100,99869,100,100135,100,99866,100,100162,100,99859,100,100170,100,99800,100,100173,100,99643,100,100219,100,99593,100
2019-06-28 09:46:08.917363327,100072,175,100028,100,100088,175,100026,175,100100,175,99936,275,100107,175,99923,175,100110,100,99890,175,100135,100,99869,100,100162,100,99866,100,100170,100,99859,100,100173,100,99800,100,100219,100,99643,100
2019-06-28 09:46:10.000000000,100072,400,100028,400,100088,100,100026,100,100100,100,99936,200,100107,100,99923,100,100110,100,99890,100,100135,100,99869,100,100162,100,99866,100,100170,100,99859,100,100173,100,99800,100,100219,100,99643,100
2019-06-28 09:46:10.032137346,100072,400,100028,400,100088,100,100026,100,100100,100,99936,200,100107,100,99923,100,100110,100,99890,100,100135,100,99869,100,100162,100,99866,100,100170,100,99859,100,100173,100,99800,100,100219,100,99643,100
2019-06-28 09:46:14.990095690,100072,300,100028,400,100088,100,100026,100,100100,100,99936,200,100107,100,99923,100,100110,100,99890,100,100135,100,99869,100,100162,100,99866,100,100170,100,99859,100,100173,100,99800,100,100219,100,99643,100
2019-06-28 09:46:20.000000000,100088,400,100028,400,100100,100,100026,100,100107,100,99936,200,100110,100,99923,100,100135,100,99890,100,100162,100,99869,100,100170,100,99866,100,100173,100,99859,100,100219,100,99800,100,100290,100,99643,100
2019-06-28 09:46:30.000000000,100088,160,100028,160,100100,160,100026,160,100107,160,99936,260,100110,160,99923,160,100135,160,99890,160,100162,100,99869,100,100170,100,99866,100,100173,100,99859,100,100219,100,99800,100,100290,100,99643,100
2019-06-28 09:46:40.000000000,100088,400,100028,400,100100,100,100026,100,100107,100,99936,200,100110,100,99923,100,100135,100,99890,100,100162,100,99869,100,100170,100,99866,100,100173,100,99859,100,100219,100,99800,100,100290,100,99643,100
2019-06-28 09:46:50.000000000,100088,202,100028,202,100100,199,100026,199,100107,199,99936,299,100110,100,99923,100,100135,100,99890,100,100162,100,99869,100,100170,100,99866,100,100173,100,99859,100,100219,100,99800,100,100290,100,99643,100
2019-06-28 09:46:55.409943562,100088,102,100028,202,100100,199,100026,199,100107,199,99936,299,100110,100,99923,100,100135,100,99890,100,100162,100,99869,100,100170,100,99866,100,100173,100,99859,100,100219,100,99800,100,100290,100,99643,100
2019-06-28 09:47:00.000000000,100100,202,100028,202,100107,199,100026,199,100110,199,99936,299,100135,100,99923,100,100162,100,99890,100,100170,100,99869,100,100173,100,99866,100,100219,100,99859,100,100290,100,99800,100,100505,100,99643,100
2019-06-28 09:47:03.142607899,100100,202,100072,100,100107,199,100028,202,100110,199,100026,199,100135,100,99936,299,100162,100,99923,100,100170,100,99890,100,100173,100,99869,100,100219,100,99866,100,100290,100,99859,100,100505,100,99800,100
2019-06-28 09:47:05.664317248,100100,102,100072,100,100107,199,100028,202,100110,199,100026,199,100135,100,99936,299,100162,100,99923,100,100170,100,99890,100,100173,100,99869,100,100219,100,99866,100,100290,100,99859,100,100505,100,99800,100
2019-06-28 09:47:10.000000000,100107,250,100072,250,100110,250,100028,250,100135,100,100026,100,100162,100,99936,200,100170,100,99923,100,100173,100,99890,100,100219,100,99869,100,100290,100,99866,100,100505,100,99859,100,100644,100,99800,100
2019-06-28 09:47:20.000000000,100107,202,100072,202,100110,199,100028,199,100135,199,100026,199,100162,100,99936,200,100170,100,99923,100,100173,100,99890,100,100219,100,99869,100,100290,100,99866,100,100505,100,99859,100,100644,100,99800,100
2019-06-28 09:47:30.000000000,100107,400,100072,400,100110,100,100028,100,100135,100,100026,100,100162,100,99936,200,100170,100,99923,100,100173,100,99890,100,100219,100,99869,100,100290,100,99866,100,100505,100,99859,100,100644,100,99800,100
2019-06-28 09:47:33.248910703,100107,300,100072,400,100110,100,100028,100,100135,100,100026,100,100162,100,99936,200,100170,100,99923,100,100173,100,99890,100,100219,100,99869,100,100290,100,99866,100,100505,100,99859,100,100644,100,99800,100
2019-06-28 09:47:40.000000000,100110,160,100072,160,100135,160,100028,160,100162,160,100026,160,100170,160,99936,260,100173,160,99923,160,100219,100,99890,100,100290,100,99869,100,100505,100,99866,100,100644,100,99859,100,100760,100,99800,100
2019-06-28 09:47:47.463060548,100110,60,100072,160,100135,160,100028,160,100162,160,100026,160,100170,160,99936,260,100173,160,99923,160,100219,100,99890,100,100290,100,99869,100,100505,100,99866,100,100644,100,99859,100,100760,100,99800,100
2019-06-28 09:47:50.000000000,100135,175,100072,175,100162,175,100028,175,100170,175,100026,175,100173,175,99936,275,100219,100,99923,100,100290,100,99890,100,100505,100,99869,100,100644,100,99866,100,100760,100,99859,100,100853,100,99800,100
2019-06-28 09:48:00.000000000,100135,160,100072,160,100162,160,100028,160,100170,160,100026,160,100173,160,99936,260,100219,160,99923,160,100290,100,99890,100,100505,100,99869,100,100644,100,99866,100,100760,100,99859,100,100853,100,99800,100
2019-06-28 09:48:07.978990725,100135,160,100072,160,100162,160,100028,160,100170,160,100026,160,100173,160,99936,260,100219,160,99923,160,100290,100,99890,100,100505,100,99869,100,100644,100,99866,100,100760,100,99859,100,100853,100,99800,100
2019-06-28 09:48:10.000000000,100135,250,100072,250,100162,250,100028,250,100170,100,100026,100,100173,100,99936,200,100219,100,99923,100,100290,100,99890,100,100505,100,99869,100,100644,100,99866,100,100760,100,99859,100,100853,100,99800,100
2019-06-28 09:48:15.852946975,100135,150,100072,250,100162,250,100028,250,100170,100,100026,100,100173,100,99936,200,100219,100,99923,100,100290,100,99890,100,100505,100,99869,100,100644,100,99866,100,100760,100,99859,100,100853,100,99800,100
2019-06-28 09:48:20.000000000,100162,202,100072,202,100170,199,100028,199,100173,199,100026,199,100219,100,99936,200,100290,100,99923,100,100505,100,99890,100,100644,100,99869,100,100760,100,99866,100,100853,100,99859,100,100983,100,99800,100
2019-06-28 09:48:30.000000000,100162,160,100072,160,100170,160,100028,160,100173,160,100026,160,100219,160,99936,260,100290,160,99923,160,100505,100,99890,100,100644,100,99869,100,100760,100,99866,100,100853,100,99859,100,100983,100,99800,100
2019-06-28 09:48:40.000000000,100162,250,100072,250,100170,250,100028,250,100173,100,100026,100,100219,100,99936,200,100290,100,99923,100,100505,100,99890,100,100644,100,99869,100,100760,100,99866,100,100853,100,99859,100,100983,100,99800,100
2019-06-28 09:48:40.797180713,100162,150,100072,250,100170,250,100028,250,100173,100,100026,100,100219,100,99936,200,100290,100,99923,100,100505,100,99890,100,100644,100,99869,100,100760,100,99866,100,100853,100,99859,100,100983,100,99800,100
2019-06-28 09:48:42.221138028,100162,50,100072,250,100170,250,100028,250,100173,100,100026,100,100219,100,99936,200,100290,100,99923,100,100505,100,99890,100,100644,100,99869,100,100760,100,99866,100,100853,100,99859,100,100983,100,99800,100
2019-06-28 09:48:50.000000000,100170,160,100072,160,100173,160,100028,160,100219,160,100026,160,100290,160,99936,260,100505,160,99923,160,100644,100,99890,100,100760,100,99869,100,100853,100,99866,100,100983,100,99859,100,101150,100,99800,100
2019-06-28 09:49:00.000000000,100170,160,100072,160,100173,160,100028,160,100219,160,100026,160,100290,160,99936,260,100505,160,99923,160,100644,100,99890,100,100760,100,99869,100,100853,100,99866,100,100983,100,99859,100,101150,100,99800,100
2019-06-28 09:49:10.000000000,100170,202,100072,202,100173,199,100028,199,100219,199,100026,199,100290,100,99936,200,100505,100,99923,100,100644,100,99890,100,100760,100,99869,100,100853,100,99866,100,100983,100,99859,100,101150,100,99800,100
2019-06-28 09:49:20.000000000,100170,400,100072,400,100173,100,100028,100,100219,100,100026,100,100290,100,99936,200,100505,100,99923,100,100644,100,99890,100,100760,100,99869,100,100853,100,99866,100,100983,100,99859,100,101150,100,99800,100
2019-06-28 09:49:28.172340525,100170,300,100072,400,100173,100,100028,100,100219,100,100026,100,100290,100,99936,200,100505,100,99923,100,100644,100,99890,100,100853,100,99869,100,100983,100,99866,100,101150,100,99859,100,,,99800,100
2019-06-28 09:49:28.375804079,100170,300,100072,400,100173,100,100028,100,100219,100,100026,100,100505,100,99936,200,100644,100,99923,100,100853,100,99890,100,100983,100,99869,100,101150,100,99866,100,101303,100,99859,100,,,99800,100
2019-06-28 09:49:30.000000000,100173,250,100072,250,100219,250,100028,250,100505,100,100026,100,100644,100,99936,200,100853,100,99923,100,100983,100,99890,100,101150,100,99869,100,101303,100,99866,100,,,99859,100,,,99800,100
2019-06-28 09:49:40.000000000,100173,175,100072,175,100219,175,100028,175,100505,175,100026,175,100644,175,99936,275,100853,100,99923,100,100983,100,99890,100,101150,100,99869,100,101303,100,99866,100,,,99859,100,,,99800,100
2019-06-28 09:49:41.234281955,100173,75,100072,175,100219,175,100028,175,100505,175,100026,175,100644,175,99936,275,100853,100,99923,100,100983,100,99890,100,101150,100,99869,100,101303,100,99866,100,,,99859,100,,,99800,100
2019-06-28 09:49:42.281459944,100173,75,100072,175,100219,175,100028,175,100505,175,100026,175,100644,175,99936,275,100853,100,99923,100,100983,100,99890,100,101150,100,99869,100,101303,100,99866,100,101812,100,99859,100,,,99800,100
2019-06-28 09:49:50.000000000,100219,175,100072,175,100505,175,100028,175,100644,175,100026,175,100853,175,99936,275,100983,100,99923,100,101150,100,99890,100,101303,100,99869,100,101812,100,99866,100,,,99859,100,,,99800,100
2019-06-28 09:49:55.415993821,100219,75,100072,175,100505,175,100028,175,100644,175,100026,175,100853,175,99936,275,100983,100,99923,100,101150,100,99890,100,101303,100,99869,100,101812,100,99866,100,,,99859,100,,,99800,100
2019-06-28 09:50:00.000000000,100505,160,100072,160,100644,160,100028,160,100853,160,100026,160,100983,160,99936,260,101150,160,99923,160,101303,100,99890,100,101812,100,99869,100,,,99866,100,,,99859,100,,,99800,100
2019-06-28 09:50:02.220405774,100505,160,100072,160,100644,160,100028,160,100853,160,100026,160,100983,160,99936,260,101150,160,99923,160,101303,100,99890,100,101532,100,99869,100,101812,100,99866,100,,,99859,100,,,99800,100
2019-06-28 09:50:10.000000000,100505,400,100072,400,100644,100,100028,100,100853,100,100026,100,100983,100,99936,200,101150,100,99923,100,101303,100,99890,100,101532,100,99869,100,101812,100,99866,100,,,99859,100,,,99800,100
2019-06-28 09:50:19.751726180,100505,400,100173,100,100644,100,100072,300,100853,100,100028,100,100983,100,100026,100,101150,100,99936,200,101303,100,99923,100,101532,100,99890,100,101812,100,99869,100,,,99866,100,,,99859,100
2019-06-28 09:50:20.000000000,100505,400,100173,400,100644,100,100028,100,100853,100,100026,100,100983,100,99936,200,101150,100,99923,100,101303,100,99890,100,101532,100,99869,100,101812,100,99866,100,,,99859,100,,,99800,100
2019-06-28 09:50:30.000000000,100505,250,100173,250,100644,250,100028,250,100853,100,100026,100,100983,100,99936,200,101150,100,99923,100,101303,100,99890,100,101532,100,99869,100,101812,100,99866,100,,,99859,100,,,99800,100
2019-06-28 09:50:40.000000000,100505,160,100173,160,100644,160,100028,160,100853,160,100026,160,100983,160,99936,260,101150,160,99923,160,101303,100,99890,100,101532,100,99869,100,101812,100,99866,100,,,99859,100,,,99800,100
2019-06-28 09:50:50.000000000,100505,250,100173,250,100644,250,100028,250,100853,100,100026,100,100983,100,99936,200,101150,100,99923,100,101303,100,99890,100,101532,100,99869,100,101812,100,99866,100,,,99859,100,,,99800,100
2019-06-28 09:50:50.484899430,100505,250,100173,250,100644,250,100028,250,100853,100,100026,100,100937,100,99936,200,100983,100,99923,100,101150,100,99890,100,101303,100,99869,100,101532,100,99866,100,101812,100,99800,100,,,99643,100
2019-06-28 09:51:00.000000000,100505,202,100173,202,100644,199,100028,199,100853,199,100026,199,100937,100,99936,200,100983,100,99923,100,101150,100,99890,100,101303,100,99869,100,101532,100,99866,100,101812,100,99800,100,,,99643,100
2019-06-28 09:51:10.000000000,100505,250,100173,250,100644,250,100028,250,100853,100,100026,100,100937,100,99936,200,100983,100,99923,100,101150,100,99890,100,101303,100,99869,100,101532,100,99866,100,101812,100,99800,100,,,99643,100
2019-06-28 09:51:20.000000000,100505,160,100173,160,100644,160,100028,160,100853,160,100026,160,100937,160,99936,260,100983,160,99923,160,101150,100,99890,100,101303,100,99869,100,101532,100,99866,100,101812,100,99800,100,,,99643,100
2019-06-28 09:51:30.000000000,100505,250,100173,250,100644,250,100028,250,100853,100,100026,100,100937,100,99936,200,100983,100,99923,100,101150,100,99890,100,101303,100,99869,100,101532,100,99866,100,101812,100,99800,100,,,99643,100
2019-06-28 09:51:40.000000000,100505,250,100173,250,100644,250,100028,250,100853,100,100026,100,100937,100,99936,200,100983,100,99923,100,101150,100,99890,100,101303,100,99869,100,101532,100,99866,100,101812,100,99800,100,,,99643,100
2019-06-28 09:51:49.215832295,100505,250,100173,250,100644,250,100028,250,100853,100,100026,100,100937,100,99936,200,100983,100,99923,100,101140,100,99890,100,101150,100,99869,100,101303,100,99866,100,101532,100,99800,100,101812,100,99643,100
2019-06-28 09:51:50.000000000,100505,400,100173,400,100644,100,100028,100,100853,100,100026,100,100937,100,99936,200,100983,100,99923,100,101140,100,99890,100,101150,100,99869,100,101303,100,99866,100,101532,100,99800,100,101812,100,99643,100
2019-06-28 09:52:00.000000000,100505,250,100173,250,100644,250,100028,250,100853,100,100026,100,100937,100,99936,200,100983,100,99923,100,101140,100,99890,100,101150,100,99869,100,101303,100,99866,100,101532,100,99800,100,101812,100,99643,100
2019-06-28 09:52:10.000000000,100505,175,100173,175,100644,175,100028,175,100853,175,100026,175,100937,175,99936,275,100983,100,99923,100,101140,100,99890,100,101150,100,99869,100,101303,100,99866,100,101532,100,99800,100,101812,100,99643,100
2019-06-28 09:52:20.000000000,100505,202,100173,202,100644,199,100028,199,100853,199,100026,199,100937,100,99936,200,100983,100,99923,100,101140,100,99890,100,101150,100,99869,100,101303,100,99866,100,101532,100,99800,100,101812,100,99643,100
2019-06-28 09:52:30.000000000,100505,160,100173,160,100644,160,100028,160,100853,160,100026,160,100937,160,99936,260,100983,160,99923,160,101140,100,99890,100,101150,100,99869,100,101303,100,99866,100,101532,100,99800,100,101812,100,99643,100
2019-06-28 09:52:35.488028955,100505,160,100173,160,100644,160,100028,160,100853,160,100026,160,100937,160,99936,260,100983,160,99923,160,101140,100,99890,100,101150,100,99866,100,101303,100,99800,100,101532,100,99643,100,101812,100,99494,100
2019-06-28 09:52:36.661517316,100505,160,100173,160,100644,60,100028,160,100710,100,100026,160,100853,160,99936,260,100937,160,99923,160,100983,160,99890,100,101140,100,99866,100,101150,100,99800,100,101303,100,99643,100,101532,100,99494,100
2019-06-28 09:52:40.000000000,100505,400,100173,400,100710,100,100028,100,100853,100,100026,100,100937,100,99936,200,100983,100,99923,100,101140,100,99890,100,101150,100,99866,100,101303,100,99800,100,101532,100,99643,100,101812,100,99494,100
2019-06-28 09:52:43.071600093,100505,400,100173,400,100710,100,100028,100,100853,100,100026,100,100937,100,99936,200,100953,100,99923,100,100983,100,99890,100,101140,100,99866,100,101150,100,99643,100,101303,100,99494,100,101532,100,99368,100
2019-06-28 09:52:50.000000000,100505,175,100173,175,100710,175,100028,175,100853,175,100026,175,100937,175,99936,275,100953,100,99923,100,100983,100,99890,100,101140,100,99866,100,101150,100,99643,100,101303,100,99494,100,101532,100,99368,100
2019-06-28 09:53:00.000000000,100505,400,100173,400,100710,100,100028,100,100853,100,100026,100,100937,100,99936,200,100953,100,99923,100,100983,100,99890,100,101140,100,99866,100,101150,100,99643,100,101303,100,99494,100,101532,100,99368,100
2019-06-28 09:53:10.000000000,100505,202,100173,202,100710,199,100028,199,100853,199,100026,199,100937,100,99936,200,100953,100,99923,100,100983,100,99890,100,101140,100,99866,100,101150,100,99643,100,101303,100,99494,100,101532,100,99368,100
2019-06-28 09:53:20.000000000,100505,160,100173,160,100710,160,100028,160,100853,160,100026,160,100937,160,99936,260,100953,160,99923,160,100983,100,99890,100,101140,100,99866,100,101150,100,99643,100,101303,100,99494,100,101532,100,99368,100
2019-06-28 09:53:30.000000000,100505,400,100173,400,100710,100,100028,100,100853,100,100026,100,100937,100,99936,200,100953,100,99923,100,100983,100,99890,100,101140,100,99866,100,101150,100,99643,100,101303,100,99494,100,101532,100,99368,100
2019-06-28 09:53:40.000000000,100505,250,100173,250,100710,250,100028,250,100853,100,100026,100,100937,100,99936,200,100953,100,99923,100,100983,100,99890,100,101140,100,99866,100,101150,100,99643,100,101303,100,99494,100,101532,100,99368,100
2019-06-28 09:53:49.366137730,100505,150,100173,250,100710,250,100028,250,100853,100,100026,100,100937,100,99936,200,100953,100,99923,100,100983,100,99890,100,101140,100,99866,100,101150,100,99643,100,101303,100,99494,100,101532,100,99368,100
2019-06-28 09:53:50.000000000,100710,160,100173,160,100853,160,100028,160,100937,160,100026,160,100953,160,99936,260,100983,160,99923,160,101140,100,99890,100,101150,100,99866,100,101303,100,99643,100,101532,100,99494,100,101812,100,99368,100
2019-06-28 09:54:00.000000000,100710,250,100173,250,100853,250,100028,250,100937,100,100026,100,100953,100,99936,200,100983,100,99923,100,101140,100,99890,100,101150,100,99866,100,101303,100,99643,100,101532,100,99494,100,101812,100,99368,100
2019-06-28 09:54:10.000000000,100710,400,100173,400,100853,100,100028,100,100937,100,100026,100,100953,100,99936,200,100983,100,99923,100,101140,100,99890,100,101150,100,99866,100,101303,100,99643,100,101532,100,99494,100,101812,100,99368,100
2019-06-28 09:54:20.000000000,100710,400,100173,400,100853,100,100028,100,100937,100,100026,100,100953,100,99936,200,100983,100,99923,100,101140,100,99890,100,101150,100,99866,100,101303,100,99643,100,101532,100,99494,100,101812,100,99368,100
2019-06-28 09:54:22.924972922,100710,400,100173,400,100853,100,100028,100,100937,100,100026,100,100953,100,99936,200,100983,100,99923,100,101140,100,99890,100,101150,100,99866,100,101303,100,99643,100,101324,100,99494,100,101532,100,99368,100
2019-06-28 09:54:27.746122750,100710,300,100173,400,100853,100,100028,100,100937,100,100026,100,100953,100,99936,200,100983,100,99923,100,101140,100,99890,100,101150,100,99866,100,101324,100,99643,100,101532,100,99494,100,101812,100,99368,100
2019-06-28 09:54:28.387299207,100710,300,100173,400,100853,100,100028,100,100937,100,100026,100,100953,100,99936,200,100983,100,99923,100,101140,100,99890,100,101150,100,99866,100,101283,100,99643,100,101324,100,99494,100,101812,100,99368,100
2019-06-28 09:54:30.000000000,100853,175,100173,175,100937,175,100028,175,100953,175,100026,175,100983,175,99936,275,101140,100,99923,100,101150,100,99890,100,101283,100,99866,100,101324,100,99643,100,101812,100,99494,100,,,99368,100
2019-06-28 09:54:36.863414673,100853,175,100815,100,100937,175,100173,175,100953,175,100028,175,100983,175,100026,175,101140,100,99936,275,101150,100,99923,100,101283,100,99890,100,101324,100,99866,100,101812,100,99643,100,,,99494,100
2019-06-28 09:54:40.000000000,100853,202,100815,202,100937,199,100173,199,100953,199,100028,199,100983,100,100026,100,101140,100,99936,200,101150,100,99923,100,101283,100,99890,100,101324,100,99866,100,101812,100,99643,100,,,99494,100
2019-06-28 09:54:47.798305189,100853,202,100815,202,100937,199,100686,100,100953,199,100173,199,100983,100,100028,199,101140,100,100026,100,101150,100,99936,200,101283,100,99923,100,101324,100,99890,100,101812,100,99866,100,,,99494,100
2019-06-28 09:54:50.000000000,100853,202,100815,202,100937,199,100686,199,100953,199,100173,199,100983,100,100028,100,101140,100,100026,100,101150,100,99936,200,101283,100,99923,100,101324,100,99890,100,101812,100,99866,100,,,99494,100
2019-06-28 09:54:50.264252966,100853,202,100839,100,100937,199,100815,202,100953,199,100686,199,100983,100,100173,199,101140,100,100028,100,101150,100,100026,100,101283,100,99936,200,101324,100,99923,100,101812,100,99890,100,,,99866,100
2019-06-28 09:54:51.883436488,100853,202,100839,100,100937,199,100822,100,100953,199,100815,202,100983,100,100686,199,101140,100,100173,199,101150,100,100028,100,101283,100,100026,100,101324,100,99936,200,101812,100,99923,100,,,99890,100
2019-06-28 09:55:00.000000000,100853,160,100839,160,100937,160,100822,160,100953,160,100815,160,100983,160,100686,160,101140,160,100173,160,101150,100,100028,100,101283,100,100026,100,101324,100,99936,200,101812,100,99923,100,,,99890,100
2019-06-28 09:55:04.953083041,100853,160,100839,160,100937,160,100822,160,100953,160,100815,160,100983,160,100754,100,101140,160,100686,160,101150,100,100173,160,101324,100,100028,100,101812,100,100026,100,,,99936,200,,,99923,100
2019-06-28 09:55:10.000000000,100853,250,100839,250,100937,250,100822,250,100953,100,100815,100,100983,100,100754,100,101140,100,100686,100,101150,100,100173,100,101324,100,100028,100,101812,100,100026,100,,,99936,200,,,99923,100
2019-06-28 09:55:18.394075096,100853,250,100839,250,100937,250,100822,250,100953,100,100815,100,100983,100,100754,100,101140,100,100686,100,101150,100,100505,100,101324,100,100173,100,101812,100,100028,100,,,100026,100,,,99936,200
2019-06-28 09:55:20.000000000,100853,175,100839,175,100937,175,100822,175,100953,175,100815,175,100983,175,100754,175,101140,100,100686,100,101150,100,100505,100,101324,100,100173,100,101812,100,100028,100,,,100026,100,,,99936,200
2019-06-28 09:55:26.747998104,100853,175,100839,175,100937,175,100822,175,100953,175,100815,175,100983,175,100754,175,100993,100,100686,100,101140,100,100505,100,101150,100,100173,100,101324,100,100028,100,101812,100,100026,100,,,99936,200
2019-06-28 09:55:28.545076168,100853,175,100839,175,100937,175,100822,175,100953,175,100815,175,100966,100,100754,175,100983,175,100686,100,100993,100,100505,100,101140,100,100173,100,101150,100,100028,100,101324,100,100026,100,101812,100,99936,200
2019-06-28 09:55:30.000000000,100853,175,100839,175,100937,175,100822,175,100953,175,100815,175,100966,175,100754,175,100983,100,100686,100,100993,100,100505,100,101140,100,100173,100,101150,100,100028,100,101324,100,100026,100,101812,100,99936,200
2019-06-28 09:55:39.238986971,100853,175,100839,175,100937,175,100822,175,100953,175,100815,175,100966,175,100754,175,100983,100,100686,100,100993,100,100505,200,101140,100,100173,100,101150,100,100028,100,101324,100,100026,100,101812,100,99936,200
2019-06-28 09:55:40.000000000,100853,175,100839,175,100937,175,100822,175,100953,175,100815,175,100966,175,100754,175,100983,100,100686,100,100993,100,100505,200,101140,100,100173,100,101150,100,100028,100,101324,100,100026,100,101812,100,99936,200
2019-06-28 09:55:50.000000000,100853,202,100839,202,100937,199,100822,199,100953,199,100815,199,100966,100,100754,100,100983,100,100686,100,100993,100,100505,200,101140,100,100173,100,101150,100,100028,100,101324,100,100026,100,101812,100,99936,200
2019-06-28 09:55:50.397814103,100853,202,100839,202,100937,199,100822,199,100953,199,100815,199,100966,100,100754,100,100983,100,100686,100,100993,100,100505,200,101039,100,100173,100,101140,100,100028,100,101150,100,100026,100,101324,100,99936,200
2019-06-28 09:55:54.630110447,100849,100,100839,202,100853,202,100822,199,100937,199,100815,199,100953,199,100754,100,100966,100,100686,100,100983,100,100505,200,100993,100,100173,100,101039,100,100028,100,101140,100,100026,100,101150,100,99936,200
2019-06-28 09:56:00.000000000,100849,400,100839,400,100853,100,100822,100,100937,100,100815,100,100953,100,100754,100,100966,100,100686,100,100983,100,100505,200,100993,100,100173,100,101039,100,100028,100,101140,100,100026,100,101150,100,99936,200
2019-06-28 09:56:04.589063610,100849,400,100839,400,100853,100,100822,100,100937,100,100815,100,100953,100,100754,100,100966,100,100686,100,100983,100,100505,300,100993,100,100173,100,101039,100,100028,100,101140,100,100026,100,101150,100,99936,200
2019-06-28 09:56:05.926950282,100849,400,100839,400,100853,100,100822,100,100937,100,100815,100,100953,100,100754,100,100966,100,100686,100,100983,100,100626,100,100993,100,100505,300,101039,100,100173,100,101140,100,100028,100,101150,100,100026,100
2019-06-28 09:56:10.000000000,100849,160,100839,160,100853,160,100822,160,100937,160,100815,160,100953,160,100754,160,100966,160,100686,160,100983,100,100626,100,100993,100,100505,300,101039,100,100173,100,101140,100,100028,100,101150,100,100026,100
2019-06-28 09:56:16.462029462,100849,160,100839,160,100853,160,100822,160,100937,160,100815,160,100953,160,100754,160,100966,160,100691,100,100983,100,100686,160,100993,100,100626,100,101039,100,100505,300,101140,100,100173,100,101150,100,100028,100
2019-06-28 09:56:20.000000000,100849,160,100839,160,100853,160,100822,160,100937,160,100815,160,100953,160,100754,160,100966,160,100691,160,100983,100,100686,100,100993,100,100626,100,101039,100,100505,300,101140,100,100173,100,101150,100,100028,100
2019-06-28 09:56:30.000000000,100849,400,100839,400,100853,100,100822,100,100937,100,100815,100,100953,100,100754,100,100966,100,100691,100,100983,100,100686,100,100993,100,100626,100,101039,100,100505,300,101140,100,100173,100,101150,100,100028,100
2019-06-28 09:56:37.414180228,100849,400,100839,400,100853,100,100822,100,100937,100,100815,100,100953,100,100754,100,100966,100,100691,100,100983,100,100686,100,100993,100,100626,100,101140,100,100505,300,101150,100,100410,100,101812,100,100173,100
2019-06-28 09:56:40.000000000,100849,400,100839,400,100853,100,100822,100,100937,100,100815,100,100953,100,100754,100,100966,100,100691,100,100983,100,100686,100,100993,100,100626,100,101140,100,100505,300,101150,100,100410,100,101812,100,100173,100
2019-06-28 09:56:50.000000000,100849,175,100839,175,100853,175,100822,175,100937,175,100815,175,100953,175,100754,175,100966,100,100691,100,100983,100,100686,100,100993,100,100626,100,101140,100,100505,300,101150,100,100410,100,101812,100,100173,100
2019-06-28 09:56:57.487922018,100849,175,100839,175,100853,175,100822,175,100937,175,100815,175,100953,175,100754,175,100966,100,100691,100,100983,100,100686,100,100993,100,100626,100,101140,100,100505,200,101150,100,100410,100,101812,100,100173,100
2019-06-28 09:57:00.000000000,100849,400,100839,400,100853,100,100822,100,100937,100,100815,100,100953,100,100754,100,100966,100,100691,100,100983,100,100686,100,100993,100,100626,100,101140,100,100505,200,101150,100,100410,100,101812,100,100173,100
2019-06-28 09:57:07.543263339,100849,400,100839,300,100853,100,100822,100,100937,100,100815,100,100953,100,100754,100,100966,100,100691,100,100983,100,100686,100,100993,100,100626,100,101140,100,100505,200,101150,100,100410,100,101812,100,100173,100
2019-06-28 09:57:10.000000000,100849,175,100822,175,100853,175,100815,175,100937,175,100754,175,100953,175,100691,175,100966,100,100686,100,100983,100,100626,100,100993,100,100505,200,101140,100,100410,100,101150,100,100173,100,101812,100,100028,100
2019-06-28 09:57:20.000000000,100849,250,100822,250,100853,250,100815,250,100937,100,100754,100,100953,100,100691,100,100966,100,100686,100,100983,100,100626,100,100993,100,100505,200,101140,100,100410,100,101150,100,100173,100,101812,100,100028,100
2019-06-28 09:57:24.418780130,100849,250,100822,250,100853,250,100815,250,100937,100,100754,100,100953,100,100691,100,100966,100,100686,100,100983,100,100626,100,100993,100,100610,100,101140,100,100505,200,101150,100,100410,100,101812,100,100173,100
2019-06-28 09:57:29.739049910,100849,250,100822,250,100853,250,100815,250,100937,100,100754,100,100953,100,100691,100,100966,100,100686,100,100983,100,100626,100,100993,100,100610,100,101140,100,100529,100,101150,100,100505,200,101812,100,100410,100
2019-06-28 09:57:30.000000000,100849,160,100822,160,100853,160,100815,160,100937,160,100754,160,100953,160,100691,160,100966,160,100686,160,100983,100,100626,100,100993,100,100610,100,101140,100,100529,100,101150,100,100505,200,101812,100,100410,100
2019-06-28 09:57:37.416860600,100849,160,100822,160,100853,160,100815,160,100937,160,100754,160,100953,160,100710,100,100966,160,100691,160,100983,100,100686,160,100993,100,100626,100,101140,100,100610,100,101150,100,100529,100,101812,100,100505,200
2019-06-28 09:57:40.000000000,100849,400,100822,400,100853,100,100815,100,100937,100,100754,100,100953,100,100710,100,100966,100,100691,100,100983,100,100686,100,100993,100,100626,100,101140,100,100610,100,101150,100,100529,100,101812,100,100505,200
2019-06-28 09:57:45.321611876,100849,400,100822,400,100853,100,100815,100,100937,100,100754,100,100953,100,100710,100,100966,100,100691,100,100983,100,100686,100,100993,100,100626,100,101140,100,100610,100,101150,100,100529,100,101812,100,100505,200
2019-06-28 09:57:50.000000000,100849,160,100822,160,100853,160,100815,160,100937,160,100754,160,100953,160,100710,160,100966,160,100691,160,100983,100,100686,100,100993,100,100626,100,101140,100,100610,100,101150,100,100529,100,101812,100,100505,200
2019-06-28 09:58:00.000000000,100849,250,100822,250,100853,250,100815,250,100937,100,100754,100,100953,100,100710,100,100966,100,100691,100,100983,100,100686,100,100993,100,100626,100,101140,100,100610,100,101150,100,100529,100,101812,100,100505,200
2019-06-28 09:58:10.000000000,100849,250,100822,250,100853,250,100815,250,100937,100,100754,100,100953,100,100710,100,100966,100,100691,100,100983,100,100686,100,100993,100,100626,100,101140,100,100610,100,101150,100,100529,100,101812,100,100505,200
2019-06-28 09:58:20.000000000,100849,202,100822,202,100853,199,100815,199,100937,199,100754,199,100953,100,100710,100,100966,100,100691,100,100983,100,100686,100,100993,100,100626,100,101140,100,100610,100,101150,100,100529,100,101812,100,100505,200
2019-06-28 09:58:30.000000000,100849,400,100822,400,100853,100,100815,100,100937,100,100754,100,100953,100,100710,100,100966,100,100691,100,100983,100,100686,100,100993,100,100626,100,101140,100,100610,100,101150,100,100529,100,101812,100,100505,200
2019-06-28 09:58:31.750757762,100849,400,100822,300,100853,100,100815,100,100937,100,100754,100,100953,100,100710,100,100966,100,100691,100,100983,100,100686,100,100993,100,100626,100,101140,100,100610,100,101150,100,100529,100,101812,100,100505,200
2019-06-28 09:58:40.000000000,100849,250,100815,250,100853,250,100754,250,100937,100,100710,100,100953,100,100691,100,100966,100,100686,100,100983,100,100626,100,100993,100,100610,100,101140,100,100529,100,101150,100,100505,200,101812,100,100410,100
2019-06-28 09:58:50.000000000,100849,202,100815,202,100853,199,100754,199,100937,199,100710,199,100953,100,100691,100,100966,100,100686,100,100983,100,100626,100,100993,100,100610,100,101140,100,100529,100,101150,100,100505,200,101812,100,100410,100
2019-06-28 09:59:00.000000000,100849,175,100815,175,100853,175,100754,175,100937,175,100710,175,100953,175,100691,175,100966,100,100686,100,100983,100,100626,100,100993,100,100610,100,101140,100,100529,100,101150,100,100505,200,101812,100,100410,100
2019-06-28 09:59:10.000000000,100849,160,100815,160,100853,160,100754,160,100937,160,100710,160,100953,160,100691,160,100966,160,100686,160,100983,100,100626,100,100993,100,100610,100,101140,100,100529,100,101150,100,100505,200,101812,100,100410,100
2019-06-28 09:59:11.718113896,100849,160,100815,60,100853,160,100754,160,100937,160,100710,160,100953,160,100691,160,100966,160,100686,160,100983,100,100626,100,100993,100,100610,100,101140,100,100529,100,101150,100,100505,200,101812,100,100410,100
2019-06-28 09:59:20.000000000,100849,250,100754,250,100853,250,100710,250,100937,100,100691,100,100953,100,100686,100,100966,100,100626,100,100983,100,100610,100,100993,100,100529,100,101140,100,100505,200,101150,100,100410,100,101812,100,100347,100
2019-06-28 09:59:21.908762027,100849,250,100754,250,100853,250,100710,250,100937,100,100691,100,100953,100,100686,100,100966,100,100626,100,100983,100,100610,100,100993,100,100529,100,101140,100,100505,200,101150,100,100410,100,101812,100,100347,100
2019-06-28 09:59:30.000000000,100849,400,100754,400,100853,100,100710,100,100937,100,100691,100,100953,100,100686,100,100966,100,100626,100,100983,100,100610,100,100993,100,100529,100,101140,100,100505,200,101150,100,100410,100,101812,100,100347,100
2019-06-28 09:59:40.000000000,100849,160,100754,160,100853,160,100710,160,100937,160,100691,160,100953,160,100686,160,100966,160,100626,160,100983,100,100610,100,100993,100,100529,100,101140,100,100505,200,101150,100,100410,100,101812,100,100347,100
2019-06-28 09:59:50.000000000,100849,202,100754,202,100853,199,100710,199,100937,199,100691,199,100953,100,100686,100,100966,100,100626,100,100983,100,100610,100,100993,100,100529,100,101140,100,100505,200,101150,100,100410,100,101812,100,100347,100
2019-06-28 10:00:00.000000000,100849,202,100754,202,100853,199,100710,199,100937,199,100691,199,100953,100,100686,100,100966,100,100626,100,100983,100,100610,100,100993,100,100529,100,101140,100,100505,200,101150,100,100410,100,101812,100,100347,100
2019-06-28 10:00:10.000000000,100849,202,100754,202,100853,199,100710,199,100937,199,100691,199,100953,100,100686,100,100966,100,100626,100,100983,100,100610,100,100993,100,100529,100,101140,100,100505,200,101150,100,100410,100,101812,100,100347,100
2019-06-28 10:00:14.202652613,100849,202,100754,102,100853,199,100710,199,100937,199,100691,199,100953,100,100686,100,100966,100,100610,100,100983,100,100529,100,100993,100,100505,200,101140,100,100410,100,101150,100,100347,100,101812,100,100173,100
2019-06-28 10:00:20.000000000,100849,160,100710,160,100853,160,100691,160,100937,160,100686,160,100953,160,100610,160,100966,160,100529,160,100983,100,100505,200,100993,100,100410,100,101140,100,100347,100,101150,100,100173,100,101812,100,100028,100
2019-06-28 10:00:28.372221920,100849,160,100710,160,100853,160,100691,160,100937,160,100686,160,100953,160,100610,160,100966,160,100529,160,100983,100,100505,100,100993,100,100410,100,101140,100,100347,100,101150,100,100173,100,101812,100,100028,100
2019-06-28 10:00:30.000000000,100849,250,100710,250,100853,250,100691,250,100937,100,100686,100,100953,100,100610,100,100966,100,100529,100,100983,100,100505,100,100993,100,100410,100,101140,100,100347,100,101150,100,100173,100,101812,100,100028,100
2019-06-28 10:00:40.000000000,100849,175,100710,175,100853,175,100691,175,100937,175,100686,175,100953,175,100610,175,100966,100,100529,100,100983,100,100505,100,100993,100,100410,100,101140,100,100347,100,101150,100,100173,100,101812,100,100028,100
2019-06-28 10:00:50.000000000,100849,250,100710,250,100853,250,100691,250,100937,100,100686,100,100953,100,100610,100,100966,100,100529,100,100983,100,100505,100,100993,100,100410,100,101140,100,100347,100,101150,100,100173,100,101812,100,100028,100
2019-06-28 10:00:57.049063692,100849,250,100710,250,100853,250,100691,250,100937,100,100686,100,100953,100,100610,100,100966,100,100529,100,100983,100,100505,100,100993,100,100410,100,101140,100,100347,100,101150,100,100173,100,101812,100,100028,100
2019-06-28 10:01:00.000000000,100849,160,100710,160,100853,160,100691,160,100937,160,100686,160,100953,160,100610,160,100966,160,100529,160,100983,100,100505,100,100993,100,100410,100,101140,100,100347,100,101150,100,100173,100,101812,100,100028,100
2019-06-28 10:01:10.000000000,100849,400,100710,400,100853,100,100691,100,100937,100,100686,100,100953,100,100610,100,100966,100,100529,100,100983,100,100505,100,100993,100,100410,100,101140,100,100347,100,101150,100,100173,100,101812,100,100028,100
2019-06-28 10:01:12.622177299,100815,100,100710,400,100849,400,100691,100,100853,100,100686,100,100937,100,100610,100,100953,100,100529,100,100966,100,100505,100,100983,100,100410,100,100993,100,100347,100,101140,100,100173,100,101150,100,100028,100
2019-06-28 10:01:20.000000000,100815,250,100710,250,100849,250,100691,250,100853,100,100686,100,100937,100,100610,100,100953,100,100529,100,100966,100,100505,100,100983,100,100410,100,100993,100,100347,100,101140,100,100173,100,101150,100,100028,100
2019-06-28 10:01:20.195645215,100815,250,100710,250,100849,250,100691,250,100853,100,100686,100,100937,100,100610,100,100953,100,100529,100,100966,100,100505,100,100983,100,100410,100,100993,100,100347,100,101140,100,100173,100,101150,100,100143,100
2019-06-28 10:01:30.000000000,100815,175,100710,175,100849,175,100691,175,100853,175,100686,175,100937,175,100610,175,100953,100,100529,100,100966,100,100505,100,100983,100,100410,100,100993,100,100347,100,101140,100,100173,100,101150,100,100143,100
2019-06-28 10:01:32.963568060,100815,275,100710,175,100849,175,100691,175,100853,175,100686,175,100937,175,100610,175,100953,100,100529,100,100966,100,100505,100,100983,100,100410,100,100993,100,100347,100,101140,100,100173,100,101150,100,100143,100
2019-06-28 10:01:40.000000000,100815,500,100710,400,100849,100,100691,100,100853,100,100686,100,100937,100,100610,100,100953,100,100529,100,100966,100,100505,100,100983,100,100410,100,100993,100,100347,100,101140,100,100173,100,101150,100,100143,100
2019-06-28 10:01:50.000000000,100815,275,100710,175,100849,175,100691,175,100853,175,100686,175,100937,175,100610,175,100953,100,100529,100,100966,100,100505,100,100983,100,100410,100,100993,100,100347,100,101140,100,100173,100,101150,100,100143,100
2019-06-28 10:02:00.000000000,100815,500,100710,400,100849,100,100691,100,100853,100,100686,100,100937,100,100610,100,100953,100,100529,100,100966,100,100505,100,100983,100,100410,100,100993,100,100347,100,101140,100,100173,100,101150,100,100143,100
2019-06-28 10:02:10.000000000,100815,260,100710,160,100849,160,100691,160,100853,160,100686,160,100937,160,100610,160,100953,160,100529,160,100966,100,100505,100,100983,100,100410,100,100993,100,100347,100,101140,100,100173,100,101150,100,100143,100
2019-06-28 10:02:20.000000000,100815,302,100710,202,100849,199,100691,199,100853,199,100686,199,100937,100,100610,100,100953,100,100529,100,100966,100,100505,100,100983,100,100410,100,100993,100,100347,100,101140,100,100173,100,101150,100,100143,100
2019-06-28 10:02:28.402167635,100815,302,100710,102,100849,199,100691,199,100853,199,100686,199,100937,100,100610,100,100953,100,100529,100,100966,100,100505,100,100983,100,100347,100,100993,100,100173,100,101140,100,100143,100,101150,100,100028,100
2019-06-28 10:02:30.000000000,100815,302,100691,202,100849,199,100686,199,100853,199,100610,199,100937,100,100529,100,100953,100,100505,100,100966,100,100347,100,100983,100,100173,100,100993,100,100143,100,101140,100,100028,100,101150,100,100026,100
2019-06-28 10:02:40.000000000,100815,500,100691,400,100849,100,100686,100,100853,100,100610,100,100937,100,100529,100,100953,100,100505,100,100966,100,100347,100,100983,100,100173,100,100993,100,100143,100,101140,100,100028,100,101150,100,100026,100
2019-06-28 10:02:50.000000000,100815,302,100691,202,100849,199,100686,199,100853,199,100610,199,100937,100,100529,100,100953,100,100505,100,100966,100,100347,100,100983,100,100173,100,100993,100,100143,100,101140,100,100028,100,101150,100,100026,100
2019-06-28 10:03:00.000000000,100815,260,100691,160,100849,160,100686,160,100853,160,100610,160,100937,160,100529,160,100953,160,100505,160,100966,100,100347,100,100983,100,100173,100,100993,100,100143,100,101140,100,100028,100,101150,100,100026,100
2019-06-28 10:03:10.000000000,100815,500,100691,400,100849,100,100686,100,100853,100,100610,100,100937,100,100529,100,100953,100,100505,100,100966,100,100347,100,100983,100,100173,100,100993,100,100143,100,101140,100,100028,100,101150,100,100026,100
2019-06-28 10:03:13.967347653,100815,500,100691,300,100849,100,100686,100,100853,100,100610,100,100937,100,100529,100,100953,100,100505,100,100966,100,100347,100,100983,100,100173,100,100993,100,100143,100,101140,100,100028,100,101150,100,100026,100
2019-06-28 10:03:15.551257509,100815,500,100691,300,100853,100,100686,100,100937,100,100610,100,100953,100,100529,100,100966,100,100505,100,100983,100,100497,100,100993,100,100347,100,101140,100,100173,100,101150,100,100143,100,101812,100,100028,100
2019-06-28 10:03:20.000000000,100815,500,100686,400,100853,100,100610,100,100937,100,100529,100,100953,100,100505,100,100966,100,100497,100,100983,100,100347,100,100993,100,100173,100,101140,100,100143,100,101150,100,100028,100,101812,100,100026,100
2019-06-28 10:03:30.000000000,100815,260,100686,160,100853,160,100610,160,100937,160,100529,160,100953,160,100505,160,100966,160,100497,160,100983,100,100347,100,100993,100,100173,100,101140,100,100143,100,101150,100,100028,100,101812,100,100026,100
2019-06-28 10:03:40.000000000,100815,302,100686,202,100853,199,100610,199,100937,199,100529,199,100953,100,100505,100,100966,100,100497,100,100983,100,100347,100,100993,100,100173,100,101140,100,100143,100,101150,100,100028,100,101812,100,100026,100
2019-06-28 10:03:50.000000000,100815,500,100686,400,100853,100,100610,100,100937,100,100529,100,100953,100,100505,100,100966,100,100497,100,100983,100,100347,100,100993,100,100173,100,101140,100,100143,100,101150,100,100028,100,101812,100,100026,100
2019-06-28 10:04:00.000000000,100815,275,100686,175,100853,175,100610,175,100937,175,100529,175,100953,175,100505,175,100966,100,100497,100,100983,100,100347,100,100993,100,100173,100,101140,100,100143,100,101150,100,100028,100,101812,100,100026,100
2019-06-28 10:04:00.445162910,100815,275,100686,75,100853,175,100610,175,100937,175,100529,175,100953,175,100505,175,100966,100,100497,100,100983,100,100347,100,100993,100,100173,100,101140,100,100143,100,101150,100,100028,100,101812,100,100026,100
2019-06-28 10:04:10.000000000,100815,275,100610,175,100853,175,100529,175,100937,175,100505,175,100953,175,100497,175,100966,100,100347,100,100983,100,100173,100,100993,100,100143,100,101140,100,100028,100,101150,100,100026,100,101812,100,99936,200
2019-06-28 10:04:16.012703554,100815,275,100610,75,100853,175,100529,175,100937,175,100505,175,100953,175,100497,175,100966,100,100347,100,100983,100,100173,100,100993,100,100143,100,101140,100,100028,100,101150,100,100026,100,101812,100,99936,200
2019-06-28 10:04:17.034162966,100686,100,100610,75,100815,275,100529,175,100853,175,100505,175,100937,175,100497,175,100953,175,100347,100,100966,100,100173,100,100983,100,100143,100,100993,100,100028,100,101140,100,100026,100,101150,100,99936,100
2019-06-28 10:04:20.000000000,100686,160,100529,160,100815,260,100505,160,100853,160,100497,160,100937,160,100347,160,100953,160,100173,160,100966,100,100143,100,100983,100,100028,100,100993,100,100026,100,101140,100,99936,100,101150,100,99923,100
2019-06-28 10:04:30.000000000,100686,250,100529,250,100815,350,100505,250,100853,100,100497,100,100937,100,100347,100,100953,100,100173,100,100966,100,100143,100,100983,100,100028,100,100993,100,100026,100,101140,100,99936,100,101150,100,99923,100
2019-06-28 10:04:32.063504896,100686,250,100529,250,100815,350,100505,250,100853,100,100497,100,100937,100,100347,100,100953,100,100173,100,100966,100,100143,100,100983,100,100028,100,100993,100,100026,100,101150,100,99936,100,101812,100,99923,100
2019-06-28 10:04:34.060181162,100686,250,100529,250,100815,350,100505,250,100853,100,100497,100,100937,100,100347,100,100953,100,100173,100,100966,100,100143,100,100983,100,100028,100,100993,100,100026,100,101150,100,99936,100,101812,100,99923,100
2019-06-28 10:04:40.000000000,100686,160,100529,160,100815,260,100505,160,100853,160,100497,160,100937,160,100347,160,100953,160,100173,160,100966,100,100143,100,100983,100,100028,100,100993,100,100026,100,101150,100,99936,100,101812,100,99923,100
2019-06-28 10:04:42.823611598,100686,160,100529,160,100815,260,100505,60,100853,160,100497,160,100937,160,100347,160,100953,160,100173,160,100966,100,100143,100,100983,100,100028,100,100993,100,100026,100,101150,100,99936,100,101812,100,99923,100
2019-06-28 10:04:47.917208833,100686,160,100529,160,100815,260,100505,60,100853,160,100497,160,100937,160,100347,160,100953,160,100173,160,100966,100,100143,100,100983,100,100028,100,100993,100,100026,100,101150,100,99936,100,101812,100,99923,100
2019-06-28 10:04:49.942082408,100686,160,100529,60,100815,260,100505,60,100853,160,100497,160,100937,160,100347,160,100953,160,100173,160,100966,100,100143,100,100983,100,100028,100,100993,100,100026,100,101812,100,99936,100,,,99923,100
2019-06-28 10:04:50.000000000,100686,175,100497,175,100815,275,100347,175,100853,175,100173,175,100937,175,100143,175,100953,100,100028,100,100966,100,100026,100,100983,100,99936,100,100993,100,99923,100,101812,100,99890,100,,,99864,100
2019-06-28 10:05:00.000000000,100686,400,100497,400,100815,200,100347,100,100853,100,100173,100,100937,100,100143,100,100953,100,100028,100,100966,100,100026,100,100983,100,99936,100,100993,100,99923,100,101812,100,99890,100,,,99864,100
2019-06-28 10:05:10.000000000,100686,175,100497,175,100815,275,100347,175,100853,175,100173,175,100937,175,100143,175,100953,100,100028,100,100966,100,100026,100,100983,100,99936,100,100993,100,99923,100,101812,100,99890,100,,,99864,100
2019-06-28 10:05:13.172645490,100686,175,100497,175,100815,275,100347,175,100853,175,100234,100,100937,175,100173,175,100953,100,100143,175,100983,100,100028,100,100993,100,100026,100,101812,100,99936,100,,,99923,100,,,99890,100
2019-06-28 10:05:13.613628150,100497,25,100347,175,100686,175,100234,100,100815,275,100173,175,100853,175,100143,175,100937,175,100028,100,100953,100,100026,100,100983,100,99936,100,100993,100,99923,100,101812,100,99890,100,,,99864,100
2019-06-28 10:05:17.695421179,100497,25,100347,75,100686,175,100234,100,100815,275,100173,175,100853,175,100143,175,100937,175,100028,100,100953,100,100026,100,100983,100,99936,100,100993,100,99923,100,101812,100,99890,100,,,99864,100
2019-06-28 10:05:20.000000000,100497,325,100234,400,100686,100,100173,100,100815,200,100143,100,100853,100,100028,100,100937,100,100026,100,100953,100,99936,100,100983,100,99923,100,100993,100,99890,100,101812,100,99864,100,,,99858,100
2019-06-28 10:05:22.632879552,100497,425,100234,400,100686,100,100173,100,100815,200,100143,100,100853,100,100028,100,100937,100,100026,100,100953,100,99923,100,100983,100,99890,100,100993,100,99864,100,101812,100,99858,100,,,99690,100
2019-06-28 10:05:28.324083634,100497,525,100234,400,100686,100,100173,100,100815,200,100143,100,100853,100,100028,100,100937,100,100026,100,100953,100,99923,100,100983,100,99890,100,100993,100,99864,100,101812,100,99858,100,,,99690,100
2019-06-28 10:05:30.000000000,100497,327,100234,202,100686,199,100173,199,100815,299,100143,199,100853,100,100028,100,100937,100,100026,100,100953,100,99923,100,100983,100,99890,100,100993,100,99864,100,101812,100,99858,100,,,99690,100
2019-06-28 10:05:32.538294371,100497,327,100234,202,100686,199,100173,199,100815,299,100143,199,100853,100,100028,100,100937,100,100026,100,100953,100,99923,100,100983,100,99890,100,100993,100,99864,100,101812,100,99858,100,,,99837,100
2019-06-28 10:05:40.000000000,100497,285,100234,160,100686,160,100173,160,100815,260,100143,160,100853,160,100028,160,100937,160,100026,160,100953,100,99923,100,100983,100,99890,100,100993,100,99864,100,101812,100,99858,100,,,99837,100
2019-06-28 10:05:50.000000000,100497,327,100234,202,100686,199,100173,199,100815,299,100143,199,100853,100,100028,100,100937,100,100026,100,100953,100,99923,100,100983,100,99890,100,100993,100,99864,100,101812,100,99858,100,,,99837,100
2019-06-28 10:06:00.000000000,100497,285,100234,160,100686,160,100173,160,100815,260,100143,160,100853,160,100028,160,100937,160,100026,160,100953,100,99923,100,100983,100,99890,100,100993,100,99864,100,101812,100,99858,100,,,99837,100
2019-06-28 10:06:10.000000000,100497,327,100234,202,100686,199,100173,199,100815,299,100143,199,100853,100,100028,100,100937,100,100026,100,100953,100,99923,100,100983,100,99890,100,100993,100,99864,100,101812,100,99858,100,,,99837,100
2019-06-28 10:06:20.000000000,100497,285,100234,160,100686,160,100173,160,100815,260,100143,160,100853,160,100028,160,100937,160,100026,160,100953,100,99923,100,100983,100,99890,100,100993,100,99864,100,101812,100,99858,100,,,99837,100
2019-06-28 10:06:30.000000000,100497,375,100234,250,100686,250,100173,250,100815,200,100143,100,100853,100,100028,100,100937,100,100026,100,100953,100,99923,100,100983,100,99890,100,100993,100,99864,100,101812,100,99858,100,,,99837,100
2019-06-28 10:06:35.479823354,100497,475,100234,250,100686,250,100173,250,100815,200,100143,100,100853,100,100026,100,100937,100,99923,100,100953,100,99890,100,100983,100,99864,100,100993,100,99858,100,101812,100,99837,100,,,99690,100
2019-06-28 10:06:40.000000000,100497,427,100234,202,100686,199,100173,199,100815,299,100143,199,100853,100,100026,100,100937,100,99923,100,100953,100,99890,100,100983,100,99864,100,100993,100,99858,100,101812,100,99837,100,,,99690,100
2019-06-28 10:06:50.000000000,100497,427,100234,202,100686,199,100173,199,100815,299,100143,199,100853,100,100026,100,100937,100,99923,100,100953,100,99890,100,100983,100,99864,100,100993,100,99858,100,101812,100,99837,100,,,99690,100
2019-06-28 10:06:55.665567963,100497,427,100234,102,100686,199,100173,199,100815,299,100143,199,100853,100,100026,100,100937,100,99923,100,100953,100,99890,100,100983,100,99864,100,100993,100,99858,100,101812,100,99837,100,,,99690,100
2019-06-28 10:07:00.000000000,100497,400,100173,175,100686,175,100143,175,100815,275,100026,175,100853,175,99923,175,100937,100,99890,100,100953,100,99864,100,100983,100,99858,100,100993,100,99837,100,101812,100,99690,100,,,99494,100
2019-06-28 10:07:10.000000000,100497,385,100173,160,100686,160,100143,160,100815,260,100026,160,100853,160,99923,160,100937,160,99890,160,100953,100,99864,100,100983,100,99858,100,100993,100,99837,100,101812,100,99690,100,,,99494,100
2019-06-28 10:07:20.000000000,100497,475,100173,250,100686,250,100143,250,100815,200,100026,100,100853,100,99923,100,100937,100,99890,100,100953,100,99864,100,100983,100,99858,100,100993,100,99837,100,101812,100,99690,100,,,99494,100
2019-06-28 10:07:26.834081362,100347,100,100173,250,100497,475,100143,250,100686,250,100026,100,100815,200,99923,100,100853,100,99890,100,100937,100,99864,100,100953,100,99858,100,100983,100,99837,100,100993,100,99690,100,101812,100,99494,100
2019-06-28 10:07:30.000000000,100347,250,100173,250,100497,475,100143,250,100686,100,100026,100,100815,200,99923,100,100853,100,99890,100,100937,100,99864,100,100953,100,99858,100,100983,100,99837,100,100993,100,99690,100,101812,100,99494,100
2019-06-28 10:07:38.077795469,100347,250,100173,150,100497,475,100143,250,100686,100,100026,100,100815,200,99923,100,100853,100,99890,100,100937,100,99864,100,100953,100,99858,100,100983,100,99837,100,100993,100,99690,100,101812,100,99494,100
2019-06-28 10:07:40.000000000,100347,250,100143,250,100497,475,100026,250,100686,100,99923,100,100815,200,99890,100,100853,100,99864,100,100937,100,99858,100,100953,100,99837,100,100983,100,99690,100,100993,100,99494,100,101812,100,99368,100
