,ask_price_1,ask_size_1,bid_price_1,bid_size_1,ask_price_2,ask_size_2,bid_price_2,bid_size_2,ask_price_3,ask_size_3,bid_price_3,bid_size_3,ask_price_4,ask_size_4,bid_price_4,bid_size_4,ask_price_5,ask_size_5,bid_price_5,bid_size_5,ask_price_6,ask_size_6,bid_price_6,bid_size_6,ask_price_7,ask_size_7,bid_price_7,bid_size_7,ask_price_8,ask_size_8,bid_price_8,bid_size_8,ask_price_9,ask_size_9,bid_price_9,bid_size_9,ask_price_10,ask_size_10,bid_price_10,bid_size_10
2019-06-28 09:30:00.000000002,100010,100,,,,,,,,,,,,,,,,,,,,,,,,,,,,,,,,,,,,,,
2019-06-28 09:30:00.000000007,100010,100,,,100094,100,,,,,,,,,,,,,,,,,,,,,,,,,,,,,,,,,,
2019-06-28 09:30:00.000000008,100010,100,99967,100,100094,100,,,,,,,,,,,,,,,,,,,,,,,,,,,,,,,,,,
2019-06-28 09:30:00.000000012,100010,100,99967,100,100030,100,,,100094,100,,,,,,,,,,,,,,,,,,,,,,,,,,,,,,
2019-06-28 09:30:00.000000013,100010,100,99967,100,100030,100,99908,100,100094,100,,,,,,,,,,,,,,,,,,,,,,,,,,,,,,
2019-06-28 09:30:00.000000017,100010,100,99967,100,100030,100,99917,100,100094,100,99908,100,,,,,,,,,,,,,,,,,,,,,,,,,,,,
2019-06-28 09:30:00.000000018,100010,100,99967,100,100030,100,99917,100,100094,100,99908,100,,,99868,100,,,,,,,,,,,,,,,,,,,,,,,,
2019-06-28 09:30:00.000000021,100010,100,99967,100,100030,100,99917,100,100094,100,99908,100,100125,100,99868,100,,,,,,,,,,,,,,,,,,,,,,,,
2019-06-28 09:30:00.000000022,100010,100,99917,100,100030,100,99908,100,100094,100,99868,100,100125,100,,,,,,,,,,,,,,,,,,,,,,,,,,
2019-06-28 09:30:00.000000025,100010,100,99917,100,100030,100,99913,100,100094,100,99908,100,100125,100,99868,100,,,,,,,,,,,,,,,,,,,,,,,,
2019-06-28 09:30:00.000000027,100010,100,99917,100,100030,100,99913,100,100094,100,99908,100,100124,100,99868,100,100125,100,,,,,,,,,,,,,,,,,,,,,,
2019-06-28 09:30:00.000000031,100010,100,99917,100,100030,100,99913,100,100094,100,99908,100,100124,100,99868,100,100125,100,99809,100,,,,,,,,,,,,,,,,,,,,
2019-06-28 09:30:00.000000033,100015,100,99917,100,100030,100,99913,100,100094,100,99908,100,100124,100,99868,100,100125,100,99809,100,,,,,,,,,,,,,,,,,,,,
2019-06-28 09:30:00.000000034,100000,100,99917,100,100015,100,99913,100,100030,100,99908,100,100094,100,99868,100,100124,100,99809,100,100125,100,,,,,,,,,,,,,,,,,,
2019-06-28 09:30:00.000000037,100000,100,99967,100,100015,100,99917,100,100030,100,99913,100,100060,100,99908,100,100094,100,99868,100,100124,100,99809,100,100125,100,,,,,,,,,,,,,,
2019-06-28 09:30:00.000000038,100000,100,99967,200,100015,100,99917,100,100030,100,99913,100,100032,100,99908,100,100060,100,99868,100,100094,100,99814,100,100124,100,99809,100,100125,100,,,,,,,,,,
2019-06-28 09:30:00.000000039,100015,100,99967,200,100030,100,99917,100,100032,100,99913,100,100060,100,99908,100,100094,100,99868,100,100124,100,99814,100,100125,100,99809,100,,,,,,,,,,,,
2019-06-28 09:30:00.000000040,100010,100,99967,200,100015,100,99917,100,100030,100,99913,100,100032,100,99908,100,100060,100,99868,100,100094,100,99814,100,100124,100,99809,100,100125,100,,,,,,,,,,
2019-06-28 09:30:00.000000041,100010,100,99967,200,100015,100,99917,100,100030,100,99913,100,100032,100,99908,100,100060,100,99868,100,100094,100,99857,100,100124,100,99814,100,100125,100,99809,100,,,,,,,,
2019-06-28 09:30:00.000000044,100010,100,99967,200,100015,100,99917,100,100030,100,99913,100,100032,100,99908,100,100045,100,99868,100,100060,100,99857,100,100094,100,99814,100,100124,100,99809,100,100125,100,,,,,,
2019-06-28 09:30:00.000000046,100010,100,99967,200,100015,100,99917,100,100030,100,99913,100,100032,100,99908,100,100045,100,99868,100,100060,100,99857,100,100086,100,99814,100,100094,100,99809,100,100124,100,,,100125,100,,
2019-06-28 09:30:00.000000047,100010,100,99967,100,100014,100,99917,100,100015,100,99913,100,100030,100,99908,100,100032,100,99904,100,100045,100,99868,100,100060,100,99857,100,100086,100,99814,100,100094,100,99809,100,100124,100,,
2019-06-28 09:30:00.000000048,100000,100,99967,100,100010,100,99917,100,100014,100,99913,100,100015,100,99908,100,100030,100,99904,100,100032,100,99868,100,100045,100,99857,100,100060,100,99814,100,100086,100,99809,100,100093,100,,
2019-06-28 09:30:00.000000049,100000,100,99967,100,100010,100,99917,100,100014,100,99913,100,100015,100,99908,100,100030,100,99904,100,100032,100,99868,100,100045,100,99857,100,100060,100,99814,100,100086,100,99809,100,100093,100,,
2019-06-28 09:30:00.000000052,100000,100,99969,100,100010,100,99967,100,100014,100,99917,100,100015,100,99913,100,100030,100,99908,100,100032,100,99904,100,100045,100,99868,100,100060,100,99857,100,100086,100,99814,100,100093,100,99809,100
2019-06-28 09:30:00.000000053,100000,100,99969,100,100010,100,99967,100,100014,100,99917,100,100015,100,99913,100,100030,100,99908,100,100032,100,99904,100,100045,100,99868,100,100060,100,99857,100,100086,100,99814,100,100093,100,99809,100
2019-06-28 09:30:00.000000055,100000,100,99969,100,100010,100,99968,100,100014,100,99967,100,100015,100,99917,100,100030,100,99913,100,100032,100,99908,100,100045,100,99904,100,100060,100,99868,100,100086,100,99857,100,100093,100,99814,100
2019-06-28 09:30:00.000000057,100000,100,99969,100,100010,100,99968,100,100014,100,99967,100,100015,100,99917,100,100030,100,99913,100,100032,100,99911,100,100045,100,99908,100,100060,100,99904,100,100086,100,99868,100,100093,100,99857,100
2019-06-28 09:30:00.000000059,100000,100,99969,100,100010,100,99968,100,100014,100,99967,100,100015,100,99917,100,100030,100,99913,100,100032,100,99911,100,100045,100,99908,100,100060,100,99904,100,100086,100,99868,100,100091,100,99857,100
2019-06-28 09:30:00.000000061,100000,100,99969,100,100010,100,99968,100,100014,100,99967,100,100015,100,99917,100,100030,100,99913,100,100032,100,99911,100,100045,100,99908,100,100060,100,99904,100,100086,100,99868,100,100091,100,99857,100
2019-06-28 09:30:00.000000062,100000,100,99969,100,100010,100,99968,100,100014,100,99967,100,100015,100,99917,100,100030,100,99913,100,100032,100,99911,100,100045,100,99908,100,100060,100,99904,100,100086,100,99868,100,100091,200,99857,100
2019-06-28 09:30:00.000000064,100010,100,99969,100,100014,100,99968,100,100015,100,99967,100,100030,100,99917,100,100032,100,99913,100,100045,100,99911,100,100060,100,99908,100,100086,100,99904,100,100091,200,99868,100,100093,100,99857,100
2019-06-28 09:30:00.000000066,100010,100,99991,100,100014,100,99969,100,100015,100,99968,100,100030,100,99967,100,100032,100,99917,100,100045,100,99913,100,100060,100,99911,100,100086,100,99908,100,100091,200,99904,100,100093,100,99868,100
2019-06-28 09:30:00.000000067,100010,100,99991,100,100014,100,99969,100,100015,100,99968,100,100030,100,99967,200,100032,100,99917,100,100045,100,99913,100,100060,100,99911,100,100086,100,99908,100,100091,200,99904,100,100093,100,99868,100
2019-06-28 09:30:00.000000068,100010,100,99969,100,100014,100,99968,100,100015,100,99967,200,100030,100,99917,100,100032,100,99913,100,100045,100,99911,100,100060,100,99908,100,100086,100,99904,100,100091,200,99868,100,100093,100,99857,100
2019-06-28 09:30:00.000000069,100000,100,99969,100,100010,100,99968,100,100014,100,99967,200,100015,100,99944,100,100030,100,99917,100,100032,100,99913,100,100045,100,99911,100,100060,100,99908,100,100086,100,99904,100,100091,200,99868,100
2019-06-28 09:30:00.000000070,100010,100,99969,100,100014,100,99968,100,100015,100,99967,200,100030,100,99944,100,100032,100,99917,100,100036,100,99913,100,100045,100,99911,100,100060,100,99908,100,100086,100,99905,100,100091,200,99904,100
2019-06-28 09:30:00.000000071,100010,100,99987,100,100014,100,99969,100,100015,100,99968,100,100030,100,99967,200,100032,100,99944,100,100036,100,99917,100,100045,100,99913,100,100060,100,99911,100,100086,100,99908,100,100091,200,99905,100
2019-06-28 09:30:00.000000073,100010,100,99987,100,100014,100,99969,100,100015,100,99968,100,100030,100,99967,200,100032,100,99944,100,100036,100,99917,100,100045,100,99913,100,100060,100,99911,100,100086,100,99908,100,100091,200,99905,100
2019-06-28 09:30:00.000000075,100010,100,99991,100,100014,100,99987,100,100015,100,99969,100,100030,100,99968,100,100032,100,99967,200,100036,100,99944,100,100045,100,99917,100,100060,100,99913,100,100086,100,99911,100,100091,200,99908,100
2019-06-28 09:30:00.000000076,100010,100,99991,200,100014,100,99987,100,100015,100,99969,100,100030,100,99968,100,100032,100,99967,200,100036,100,99944,100,100045,100,99917,100,100060,100,99913,100,100086,100,99911,100,100091,200,99908,100
2019-06-28 09:30:00.000000078,100010,100,99991,100,100014,100,99987,100,100015,100,99969,100,100030,100,99968,100,100032,100,99967,200,100036,100,99944,100,100045,100,99917,100,100060,100,99913,100,100086,100,99911,100,100091,200,99908,100
2019-06-28 09:30:00.000000080,100010,100,99991,100,100014,100,99987,100,100015,100,99969,100,100030,100,99968,100,100032,100,99967,200,100036,100,99944,100,100045,100,99917,100,100060,100,99913,100,100086,100,99911,100,100091,200,99908,100
2019-06-28 09:30:00.000000081,100010,100,99991,100,100014,100,99987,100,100015,100,99969,100,100030,100,99968,100,100032,100,99967,200,100036,100,99944,100,100045,100,99917,100,100060,100,99913,100,100070,100,99911,100,100086,100,99908,100
2019-06-28 09:30:00.000000082,100000,100,99991,100,100010,100,99987,100,100014,100,99969,100,100015,100,99968,100,100030,100,99967,200,100032,100,99944,100,100036,100,99917,100,100045,100,99913,100,100060,100,99911,100,100070,100,99908,100
2019-06-28 09:30:00.000000084,100000,100,99991,100,100010,100,99987,100,100014,100,99969,100,100015,100,99968,100,100030,100,99967,200,100032,100,99944,100,100036,100,99917,100,100045,100,99913,100,100060,100,99911,100,100070,100,99908,100
2019-06-28 09:30:00.000000086,100010,100,99991,100,100014,100,99987,100,100015,100,99969,100,100030,100,99968,100,100032,100,99967,200,100036,100,99944,100,100045,100,99917,100,100060,100,99913,100,100070,100,99911,100,100086,100,99908,100
2019-06-28 09:30:00.000000087,100010,100,99991,100,100014,100,99987,100,100015,100,99969,100,100030,100,99968,100,100032,100,99967,200,100036,100,99944,100,100045,100,99917,100,100059,100,99913,100,100060,100,99911,100,100070,100,99908,100
2019-06-28 09:30:00.000000088,100010,100,99991,100,100014,100,99987,100,100015,100,99971,100,100030,100,99969,100,100032,100,99968,100,100036,100,99967,200,100045,100,99944,100,100059,100,99917,100,100060,100,99913,100,100070,100,99911,100
2019-06-28 09:30:00.000000090,100010,100,99987,100,100014,100,99971,100,100015,100,99969,100,100030,100,99968,100,100032,100,99967,200,100036,100,99944,100,100045,100,99917,100,100059,100,99913,100,100060,100,99911,100,100070,100,99908,100
2019-06-28 09:30:00.000000093,100010,100,99991,100,100014,100,99987,100,100015,100,99971,100,100030,100,99969,100,100032,100,99968,100,100036,100,99967,200,100045,100,99944,100,100059,100,99917,100,100060,100,99913,100,100070,100,99911,100
2019-06-28 09:30:00.000000094,100010,100,99991,200,100014,100,99987,100,100015,100,99971,100,100030,100,99969,100,100032,100,99968,100,100036,100,99967,200,100045,100,99944,100,100059,100,99917,100,100060,100,99913,100,100070,100,99911,100
2019-06-28 09:30:00.000000096,100010,100,99991,200,100014,100,99987,100,100015,100,99971,100,100030,100,99969,100,100032,100,99968,100,100036,100,99967,200,100045,100,99944,100,100059,100,99942,100,100060,100,99917,100,100070,100,99913,100
2019-06-28 09:30:10.000000000,100010,182,99991,282,100014,182,99987,182,100015,182,99971,182,100030,182,99969,182,100032,182,99968,182,100036,100,99967,200,100045,100,99944,100,100059,100,99942,100,100060,100,99917,100,100070,100,99913,100
2019-06-28 09:30:20.000000000,100010,304,99991,404,100014,304,99987,304,100015,100,99971,100,100030,100,99969,100,100032,100,99968,100,100036,100,99967,200,100045,100,99944,100,100059,100,99942,100,100060,100,99917,100,100070,100,99913,100
2019-06-28 09:30:22.193082708,100010,304,99991,504,100014,304,99987,304,100015,100,99971,100,100030,100,99969,100,100032,100,99968,100,100036,100,99967,200,100045,100,99944,100,100059,100,99942,100,100060,100,99917,100,100070,100,99913,100
2019-06-28 09:30:30.000000000,100010,304,99991,504,100014,304,99987,304,100015,100,99971,100,100030,100,99969,100,100032,100,99968,100,100036,100,99967,200,100045,100,99944,100,100059,100,99942,100,100060,100,99917,100,100070,100,99913,100
2019-06-28 09:30:34.283732127,100000,100,99991,504,100010,304,99987,304,100014,304,99971,100,100015,100,99969,100,100030,100,99968,100,100032,100,99967,100,100036,100,99944,100,100045,100,99942,100,100059,100,99917,100,100060,100,99913,100
2019-06-28 09:30:40.000000000,100000,239,99991,439,100010,235,99987,235,100014,235,99971,235,100015,100,99969,100,100030,100,99968,100,100032,100,99967,100,100036,100,99944,100,100045,100,99942,100,100059,100,99917,100,100060,100,99913,100
2019-06-28 09:30:50.000000000,100000,508,99991,708,100010,100,99987,100,100014,100,99971,100,100015,100,99969,100,100030,100,99968,100,100032,100,99967,100,100036,100,99944,100,100045,100,99942,100,100059,100,99917,100,100060,100,99913,100
2019-06-28 09:31:00.000000000,100000,182,99991,382,100010,182,99987,182,100014,182,99971,182,100015,182,99969,182,100030,182,99968,182,100032,100,99967,100,100036,100,99944,100,100045,100,99942,100,100059,100,99917,100,100060,100,99913,100
2019-06-28 09:31:05.703854995,100000,182,99991,482,100010,82,99987,182,100014,182,99971,182,100015,182,99969,182,100030,182,99968,182,100032,100,99967,100,100036,100,99944,100,100045,100,99942,100,100059,100,99917,100,100060,100,99913,100
2019-06-28 09:31:10.000000000,100000,508,99991,808,100014,100,99987,100,100015,100,99971,100,100030,100,99969,100,100032,100,99968,100,100036,100,99967,100,100045,100,99944,100,100059,100,99942,100,100060,100,99917,100,100070,100,99913,100
2019-06-28 09:31:20.000000000,100000,239,99991,539,100014,235,99987,235,100015,235,99971,235,100030,100,99969,100,100032,100,99968,100,100036,100,99967,100,100045,100,99944,100,100059,100,99942,100,100060,100,99917,100,100070,100,99913,100
2019-06-28 09:31:30.000000000,100000,304,99991,604,100014,304,99987,304,100015,100,99971,100,100030,100,99969,100,100032,100,99968,100,100036,100,99967,100,100045,100,99944,100,100059,100,99942,100,100060,100,99917,100,100070,100,99913,100
2019-06-28 09:31:31.215079564,100000,304,99991,704,100014,304,99987,304,100015,100,99971,100,100030,100,99969,100,100032,100,99968,100,100036,100,99967,100,100045,100,99944,100,100059,100,99942,100,100060,100,99917,100,100070,100,99913,100
2019-06-28 09:31:37.970489458,100000,304,99991,804,100014,304,99987,304,100015,100,99971,100,100030,100,99969,100,100032,100,99968,100,100036,100,99967,100,100045,100,99944,100,100059,100,99942,100,100060,100,99917,100,100070,100,99911,100
2019-06-28 09:31:40.000000000,100000,304,99991,804,100014,304,99987,304,100015,100,99971,100,100030,100,99969,100,100032,100,99968,100,100036,100,99967,100,100045,100,99944,100,100059,100,99942,100,100060,100,99917,100,100070,100,99911,100
2019-06-28 09:31:50.000000000,100000,304,99991,804,100014,304,99987,304,100015,100,99971,100,100030,100,99969,100,100032,100,99968,100,100036,100,99967,100,100045,100,99944,100,100059,100,99942,100,100060,100,99917,100,100070,100,99911,100
2019-06-28 09:31:55.905025407,100000,304,99991,804,100014,304,99987,304,100015,100,99971,100,100030,100,99969,100,100032,100,99968,100,100036,100,99967,100,100045,100,99944,100,100059,100,99942,100,100060,100,99917,100,100070,100,99911,100
2019-06-28 09:32:00.000000000,100000,304,99991,804,100014,304,99987,304,100015,100,99971,100,100030,100,99969,100,100032,100,99968,100,100036,100,99967,100,100045,100,99944,100,100059,100,99942,100,100060,100,99917,100,100070,100,99911,100
2019-06-28 09:32:10.000000000,100000,182,99991,682,100014,182,99987,182,100015,182,99971,182,100030,182,99969,182,100032,182,99968,182,100036,100,99967,100,100045,100,99944,100,100059,100,99942,100,100060,100,99917,100,100070,100,99911,100
2019-06-28 09:32:20.000000000,100000,239,99991,739,100014,235,99987,235,100015,235,99971,235,100030,100,99969,100,100032,100,99968,100,100036,100,99967,100,100045,100,99944,100,100059,100,99942,100,100060,100,99917,100,100070,100,99911,100
2019-06-28 09:32:25.815637108,100000,239,99991,739,100014,235,99987,235,100015,235,99971,235,100030,100,99969,100,100032,100,99968,100,100036,100,99967,100,100045,100,99944,100,100059,100,99942,100,100060,100,99917,100,100070,100,99911,100
2019-06-28 09:32:30.000000000,100000,202,99991,702,100014,202,99987,202,100015,202,99971,202,100030,202,99969,202,100032,100,99968,100,100036,100,99967,100,100045,100,99944,100,100059,100,99942,100,100060,100,99917,100,100070,100,99911,100
2019-06-28 09:32:40.000000000,100000,202,99991,702,100014,202,99987,202,100015,202,99971,202,100030,202,99969,202,100032,100,99968,100,100036,100,99967,100,100045,100,99944,100,100059,100,99942,100,100060,100,99917,100,100070,100,99911,100
2019-06-28 09:32:50.000000000,100000,202,99991,702,100014,202,99987,202,100015,202,99971,202,100030,202,99969,202,100032,100,99968,100,100036,100,99967,100,100045,100,99944,100,100059,100,99942,100,100060,100,99917,100,100070,100,99911,100
2019-06-28 09:32:51.983819655,100000,102,99991,702,100014,202,99987,202,100015,202,99971,202,100030,202,99969,202,100032,100,99968,100,100036,100,99967,100,100045,100,99944,100,100059,100,99942,100,100060,100,99917,100,100070,100,99911,100
2019-06-28 09:32:56.121751559,100000,2,99991,702,100014,202,99987,202,100015,202,99971,202,100030,202,99969,202,100032,100,99968,100,100036,100,99967,100,100045,100,99944,100,100059,100,99917,100,100060,100,99911,100,100070,100,99908,100
2019-06-28 09:33:00.000000000,100014,182,99991,682,100015,182,99987,182,100030,182,99971,182,100032,182,99969,182,100036,182,99968,182,100045,100,99967,100,100059,100,99944,100,100060,100,99917,100,100070,100,99911,100,100086,100,99908,100
2019-06-28 09:33:10.000000000,100014,202,99991,702,100015,202,99987,202,100030,202,99971,202,100032,202,99969,202,100036,100,99968,100,100045,100,99967,100,100059,100,99944,100,100060,100,99917,100,100070,100,99911,100,100086,100,99908,100
2019-06-28 09:33:12.488557529,100014,202,99991,702,100015,202,99987,202,100030,202,99977,100,100032,202,99971,202,100036,100,99969,202,100045,100,99968,100,100059,100,99967,100,100060,100,99944,100,100070,100,99917,100,100086,100,99911,100
2019-06-28 09:33:20.000000000,100014,182,99991,682,100015,182,99987,182,100030,182,99977,182,100032,182,99971,182,100036,182,99969,182,100045,100,99968,100,100059,100,99967,100,100060,100,99944,100,100070,100,99917,100,100086,100,99911,100
2019-06-28 09:33:23.794317093,100014,82,99991,682,100015,182,99987,182,100030,182,99977,182,100032,182,99971,82,100036,182,99969,182,100045,100,99968,100,100059,100,99967,100,100060,100,99944,100,100070,100,99917,100,100086,100,99911,100
2019-06-28 09:33:30.000000000,100015,239,99991,739,100030,235,99987,235,100032,235,99977,235,100036,100,99969,100,100045,100,99968,100,100059,100,99967,100,100060,100,99944,100,100070,100,99917,100,100086,100,99911,100,100091,200,99908,100
2019-06-28 09:33:30.585708598,100015,239,99991,739,100030,235,99987,235,100032,235,99977,235,100036,100,99968,100,100045,100,99967,100,100059,100,99944,100,100060,100,99917,100,100070,100,99911,100,100086,100,99908,100,100091,200,99905,100
2019-06-28 09:33:40.000000000,100015,508,99991,1008,100030,100,99987,100,100032,100,99977,100,100036,100,99968,100,100045,100,99967,100,100059,100,99944,100,100060,100,99917,100,100070,100,99911,100,100086,100,99908,100,100091,200,99905,100
2019-06-28 09:33:48.039559869,100015,408,99991,1008,100030,100,99987,100,100032,100,99977,100,100036,100,99968,100,100045,100,99967,100,100059,100,99944,100,100060,100,99917,100,100070,100,99911,100,100086,100,99908,100,100091,200,99905,100
2019-06-28 09:33:50.000000000,100030,182,99991,682,100032,182,99987,182,100036,182,99977,182,100045,182,99968,182,100059,182,99967,182,100060,100,99944,100,100070,100,99917,100,100086,100,99911,100,100091,200,99908,100,100093,100,99905,100
2019-06-28 09:33:50.027961929,100030,182,99991,682,100032,182,99987,182,100036,182,99977,182,100045,182,99968,182,100059,182,99967,182,100060,100,99944,100,100070,100,99917,100,100086,100,99911,100,100091,200,99908,100,100093,100,99905,100
2019-06-28 09:34:00.000000000,100030,239,99991,739,100032,235,99987,235,100036,235,99977,235,100045,100,99968,100,100059,100,99967,100,100060,100,99944,100,100070,100,99917,100,100086,100,99911,100,100091,200,99908,100,100093,100,99905,100
2019-06-28 09:34:10.000000000,100030,182,99991,682,100032,182,99987,182,100036,182,99977,182,100045,182,99968,182,100059,182,99967,182,100060,100,99944,100,100070,100,99917,100,100086,100,99911,100,100091,200,99908,100,100093,100,99905,100
2019-06-28 09:34:17.400862640,100030,182,99991,682,100032,182,99987,182,100036,182,99977,82,100045,182,99968,182,100059,182,99967,182,100060,100,99944,100,100070,100,99917,100,100086,100,99911,100,100091,200,99908,100,100093,100,99905,100
2019-06-28 09:34:20.000000000,100030,304,99991,804,100032,304,99987,304,100036,100,99968,100,100045,100,99967,100,100059,100,99944,100,100060,100,99917,100,100070,100,99911,100,100086,100,99908,100,100091,200,99905,100,100093,100,99904,200
2019-06-28 09:34:25.707789995,100030,304,99991,804,100032,304,99987,304,100036,100,99968,100,100045,100,99967,100,100059,100,99944,100,100060,100,99917,100,100070,100,99911,100,100091,200,99908,100,100093,100,99905,100,100094,100,99904,200
2019-06-28 09:34:30.000000000,100030,304,99991,804,100032,304,99987,304,100036,100,99968,100,100045,100,99967,100,100059,100,99944,100,100060,100,99917,100,100070,100,99911,100,100091,200,99908,100,100093,100,99905,100,100094,100,99904,200
2019-06-28 09:34:40.000000000,100030,239,99991,739,100032,235,99987,235,100036,235,99968,235,100045,100,99967,100,100059,100,99944,100,100060,100,99917,100,100070,100,99911,100,100091,200,99908,100,100093,100,99905,100,100094,100,99904,200
2019-06-28 09:34:50.000000000,100030,508,99991,1008,100032,100,99987,100,100036,100,99968,100,100045,100,99967,100,100059,100,99944,100,100060,100,99917,100,100070,100,99911,100,100091,200,99908,100,100093,100,99905,100,100094,100,99904,200
2019-06-28 09:34:54.474664330,100030,508,99991,1008,100032,100,99987,100,100036,100,99968,100,100045,100,99967,100,100059,100,99944,100,100060,100,99917,100,100070,100,99911,100,100091,200,99908,100,100093,100,99905,100,100094,100,99904,200
2019-06-28 09:34:57.718383499,100030,508,99991,1008,100032,100,99987,100,100036,100,99968,100,100045,100,99967,100,100059,100,99944,100,100060,100,99917,100,100070,100,99911,100,100091,200,99908,100,100093,100,99905,100,100094,100,99904,100
2019-06-28 09:35:00.000000000,100030,239,99991,739,100032,235,99987,235,100036,235,99968,235,100045,100,99967,100,100059,100,99944,100,100060,100,99917,100,100070,100,99911,100,100091,200,99908,100,100093,100,99905,100,100094,100,99904,100
2019-06-28 09:35:01.510965843,100030,239,100014,100,100032,235,99991,739,100036,235,99987,235,100045,100,99968,235,100059,100,99967,100,100060,100,99944,100,100070,100,99917,100,100091,200,99911,100,100093,100,99908,100,100094,100,99905,100
2019-06-28 09:35:04.658435686,100030,239,100014,100,100032,235,99991,739,100036,235,99987,235,100045,100,99968,235,100059,100,99967,100,100060,100,99944,100,100070,100,99917,100,100091,200,99911,100,100093,100,99908,100,100094,100,99905,100
2019-06-28 09:35:10.000000000,100030,508,100014,508,100032,100,99991,600,100036,100,99987,100,100045,100,99968,100,100059,100,99967,100,100060,100,99944,100,100070,100,99917,100,100091,200,99911,100,100093,100,99908,100,100094,100,99905,100
2019-06-28 09:35:10.540471007,100030,508,100014,508,100032,100,99991,600,100036,100,99987,100,100045,100,99968,100,100059,100,99967,100,100060,100,99944,100,100070,100,99917,100,100091,200,99911,100,100093,100,99908,100,100094,100,99905,100
2019-06-28 09:35:20.000000000,100030,182,100014,182,100032,182,99991,682,100036,182,99987,182,100045,182,99968,182,100059,182,99967,182,100060,100,99944,100,100070,100,99917,100,100091,200,99911,100,100093,100,99908,100,100094,100,99905,100
2019-06-28 09:35:20.229391794,100030,182,100014,182,100032,182,99991,682,100036,182,99987,282,100045,182,99968,182,100059,182,99967,182,100060,100,99944,100,100070,100,99917,100,100091,200,99911,100,100093,100,99908,100,100094,100,99905,100
2019-06-28 09:35:20.442592691,100030,182,100014,182,100032,182,99991,682,100036,182,99987,282,100045,182,99968,182,100059,182,99967,182,100060,100,99944,100,100070,100,99917,100,100091,200,99911,100,100093,100,99908,100,100094,100,99905,100
2019-06-28 09:35:29.387743565,100030,182,100014,182,100032,182,99991,682,100036,182,99987,282,100045,182,99968,182,100059,182,99967,182,100060,100,99944,100,100070,100,99917,100,100091,200,99911,100,100093,100,99908,100,100094,100,99905,100
2019-06-28 09:35:30.000000000,100030,202,100014,202,100032,202,99991,702,100036,202,99987,302,100045,202,99968,202,100059,100,99967,100,100060,100,99944,100,100070,100,99917,100,100091,200,99911,100,100093,100,99908,100,100094,100,99905,100
2019-06-28 09:35:40.000000000,100030,239,100014,239,100032,235,99991,735,100036,235,99987,335,100045,100,99968,100,100059,100,99967,100,100060,100,99944,100,100070,100,99917,100,100091,200,99911,100,100093,100,99908,100,100094,100,99905,100
2019-06-28 09:35:46.336943559,100030,239,100014,239,100032,235,99991,735,100036,235,99987,335,100045,100,99968,100,100059,100,99967,100,100060,100,99944,100,100070,100,99917,100,100091,200,99911,100,100093,100,99908,100,100094,100,99905,100
2019-06-28 09:35:50.000000000,100030,182,100014,182,100032,182,99991,682,100036,182,99987,282,100045,182,99968,182,100059,182,99967,182,100060,100,99944,100,100070,100,99917,100,100091,200,99911,100,100093,100,99908,100,100094,100,99905,100
2019-06-28 09:36:00.000000000,100030,202,100014,202,100032,202,99991,702,100036,202,99987,302,100045,202,99968,202,100059,100,99967,100,100060,100,99944,100,100070,100,99917,100,100091,200,99911,100,100093,100,99908,100,100094,100,99905,100
2019-06-28 09:36:04.834828219,100030,102,100014,202,100032,202,99991,702,100036,202,99987,302,100045,202,99968,202,100059,100,99967,100,100060,100,99944,100,100070,100,99917,100,100091,200,99911,100,100093,100,99908,100,100094,100,99904,100
2019-06-28 09:36:08.961300222,100030,102,100015,100,100032,202,100014,202,100036,202,99991,702,100045,202,99987,302,100059,100,99968,202,100060,100,99967,100,100070,100,99944,100,100091,200,99917,100,100093,100,99911,100,100094,100,99908,100
2019-06-28 09:36:10.000000000,100032,239,100015,239,100036,235,100014,235,100045,235,99991,735,100059,100,99987,200,100060,100,99968,100,100070,100,99967,100,100091,200,99944,100,100093,100,99917,100,100094,100,99911,100,100097,100,99908,100
2019-06-28 09:36:18.458890964,100032,239,100015,239,100036,235,100014,235,100045,235,99991,735,100059,100,99987,200,100060,100,99985,100,100070,100,99968,100,100091,200,99967,100,100093,100,99944,100,100094,100,99917,100,100097,100,99911,100
2019-06-28 09:36:20.000000000,100032,239,100015,239,100036,235,100014,235,100045,235,99991,735,100059,100,99987,200,100060,100,99985,100,100070,100,99968,100,100091,200,99967,100,100093,100,99944,100,100094,100,99917,100,100097,100,99911,100
2019-06-28 09:36:26.040036322,100032,139,100015,239,100036,235,100014,235,100045,235,99991,735,100059,100,99987,200,100060,100,99985,100,100070,100,99968,100,100091,200,99967,100,100093,100,99944,100,100094,100,99917,100,100097,100,99911,100
2019-06-28 09:36:30.000000000,100036,304,100015,304,100045,304,100014,304,100059,100,99991,600,100060,100,99987,200,100070,100,99985,100,100091,200,99968,100,100093,100,99967,100,100094,100,99944,100,100097,100,99917,100,100115,100,99911,100
2019-06-28 09:36:34.251563357,100036,204,100015,304,100045,304,100014,304,100059,100,99991,600,100060,100,99987,200,100070,100,99985,100,100091,100,99968,100,100093,100,99967,100,100094,100,99944,100,100097,100,99917,100,100115,100,99911,100
2019-06-28 09:36:39.464716356,100036,204,100015,304,100045,304,100014,304,100059,100,99991,600,100060,100,99987,200,100070,100,99985,100,100091,100,99968,100,100093,100,99967,100,100094,100,99944,100,100097,100,99917,100,100115,100,99911,100
2019-06-28 09:36:40.000000000,100045,304,100015,304,100059,304,100014,304,100060,100,99991,600,100070,100,99987,200,100091,100,99985,100,100093,100,99968,100,100094,100,99967,100,100097,100,99944,100,100115,100,99917,100,100117,100,99911,100
2019-06-28 09:36:50.000000000,100045,182,100015,182,100059,182,100014,182,100060,182,99991,682,100070,182,99987,282,100091,182,99985,182,100093,100,99968,100,100094,100,99967,100,100097,100,99944,100,100115,100,99917,100,100117,100,99911,100
2019-06-28 09:37:00.000000000,100045,202,100015,202,100059,202,100014,202,100060,202,99991,702,100070,202,99987,302,100091,100,99985,100,100093,100,99968,100,100094,100,99967,100,100097,100,99944,100,100115,100,99917,100,100117,100,99911,100
2019-06-28 09:37:07.690716957,100045,102,100015,202,100059,202,100014,202,100060,202,99991,702,100070,202,99987,302,100091,100,99985,100,100093,100,99968,100,100094,100,99967,100,100097,100,99944,100,100115,100,99917,100,100117,100,99911,100
2019-06-28 09:37:10.000000000,100059,202,100015,202,100060,202,100014,202,100070,202,99991,702,100091,202,99987,302,100093,100,99985,100,100094,100,99968,100,100097,100,99967,100,100115,100,99944,100,100117,100,99917,100,100124,100,99911,100
2019-06-28 09:37:19.253510581,100059,202,100015,202,100060,202,100014,202,100070,202,99991,702,100091,202,99987,302,100093,100,99985,100,100094,100,99968,100,100097,100,99967,100,100115,100,99944,100,100117,100,99917,100,100124,100,99911,100
2019-06-28 09:37:20.000000000,100059,182,100015,182,100060,182,100014,182,100070,182,99991,682,100091,182,99987,282,100093,182,99985,182,100094,100,99968,100,100097,100,99967,100,100115,100,99944,100,100117,100,99917,100,100124,100,99911,100
2019-06-28 09:37:30.000000000,100059,182,100015,182,100060,182,100014,182,100070,182,99991,682,100091,182,99987,282,100093,182,99985,182,100094,100,99968,100,100097,100,99967,100,100115,100,99944,100,100117,100,99917,100,100124,100,99911,100
2019-06-28 09:37:40.000000000,100059,304,100015,304,100060,304,100014,304,100070,100,99991,600,100091,100,99987,200,100093,100,99985,100,100094,100,99968,100,100097,100,99967,100,100115,100,99944,100,100117,100,99917,100,100124,100,99911,100
2019-06-28 09:37:50.000000000,100059,239,100015,239,100060,235,100014,235,100070,235,99991,735,100091,100,99987,200,100093,100,99985,100,100094,100,99968,100,100097,100,99967,100,100115,100,99944,100,100117,100,99917,100,100124,100,99911,100
2019-06-28 09:38:00.000000000,100059,508,100015,508,100060,100,100014,100,100070,100,99991,600,100091,100,99987,200,100093,100,99985,100,100094,100,99968,100,100097,100,99967,100,100115,100,99944,100,100117,100,99917,100,100124,100,99911,100
2019-06-28 09:38:01.989596967,100059,408,100015,508,100060,100,100014,100,100070,100,99991,600,100091,100,99987,200,100093,100,99985,100,100094,100,99968,100,100097,100,99967,100,100115,100,99944,100,100117,100,99917,100,100124,100,99911,100
2019-06-28 09:38:10.000000000,100060,239,100015,239,100070,235,100014,235,100091,235,99991,735,100093,100,99987,200,100094,100,99985,100,100097,100,99968,100,100115,100,99967,100,100117,100,99944,100,100124,100,99917,100,100125,100,99911,100
2019-06-28 09:38:12.070234890,100060,239,100015,239,100070,235,100014,235,100091,235,99991,735,100093,100,99987,200,100094,100,99985,100,100097,100,99968,100,100115,100,99967,100,100117,100,99944,100,100124,100,99917,100,100125,100,99911,100
2019-06-28 09:38:20.000000000,100060,202,100015,202,100070,202,100014,202,100091,202,99991,702,100093,202,99987,302,100094,100,99985,100,100097,100,99968,100,100115,100,99967,100,100117,100,99944,100,100124,100,99917,100,100125,100,99911,100
2019-06-28 09:38:30.000000000,100060,304,100015,304,100070,304,100014,304,100091,100,99991,600,100093,100,99987,200,100094,100,99985,100,100097,100,99968,100,100115,100,99967,100,100117,100,99944,100,100124,100,99917,100,100125,100,99911,100
2019-06-28 09:38:40.000000000,100060,508,100015,508,100070,100,100014,100,100091,100,99991,600,100093,100,99987,200,100094,100,99985,100,100097,100,99968,100,100115,100,99967,100,100117,100,99944,100,100124,100,99917,100,100125,100,99911,100
2019-06-28 09:38:50.000000000,100060,182,100015,182,100070,182,100014,182,100091,182,99991,682,100093,182,99987,282,100094,182,99985,182,100097,100,99968,100,100115,100,99967,100,100117,100,99944,100,100124,100,99917,100,100125,100,99911,100
2019-06-28 09:38:55.871259140,100060,182,100015,182,100070,182,100014,182,100091,182,99991,682,100093,182,99987,282,100094,182,99985,182,100097,100,99968,100,100115,100,99967,100,100117,100,99952,100,100124,100,99944,100,100125,100,99917,100
2019-06-28 09:38:57.598997875,100060,82,100015,182,100070,182,100014,182,100091,182,99991,682,100093,182,99987,182,100094,182,99985,182,100097,100,99968,100,100115,100,99967,100,100117,100,99952,100,100124,100,99944,100,100125,100,99917,100
2019-06-28 09:39:00.000000000,100070,304,100015,304,100091,304,100014,304,100093,100,99991,600,100094,100,99987,100,100097,100,99985,100,100115,100,99968,100,100117,100,99967,100,100124,100,99952,100,100125,100,99944,100,100135,100,99917,100
2019-06-28 09:39:10.000000000,100070,202,100015,202,100091,202,100014,202,100093,202,99991,702,100094,202,99987,202,100097,100,99985,100,100115,100,99968,100,100117,100,99967,100,100124,100,99952,100,100125,100,99944,100,100135,100,99917,100
2019-06-28 09:39:20.000000000,100070,304,100015,304,100091,304,100014,304,100093,100,99991,600,100094,100,99987,100,100097,100,99985,100,100115,100,99968,100,100117,100,99967,100,100124,100,99952,100,100125,100,99944,100,100135,100,99917,100
2019-06-28 09:39:30.000000000,100070,182,100015,182,100091,182,100014,182,100093,182,99991,682,100094,182,99987,182,100097,182,99985,182,100115,100,99968,100,100117,100,99967,100,100124,100,99952,100,100125,100,99944,100,100135,100,99917,100
2019-06-28 09:39:37.325928954,100070,182,100059,100,100091,182,100015,182,100093,182,100014,182,100094,182,99991,682,100097,182,99987,182,100115,100,99985,182,100117,100,99968,100,100124,100,99967,100,100125,100,99952,100,100135,100,99944,100
2019-06-28 09:39:38.854288741,100070,182,100059,100,100091,182,100015,182,100093,182,100014,182,100094,182,99991,682,100097,182,99987,182,100115,100,99985,182,100117,100,99968,100,100124,100,99967,100,100125,100,99952,100,100135,100,99944,100
2019-06-28 09:39:40.000000000,100070,304,100059,304,100091,304,100015,304,100093,100,100014,100,100094,100,99991,600,100097,100,99987,100,100115,100,99985,100,100117,100,99968,100,100124,100,99967,100,100125,100,99952,100,100135,100,99944,100
2019-06-28 09:39:50.000000000,100070,202,100059,202,100091,202,100015,202,100093,202,100014,202,100094,202,99991,702,100097,100,99987,100,100115,100,99985,100,100117,100,99968,100,100124,100,99967,100,100125,100,99952,100,100135,100,99944,100
2019-06-28 09:39:54.794052462,100070,102,100059,202,100091,202,100015,202,100093,202,100014,202,100094,202,99991,702,100097,100,99987,100,100115,100,99985,100,100117,100,99968,100,100124,100,99967,100,100125,100,99952,100,100135,100,99944,100
2019-06-28 09:39:55.180785850,100070,102,100059,202,100091,202,100015,202,100093,202,100014,202,100094,202,99991,702,100097,100,99987,100,100115,100,99985,100,100117,100,99968,100,100124,100,99967,100,100125,100,99952,100,100135,100,99944,100
2019-06-28 09:40:00.000000000,100091,182,100059,182,100093,182,100015,182,100094,182,100014,182,100097,182,99991,682,100115,182,99987,182,100117,100,99985,100,100124,100,99968,100,100125,100,99967,100,100135,100,99952,100,100152,100,99944,100
2019-06-28 09:40:10.000000000,100091,182,100059,182,100093,182,100015,182,100094,182,100014,182,100097,182,99991,682,100115,182,99987,182,100117,100,99985,100,100124,100,99968,100,100125,100,99967,100,100135,100,99952,100,100152,100,99944,100
2019-06-28 09:40:16.060192752,100091,182,100059,82,100093,182,100015,182,100094,182,100014,182,100097,182,99991,682,100115,182,99987,82,100117,100,99985,100,100124,100,99968,100,100125,100,99967,100,100135,100,99952,100,100152,100,99944,100
2019-06-28 09:40:18.734977215,100069,100,100059,82,100091,182,100015,182,100093,182,100014,182,100094,182,99991,682,100097,182,99987,82,100115,182,99985,100,100117,100,99967,100,100124,100,99952,100,100125,100,99944,100,100135,100,99917,100
2019-06-28 09:40:20.000000000,100069,202,100015,202,100091,202,100014,202,100093,202,99991,702,100094,202,99985,202,100097,100,99967,100,100115,100,99952,100,100117,100,99944,100,100124,100,99917,100,100125,100,99911,100,100135,100,99908,100
2019-06-28 09:40:23.768370409,100069,202,100015,202,100091,202,100014,202,100093,202,99991,702,100094,202,99985,202,100097,100,99967,100,100115,100,99952,100,100117,100,99944,100,100124,100,99917,100,100125,100,99911,100,100135,200,99908,100
2019-06-28 09:40:25.900061836,100069,302,100015,202,100091,202,100014,202,100093,202,99991,702,100094,202,99985,202,100097,100,99967,100,100115,100,99952,100,100117,100,99944,100,100124,100,99917,100,100125,100,99911,100,100135,200,99908,100
2019-06-28 09:40:30.000000000,100069,404,100015,304,100091,304,100014,304,100093,100,99991,600,100094,100,99985,100,100097,100,99967,100,100115,100,99952,100,100117,100,99944,100,100124,100,99917,100,100125,100,99911,100,100135,200,99908,100
2019-06-28 09:40:40.000000000,100069,302,100015,202,100091,202,100014,202,100093,202,99991,702,100094,202,99985,202,100097,100,99967,100,100115,100,99952,100,100117,100,99944,100,100124,100,99917,100,100125,100,99911,100,100135,200,99908,100
2019-06-28 09:40:50.000000000,100069,608,100015,508,100091,100,100014,100,100093,100,99991,600,100094,100,99985,100,100097,100,99967,100,100115,100,99952,100,100117,100,99944,100,100124,100,99917,100,100125,100,99911,100,100135,200,99908,100
2019-06-28 09:40:50.342798748,100069,508,100015,508,100091,100,100014,100,100093,100,99991,600,100094,100,99985,100,100097,100,99967,100,100115,100,99952,100,100117,100,99944,100,100124,100,99917,100,100125,100,99911,100,100135,200,99908,100
2019-06-28 09:40:55.229508280,100069,408,100015,508,100091,100,100014,100,100093,100,99991,600,100094,100,99985,100,100097,100,99967,100,100115,100,99952,100,100117,100,99944,100,100124,100,99917,100,100125,100,99911,100,100135,200,99908,100
2019-06-28 09:41:00.000000000,100091,202,100015,202,100093,202,100014,202,100094,202,99991,702,100097,202,99985,202,100115,100,99967,100,100117,100,99952,100,100124,100,99944,100,100125,100,99917,100,100135,200,99911,100,100152,100,99908,100
2019-06-28 09:41:10.000000000,100091,508,100015,508,100093,100,100014,100,100094,100,99991,600,100097,100,99985,100,100115,100,99967,100,100117,100,99952,100,100124,100,99944,100,100125,100,99917,100,100135,200,99911,100,100152,100,99908,100
2019-06-28 09:41:20.000000000,100091,239,100015,239,100093,235,100014,235,100094,235,99991,735,100097,100,99985,100,100115,100,99967,100,100117,100,99952,100,100124,100,99944,100,100125,100,99917,100,100135,200,99911,100,100152,100,99908,100
2019-06-28 09:41:30.000000000,100091,304,100015,304,100093,304,100014,304,100094,100,99991,600,100097,100,99985,100,100115,100,99967,100,100117,100,99952,100,100124,100,99944,100,100125,100,99917,100,100135,200,99911,100,100152,100,99908,100
2019-06-28 09:41:33.376377519,100091,304,100069,100,100093,304,100015,304,100094,100,100014,304,100097,100,99991,500,100115,100,99985,100,100117,100,99967,100,100124,100,99952,100,100125,100,99944,100,100135,200,99917,100,100152,100,99911,100
2019-06-28 09:41:40.000000000,100091,202,100069,202,100093,202,100015,202,100094,202,100014,202,100097,202,99991,602,100115,100,99985,100,100117,100,99967,100,100124,100,99952,100,100125,100,99944,100,100135,200,99917,100,100152,100,99911,100
2019-06-28 09:41:44.844987399,100091,102,100069,202,100093,202,100015,202,100094,202,100014,202,100097,202,99991,602,100115,100,99985,100,100117,100,99967,100,100124,100,99952,100,100125,100,99944,100,100135,200,99917,100,100152,100,99911,100
2019-06-28 09:41:48.815099433,100091,2,100069,202,100093,202,100015,202,100094,202,100014,202,100097,202,99991,602,100117,100,99985,100,100124,100,99967,100,100125,100,99952,100,100135,200,99944,100,100152,100,99917,100,100179,100,99911,100
2019-06-28 09:41:50.000000000,100093,239,100069,239,100094,235,100015,235,100097,235,100014,235,100117,100,99991,500,100124,100,99985,100,100125,100,99967,100,100135,200,99952,100,100152,100,99944,100,100179,100,99917,100,100199,100,99911,100
2019-06-28 09:41:50.084813015,100093,239,100069,239,100094,235,100015,235,100097,235,100014,235,100117,100,99991,500,100124,100,99985,100,100125,100,99967,100,100135,200,99952,100,100152,100,99944,100,100179,100,99917,100,100199,100,99911,100
2019-06-28 09:41:52.057683302,100093,239,100069,239,100094,235,100015,235,100097,235,100014,235,100117,100,99991,500,100124,100,99985,100,100125,100,99967,100,100135,200,99952,100,100152,100,99944,100,100179,100,99917,100,100199,100,99911,100
2019-06-28 09:42:00.000000000,100093,182,100069,182,100094,182,100015,182,100097,182,100014,182,100117,182,99991,582,100124,182,99985,182,100125,100,99967,100,100135,200,99952,100,100152,100,99944,100,100179,100,99917,100,100199,100,99911,100
2019-06-28 09:42:10.000000000,100093,182,100069,182,100094,182,100015,182,100097,182,100014,182,100117,182,99991,582,100124,182,99985,182,100125,100,99967,100,100135,200,99952,100,100152,100,99944,100,100179,100,99917,100,100199,100,99911,100
2019-06-28 09:42:20.000000000,100093,239,100069,239,100094,235,100015,235,100097,235,100014,235,100117,100,99991,500,100124,100,99985,100,100125,100,99967,100,100135,200,99952,100,100152,100,99944,100,100179,100,99917,100,100199,100,99911,100
2019-06-28 09:42:30.000000000,100093,182,100069,182,100094,182,100015,182,100097,182,100014,182,100117,182,99991,582,100124,182,99985,182,100125,100,99967,100,100135,200,99952,100,100152,100,99944,100,100179,100,99917,100,100199,100,99911,100
2019-06-28 09:42:36.078783334,100093,182,100091,100,100094,182,100069,182,100097,182,100015,182,100117,182,100014,182,100124,182,99991,582,100125,100,99985,182,100135,200,99967,100,100152,100,99952,100,100179,100,99944,100,100199,100,99917,100
2019-06-28 09:42:40.000000000,100093,239,100091,239,100094,235,100069,235,100097,235,100015,235,100117,100,100014,100,100124,100,99991,500,100125,100,99985,100,100135,200,99967,100,100152,100,99952,100,100179,100,99944,100,100199,100,99917,100
2019-06-28 09:42:46.033902614,100093,239,100091,239,100094,235,100069,235,100097,235,100015,235,100117,100,100014,100,100124,100,99991,500,100125,100,99985,100,100135,200,99967,100,100179,100,99952,100,100199,100,99944,100,100207,100,99917,100
2019-06-28 09:42:50.000000000,100093,202,100091,202,100094,202,100069,202,100097,202,100015,202,100117,202,100014,202,100124,100,99991,500,100125,100,99985,100,100135,200,99967,100,100179,100,99952,100,100199,100,99944,100,100207,100,99917,100
2019-06-28 09:43:00.000000000,100093,304,100091,304,100094,304,100069,304,100097,100,100015,100,100117,100,100014,100,100124,100,99991,500,100125,100,99985,100,100135,200,99967,100,100179,100,99952,100,100199,100,99944,100,100207,100,99917,100
2019-06-28 09:43:05.276096777,100093,304,100091,304,100094,304,100069,304,100097,100,100015,100,100117,100,100014,100,100124,100,99991,500,100125,100,99985,100,100135,200,99967,100,100179,100,99962,100,100199,100,99952,100,100207,100,99944,100
2019-06-28 09:43:10.000000000,100093,239,100091,239,100094,235,100069,235,100097,235,100015,235,100117,100,100014,100,100124,100,99991,500,100125,100,99985,100,100135,200,99967,100,100179,100,99962,100,100199,100,99952,100,100207,100,99944,100
2019-06-28 09:43:20.000000000,100093,202,100091,202,100094,202,100069,202,100097,202,100015,202,100117,202,100014,202,100124,100,99991,500,100125,100,99985,100,100135,200,99967,100,100179,100,99962,100,100199,100,99952,100,100207,100,99944,100
2019-06-28 09:43:28.573623171,100093,202,100091,102,100094,202,100069,202,100097,202,100015,202,100117,202,100014,202,100124,100,99991,500,100125,100,99985,100,100135,200,99967,100,100179,100,99962,100,100199,100,99952,100,100207,100,99944,100
2019-06-28 09:43:30.000000000,100093,239,100069,239,100094,235,100015,235,100097,235,100014,235,100117,100,99991,500,100124,100,99985,100,100125,100,99967,100,100135,200,99962,100,100179,100,99952,100,100199,100,99944,100,100207,100,99917,100
2019-06-28 09:43:40.000000000,100093,304,100069,304,100094,304,100015,304,100097,100,100014,100,100117,100,99991,500,100124,100,99985,100,100125,100,99967,100,100135,200,99962,100,100179,100,99952,100,100199,100,99944,100,100207,100,99917,100
2019-06-28 09:43:45.006931261,100093,204,100069,304,100094,304,100015,304,100097,100,100014,100,100117,100,99991,500,100124,100,99985,100,100125,100,99967,100,100135,200,99962,100,100179,100,99952,100,100199,100,99944,100,100207,100,99917,100
2019-06-28 09:43:46.595783364,100093,204,100069,304,100094,304,100015,304,100097,100,100014,100,100117,100,99991,500,100124,100,99985,100,100125,100,99967,100,100135,200,99962,100,100179,100,99952,100,100199,100,99944,100,100207,100,99917,100
2019-06-28 09:43:50.000000000,100094,239,100069,239,100097,235,100015,235,100117,235,100014,235,100124,100,99991,500,100125,100,99985,100,100135,200,99967,100,100179,100,99962,100,100199,100,99952,100,100207,100,99944,100,100210,100,99917,100
2019-06-28 09:43:56.695300271,100094,239,100092,100,100097,235,100069,239,100117,235,100015,235,100124,100,100014,235,100125,100,99991,500,100135,200,99985,100,100179,100,99967,100,100199,100,99962,100,100207,100,99952,100,100210,100,99944,100
2019-06-28 09:44:00.000000000,100094,239,100092,239,100097,235,100069,235,100117,235,100015,235,100124,100,100014,100,100125,100,99991,500,100135,200,99985,100,100179,100,99967,100,100199,100,99962,100,100207,100,99952,100,100210,100,99944,100
2019-06-28 09:44:06.133368794,100094,239,100092,339,100097,235,100069,235,100117,235,100015,235,100124,100,100014,100,100125,100,99991,500,100135,200,99985,100,100179,100,99967,100,100199,100,99962,100,100207,100,99952,100,100210,100,99944,100
2019-06-28 09:44:10.000000000,100094,304,100092,404,100097,304,100069,304,100117,100,100015,100,100124,100,100014,100,100125,100,99991,500,100135,200,99985,100,100179,100,99967,100,100199,100,99962,100,100207,100,99952,100,100210,100,99944,100
2019-06-28 09:44:11.694821542,100094,204,100092,404,100097,304,100069,304,100117,100,100015,100,100124,100,100014,100,100125,100,99991,500,100135,200,99985,100,100179,100,99967,100,100199,100,99962,100,100207,100,99952,100,100210,100,99944,100
2019-06-28 09:44:16.892321337,100094,204,100092,404,100097,304,100069,304,100117,100,100015,100,100124,100,100014,100,100125,100,99991,500,100135,200,99985,100,100179,100,99967,100,100199,100,99962,100,100207,100,99944,100,100210,100,99917,100
2019-06-28 09:44:20.000000000,100097,304,100092,404,100117,304,100069,304,100124,100,100015,100,100125,100,100014,100,100135,200,99991,500,100179,100,99985,100,100199,100,99967,100,100207,100,99962,100,100210,100,99944,100,100271,100,99917,100
2019-06-28 09:44:29.901516772,100097,304,100092,404,100117,304,100069,304,100124,100,100015,100,100125,100,100014,100,100135,200,99991,500,100179,100,99985,100,100199,100,99967,100,100207,100,99962,100,100271,100,99944,100,100308,100,99917,100
2019-06-28 09:44:30.000000000,100097,202,100092,302,100117,202,100069,202,100124,202,100015,202,100125,202,100014,202,100135,200,99991,500,100179,100,99985,100,100199,100,99967,100,100207,100,99962,100,100271,100,99944,100,100308,100,99917,100
2019-06-28 09:44:40.000000000,100097,239,100092,339,100117,235,100069,235,100124,235,100015,235,100125,100,100014,100,100135,200,99991,500,100179,100,99985,100,100199,100,99967,100,100207,100,99962,100,100271,100,99944,100,100308,100,99917,100
2019-06-28 09:44:50.000000000,100097,304,100092,404,100117,304,100069,304,100124,100,100015,100,100125,100,100014,100,100135,200,99991,500,100179,100,99985,100,100199,100,99967,100,100207,100,99962,100,100271,100,99944,100,100308,100,99917,100
2019-06-28 09:45:00.000000000,100097,182,100092,282,100117,182,100069,182,100124,182,100015,182,100125,182,100014,182,100135,282,99991,582,100179,100,99985,100,100199,100,99967,100,100207,100,99962,100,100271,100,99944,100,100308,100,99917,100
2019-06-28 09:45:04.584355965,100097,82,100092,282,100117,182,100069,182,100124,182,100015,182,100125,182,100014,182,100135,282,99991,582,100179,100,99985,100,100199,100,99967,100,100207,100,99944,100,100271,100,99917,100,100308,100,99911,100
2019-06-28 09:45:10.000000000,100117,304,100092,404,100124,304,100069,304,100125,100,100015,100,100135,200,100014,100,100179,100,99991,500,100199,100,99985,100,100207,100,99967,100,100271,100,99944,100,100308,100,99917,100,100372,100,99911,100
2019-06-28 09:45:15.724222549,100117,304,100094,100,100124,304,100092,404,100125,100,100069,304,100135,200,100015,100,100179,100,100014,100,100199,100,99991,400,100207,100,99985,100,100271,100,99967,100,100308,100,99944,100,100372,100,99917,100
2019-06-28 09:45:20.000000000,100117,304,100094,304,100124,304,100092,404,100125,100,100069,100,100135,200,100015,100,100179,100,100014,100,100199,100,99991,400,100207,100,99985,100,100271,100,99967,100,100308,100,99944,100,100372,100,99917,100
2019-06-28 09:45:30.000000000,100117,304,100094,304,100124,304,100092,404,100125,100,100069,100,100135,200,100015,100,100179,100,100014,100,100199,100,99991,400,100207,100,99985,100,100271,100,99967,100,100308,100,99944,100,100372,100,99917,100
2019-06-28 09:45:40.000000000,100117,304,100094,304,100124,304,100092,404,100125,100,100069,100,100135,200,100015,100,100179,100,100014,100,100199,100,99991,400,100207,100,99985,100,100271,100,99967,100,100308,100,99944,100,100372,100,99917,100
2019-06-28 09:45:43.574889645,100117,304,100094,404,100124,304,100092,404,100125,100,100069,100,100135,200,100015,100,100179,100,100014,100,100199,100,99991,400,100207,100,99985,100,100271,100,99967,100,100308,100,99944,100,100372,100,99917,100
2019-06-28 09:45:50.000000000,100117,182,100094,282,100124,182,100092,282,100125,182,100069,182,100135,282,100015,182,100179,182,100014,182,100199,100,99991,400,100207,100,99985,100,100271,100,99967,100,100308,100,99944,100,100372,100,99917,100
2019-06-28 09:45:53.920104775,100117,182,100094,282,100124,182,100092,282,100125,182,100069,182,100135,282,100015,182,100179,182,100014,182,100199,100,99991,400,100207,100,99985,100,100271,100,99967,100,100308,100,99944,100,100372,100,99917,100
2019-06-28 09:46:00.000000000,100117,508,100094,608,100124,100,100092,200,100125,100,100069,100,100135,200,100015,100,100179,100,100014,100,100199,100,99991,400,100207,100,99985,100,100271,100,99967,100,100308,100,99944,100,100372,100,99917,100
2019-06-28 09:46:01.068267637,100117,508,100094,608,100124,100,100092,200,100125,100,100069,100,100135,200,100015,100,100179,100,100014,100,100199,100,99991,400,100207,100,99985,100,100271,100,99967,100,100308,100,99944,100,100372,100,99917,100
2019-06-28 09:46:04.895518826,100117,408,100094,608,100124,100,100092,200,100125,100,100069,100,100135,200,100015,100,100179,100,100014,100,100199,100,99991,400,100207,100,99985,100,100271,100,99967,100,100308,100,99944,100,100372,100,99917,100
2019-06-28 09:46:10.000000000,100124,239,100094,339,100125,235,100092,335,100135,335,100069,235,100179,100,100015,100,100199,100,100014,100,100207,100,99991,400,100271,100,99985,100,100308,100,99967,100,100372,100,99944,100,100376,100,99917,100
2019-06-28 09:46:20.000000000,100124,182,100094,282,100125,182,100092,282,100135,282,100069,182,100179,182,100015,182,100199,182,100014,182,100207,100,99991,400,100271,100,99985,100,100308,100,99967,100,100372,100,99944,100,100376,100,99917,100
2019-06-28 09:46:30.000000000,100124,202,100094,302,100125,202,100092,302,100135,302,100069,202,100179,202,100015,202,100199,100,100014,100,100207,100,99991,400,100271,100,99985,100,100308,100,99967,100,100372,100,99944,100,100376,100,99917,100
2019-06-28 09:46:36.664044035,100124,202,100094,302,100125,202,100092,302,100135,302,100069,202,100179,202,100015,202,100199,100,100014,100,100207,100,99991,300,100271,100,99985,100,100308,100,99967,100,100372,100,99944,100,100376,100,99917,100
2019-06-28 09:46:40.000000000,100124,304,100094,404,100125,304,100092,404,100135,200,100069,100,100179,100,100015,100,100199,100,100014,100,100207,100,99991,300,100271,100,99985,100,100308,100,99967,100,100372,100,99944,100,100376,100,99917,100
2019-06-28 09:46:41.924232836,100124,304,100094,404,100125,304,100092,404,100135,200,100069,100,100179,100,100015,100,100199,100,100014,100,100207,100,99991,300,100271,100,99985,100,100308,100,99967,100,100372,100,99944,100,100376,100,99917,100
2019-06-28 09:46:45.420277606,100124,304,100097,100,100125,304,100094,404,100135,200,100092,404,100179,100,100069,100,100199,100,100015,100,100207,100,100014,100,100271,100,99991,300,100308,100,99985,100,100372,100,99967,100,100376,100,99944,100
2019-06-28 09:46:50.000000000,100124,508,100097,508,100125,100,100094,200,100135,200,100092,200,100179,100,100069,100,100199,100,100015,100,100207,100,100014,100,100271,100,99991,300,100308,100,99985,100,100372,100,99967,100,100376,100,99944,100
2019-06-28 09:47:00.000000000,100124,304,100097,304,100125,304,100094,404,100135,200,100092,200,100179,100,100069,100,100199,100,100015,100,100207,100,100014,100,100271,100,99991,300,100308,100,99985,100,100372,100,99967,100,100376,100,99944,100
2019-06-28 09:47:10.000000000,100124,182,100097,182,100125,182,100094,282,100135,282,100092,282,100179,182,100069,182,100199,182,100015,182,100207,100,100014,100,100271,100,99991,300,100308,100,99985,100,100372,100,99967,100,100376,100,99944,100
2019-06-28 09:47:20.000000000,100124,202,100097,202,100125,202,100094,302,100135,302,100092,302,100179,202,100069,202,100199,100,100015,100,100207,100,100014,100,100271,100,99991,300,100308,100,99985,100,100372,100,99967,100,100376,100,99944,100
2019-06-28 09:47:30.000000000,100124,239,100097,239,100125,235,100094,335,100135,335,100092,335,100179,100,100069,100,100199,100,100015,100,100207,100,100014,100,100271,100,99991,300,100308,100,99985,100,100372,100,99967,100,100376,100,99944,100
2019-06-28 09:47:32.790124094,100124,239,100097,239,100125,235,100094,335,100135,335,100092,335,100179,100,100069,100,100199,100,100015,100,100207,100,100014,100,100271,100,99991,300,100308,100,99985,100,100372,100,99967,100,100376,100,99944,100
2019-06-28 09:47:40.000000000,100124,202,100097,202,100125,202,100094,302,100135,302,100092,302,100179,202,100069,202,100199,100,100015,100,100207,100,100014,100,100271,100,99991,300,100308,100,99985,100,100372,100,99967,100,100376,100,99944,100
2019-06-28 09:47:50.000000000,100124,239,100097,239,100125,235,100094,335,100135,335,100092,335,100179,100,100069,100,100199,100,100015,100,100207,100,100014,100,100271,100,99991,300,100308,100,99985,100,100372,100,99967,100,100376,100,99944,100
2019-06-28 09:48:00.000000000,100124,304,100097,304,100125,304,100094,404,100135,200,100092,200,100179,100,100069,100,100199,100,100015,100,100207,100,100014,100,100271,100,99991,300,100308,100,99985,100,100372,100,99967,100,100376,100,99944,100
2019-06-28 09:48:10.000000000,100124,239,100097,239,100125,235,100094,335,100135,335,100092,335,100179,100,100069,100,100199,100,100015,100,100207,100,100014,100,100271,100,99991,300,100308,100,99985,100,100372,100,99967,100,100376,100,99944,100
2019-06-28 09:48:20.000000000,100124,508,100097,508,100125,100,100094,200,100135,200,100092,200,100179,100,100069,100,100199,100,100015,100,100207,100,100014,100,100271,100,99991,300,100308,100,99985,100,100372,100,99967,100,100376,100,99944,100
2019-06-28 09:48:27.576101078,100124,408,100097,508,100125,100,100094,200,100135,200,100092,200,100179,100,100069,100,100199,100,100015,100,100207,100,100014,100,100271,100,99991,300,100308,100,99985,100,100372,100,99967,100,100376,100,99944,100
2019-06-28 09:48:28.888520818,100124,408,100117,100,100125,100,100097,508,100135,200,100094,200,100179,100,100092,200,100199,100,100069,100,100207,100,100015,100,100271,100,100014,100,100308,100,99991,200,100372,100,99985,100,100376,100,99967,100
2019-06-28 09:48:30.000000000,100125,182,100117,182,100135,282,100097,182,100179,182,100094,282,100199,182,100092,282,100207,182,100069,182,100271,100,100015,100,100308,100,100014,100,100372,100,99991,200,100376,100,99985,100,100468,100,99967,100
2019-06-28 09:48:40.000000000,100125,202,100117,202,100135,302,100097,202,100179,202,100094,302,100199,202,100092,302,100207,100,100069,100,100271,100,100015,100,100308,100,100014,100,100372,100,99991,200,100376,100,99985,100,100468,100,99967,100
2019-06-28 09:48:50.000000000,100125,182,100117,182,100135,282,100097,182,100179,182,100094,282,100199,182,100092,282,100207,182,100069,182,100271,100,100015,100,100308,100,100014,100,100372,100,99991,200,100376,100,99985,100,100468,100,99967,100
2019-06-28 09:49:00.000000000,100125,182,100117,182,100135,282,100097,182,100179,182,100094,282,100199,182,100092,282,100207,182,100069,182,100271,100,100015,100,100308,100,100014,100,100372,100,99991,200,100376,100,99985,100,100468,100,99967,100
2019-06-28 09:49:03.964242995,100125,182,100117,282,100135,282,100097,182,100179,182,100094,282,100199,182,100092,282,100207,182,100069,182,100271,100,100015,100,100308,100,99991,200,100372,100,99985,100,100376,100,99967,100,100468,100,99944,100
2019-06-28 09:49:10.000000000,100125,239,100117,339,100135,335,100097,235,100179,235,100094,335,100199,100,100092,200,100207,100,100069,100,100271,100,100015,100,100308,100,99991,200,100372,100,99985,100,100376,100,99967,100,100468,100,99944,100
2019-06-28 09:49:20.000000000,100125,182,100117,282,100135,282,100097,182,100179,182,100094,282,100199,182,100092,282,100207,182,100069,182,100271,100,100015,100,100308,100,99991,200,100372,100,99985,100,100376,100,99967,100,100468,100,99944,100
2019-06-28 09:49:22.466839643,100125,82,100117,282,100135,182,100097,182,100179,182,100094,282,100199,182,100092,282,100207,182,100069,182,100271,100,100015,100,100308,100,99991,200,100372,100,99985,100,100376,100,99967,100,100468,100,99944,100
2019-06-28 09:49:26.136589595,100135,182,100125,18,100179,182,100117,282,100199,182,100097,182,100207,182,100094,282,100271,100,100092,282,100308,100,100069,182,100372,100,100015,100,100376,100,99991,200,100468,100,99985,100,100503,100,99967,100
2019-06-28 09:49:28.491188739,100135,182,100125,118,100179,182,100117,282,100199,182,100097,182,100207,182,100094,282,100271,100,100092,282,100308,100,100069,182,100372,100,100015,100,100376,100,99991,200,100468,100,99985,100,100503,100,99967,100
2019-06-28 09:49:30.000000000,100135,508,100125,526,100179,100,100117,200,100199,100,100097,100,100207,100,100094,200,100271,100,100092,200,100308,100,100069,100,100372,100,100015,100,100376,100,99991,200,100468,100,99985,100,100503,100,99967,100
2019-06-28 09:49:33.958552590,100135,508,100125,526,100179,100,100117,200,100199,100,100097,100,100207,100,100094,200,100271,100,100092,200,100308,100,100069,100,100372,100,100015,100,100376,100,99991,200,100468,100,99985,100,100503,100,99967,100
2019-06-28 09:49:36.044564706,100135,508,100125,626,100179,100,100117,200,100199,100,100097,100,100207,100,100094,200,100271,100,100092,200,100308,100,100069,100,100372,100,100015,100,100376,100,99991,200,100468,100,99985,100,100503,100,99967,100
2019-06-28 09:49:40.000000000,100135,304,100125,422,100179,304,100117,404,100199,100,100097,100,100207,100,100094,200,100271,100,100092,200,100308,100,100069,100,100372,100,100015,100,100376,100,99991,200,100468,100,99985,100,100503,100,99967,100
2019-06-28 09:49:40.275256327,100135,304,100125,422,100179,304,100117,404,100199,100,100097,100,100207,100,100094,200,100271,100,100092,200,100308,100,100069,100,100372,100,100015,100,100376,100,99991,200,100468,100,99985,100,100503,100,99967,100
2019-06-28 09:49:40.784907987,100135,204,100125,422,100179,304,100117,404,100207,100,100097,100,100271,100,100094,200,100308,100,100092,200,100372,100,100069,100,100376,100,100015,100,100468,100,99991,200,100503,100,99985,100,100532,100,99967,100
2019-06-28 09:49:49.268868075,100135,204,100125,422,100179,304,100117,404,100207,100,100097,100,100308,100,100094,200,100372,100,100092,200,100376,100,100069,100,100468,100,100015,100,100503,100,99991,200,100532,100,99985,100,100541,100,99967,100
2019-06-28 09:49:50.000000000,100179,182,100125,300,100207,182,100117,282,100308,182,100097,182,100372,182,100094,282,100376,182,100092,282,100468,100,100069,100,100503,100,100015,100,100532,100,99991,200,100541,100,99985,100,100688,100,99967,100
2019-06-28 09:49:51.082718177,100179,182,100126,100,100207,182,100125,200,100308,182,100117,282,100372,182,100097,182,100376,182,100094,282,100468,100,100092,282,100503,100,100069,100,100532,100,100015,100,100541,100,99991,200,100688,100,99985,100
2019-06-28 09:49:57.418062379,100179,182,100126,100,100207,182,100125,200,100308,182,100117,282,100372,182,100097,182,100376,182,100094,282,100468,100,100092,282,100503,100,100069,100,100532,100,100015,100,100541,100,99991,200,100688,100,99985,100
2019-06-28 09:50:00.000000000,100179,304,100126,304,100207,304,100125,322,100308,100,100117,200,100372,100,100097,100,100376,100,100094,200,100468,100,100092,200,100503,100,100069,100,100532,100,100015,100,100541,100,99991,200,100688,100,99985,100
2019-06-28 09:50:00.316396702,100179,304,100126,304,100207,304,100125,322,100308,100,100117,200,100372,100,100094,200,100376,100,100092,200,100468,100,100069,100,100503,100,100015,100,100532,100,99991,200,100541,100,99985,100,100688,100,99967,100
2019-06-28 09:50:01.596154497,100179,304,100126,304,100207,304,100125,322,100308,100,100117,200,100372,100,100094,200,100376,100,100092,100,100468,100,100069,100,100503,100,100015,100,100532,100,99991,200,100541,100,99985,100,100688,100,99967,100
2019-06-28 09:50:10.000000000,100179,182,100126,182,100207,182,100125,200,100308,182,100117,282,100372,182,100094,282,100376,182,100092,182,100468,100,100069,100,100503,100,100015,100,100532,100,99991,200,100541,100,99985,100,100688,100,99967,100
2019-06-28 09:50:20.000000000,100179,239,100126,239,100207,235,100125,253,100308,235,100117,335,100372,100,100094,200,100376,100,100092,100,100468,100,100069,100,100503,100,100015,100,100532,100,99991,200,100541,100,99985,100,100688,100,99967,100
2019-06-28 09:50:27.642412071,100179,239,100126,239,100207,235,100125,253,100308,235,100117,335,100372,100,100094,200,100376,100,100092,100,100468,100,100069,100,100503,100,100015,100,100532,100,99991,200,100541,100,99985,100,100688,100,99967,100
2019-06-28 09:50:29.870062207,100179,239,100126,239,100207,235,100125,253,100308,235,100117,335,100372,100,100094,200,100376,100,100092,100,100468,100,100069,100,100503,100,100015,100,100532,100,99991,200,100541,100,99985,100,100688,100,99967,100
2019-06-28 09:50:30.000000000,100179,239,100126,239,100207,235,100125,253,100308,235,100117,335,100372,100,100094,200,100376,100,100092,100,100468,100,100069,100,100503,100,100015,100,100532,100,99991,200,100541,100,99985,100,100688,100,99967,100
2019-06-28 09:50:30.956925711,100179,239,100126,339,100207,235,100125,253,100308,235,100117,335,100372,100,100094,200,100376,100,100092,100,100468,100,100069,100,100503,100,100015,100,100532,100,99991,200,100541,100,99985,100,100688,100,99967,100
2019-06-28 09:50:40.000000000,100179,202,100126,302,100207,202,100125,220,100308,202,100117,302,100372,202,100094,302,100376,100,100092,100,100468,100,100069,100,100503,100,100015,100,100532,100,99991,200,100541,100,99985,100,100688,100,99967,100
2019-06-28 09:50:42.421388615,100179,202,100126,402,100207,202,100125,220,100308,202,100117,302,100372,202,100094,302,100376,100,100092,100,100468,100,100069,100,100503,100,100015,100,100532,100,99991,200,100541,100,99985,100,100688,100,99967,100
2019-06-28 09:50:49.873187262,100179,202,100126,402,100207,202,100125,220,100308,202,100117,302,100372,202,100094,302,100376,100,100092,100,100468,100,100069,100,100503,100,100015,100,100532,100,99991,200,100541,100,99985,100,100688,100,99967,100
2019-06-28 09:50:50.000000000,100179,202,100126,402,100207,202,100125,220,100308,202,100117,302,100372,202,100094,302,100376,100,100092,100,100468,100,100069,100,100503,100,100015,100,100532,100,99991,200,100541,100,99985,100,100688,100,99967,100
2019-06-28 09:50:56.569175227,100179,202,100126,402,100207,202,100125,220,100308,202,100117,302,100372,202,100094,302,100376,100,100092,100,100468,100,100015,100,100503,100,99991,200,100532,100,99985,100,100541,100,99967,100,100688,100,99944,100
2019-06-28 09:51:00.000000000,100179,508,100126,708,100207,100,100125,118,100308,100,100117,200,100372,100,100094,200,100376,100,100092,100,100468,100,100015,100,100503,100,99991,200,100532,100,99985,100,100541,100,99967,100,100688,100,99944,100
2019-06-28 09:51:10.000000000,100179,239,100126,439,100207,235,100125,253,100308,235,100117,335,100372,100,100094,200,100376,100,100092,100,100468,100,100015,100,100503,100,99991,200,100532,100,99985,100,100541,100,99967,100,100688,100,99944,100
2019-06-28 09:51:20.000000000,100179,508,100126,708,100207,100,100125,118,100308,100,100117,200,100372,100,100094,200,100376,100,100092,100,100468,100,100015,100,100503,100,99991,200,100532,100,99985,100,100541,100,99967,100,100688,100,99944,100
2019-06-28 09:51:30.000000000,100179,304,100126,504,100207,304,100125,322,100308,100,100117,200,100372,100,100094,200,100376,100,100092,100,100468,100,100015,100,100503,100,99991,200,100532,100,99985,100,100541,100,99967,100,100688,100,99944,100
2019-06-28 09:51:31.556467437,100179,304,100126,504,100207,304,100125,322,100308,100,100117,200,100372,100,100094,200,100376,100,100092,100,100468,100,100015,100,100503,100,99991,200,100532,100,99985,100,100541,100,99967,100,100688,100,99944,100
2019-06-28 09:51:32.299056195,100179,304,100126,404,100207,304,100125,322,100308,100,100117,200,100372,100,100094,200,100376,100,100092,100,100468,100,100015,100,100503,100,99991,200,100532,100,99985,100,100541,100,99967,100,100688,100,99944,100
2019-06-28 09:51:40.000000000,100179,202,100126,302,100207,202,100125,220,100308,202,100117,302,100372,202,100094,302,100376,100,100092,100,100468,100,100015,100,100503,100,99991,200,100532,100,99985,100,100541,100,99967,100,100688,100,99944,100
2019-06-28 09:51:48.941495188,100179,202,100126,302,100207,202,100125,220,100308,202,100117,302,100372,202,100094,302,100376,100,100092,100,100468,100,100015,100,100503,100,99991,200,100532,100,99985,100,100541,100,99967,100,100688,100,99944,100
2019-06-28 09:51:50.000000000,100179,239,100126,339,100207,235,100125,253,100308,235,100117,335,100372,100,100094,200,100376,100,100092,100,100468,100,100015,100,100503,100,99991,200,100532,100,99985,100,100541,100,99967,100,100688,100,99944,100
2019-06-28 09:51:58.823346844,100179,239,100126,339,100207,235,100125,253,100308,235,100117,335,100372,100,100094,200,100376,100,100092,100,100468,100,100015,100,100503,100,99991,200,100532,100,99985,100,100541,100,99967,100,100688,100,99944,100
2019-06-28 09:51:59.092913161,100179,239,100126,439,100207,235,100125,153,100308,235,100117,335,100372,100,100094,200,100376,100,100092,100,100468,100,100015,100,100503,100,99991,200,100532,100,99985,100,100541,100,99967,100,100688,100,99944,100
2019-06-28 09:52:00.000000000,100179,182,100126,382,100207,182,100125,100,100308,182,100117,282,100372,182,100094,282,100376,182,100092,182,100468,100,100015,100,100503,100,99991,200,100532,100,99985,100,100541,100,99967,100,100688,100,99944,100
2019-06-28 09:52:00.051699928,100179,182,100126,382,100207,182,100125,100,100308,182,100117,282,100372,182,100094,282,100376,182,100092,182,100468,100,100015,100,100503,100,99991,200,100541,100,99985,100,100688,100,99967,100,100787,100,99944,100
2019-06-28 09:52:09.414053493,100179,82,100126,382,100207,182,100125,100,100308,182,100117,282,100372,82,100094,282,100376,182,100092,182,100468,100,100015,100,100503,100,99991,200,100541,100,99985,100,100688,100,99967,100,100787,100,99944,100
2019-06-28 09:52:10.000000000,100207,508,100126,708,100308,100,100125,18,100376,100,100117,200,100468,100,100094,200,100503,100,100092,100,100541,100,100015,100,100688,100,99991,200,100787,100,99985,100,100840,100,99967,100,100949,100,99944,100
2019-06-28 09:52:20.000000000,100207,508,100126,708,100308,100,100125,18,100376,100,100117,200,100468,100,100094,200,100503,100,100092,100,100541,100,100015,100,100688,100,99991,200,100787,100,99985,100,100840,100,99967,100,100949,100,99944,100
2019-06-28 09:52:30.000000000,100207,508,100126,708,100308,100,100125,18,100376,100,100117,200,100468,100,100094,200,100503,100,100092,100,100541,100,100015,100,100688,100,99991,200,100787,100,99985,100,100840,100,99967,100,100949,100,99944,100
2019-06-28 09:52:36.653986311,100207,508,100126,708,100308,100,100125,18,100376,100,100117,200,100468,100,100094,200,100503,100,100092,100,100663,100,100015,100,100688,100,99991,200,100787,100,99985,100,100840,100,99967,100,100949,100,99944,100
2019-06-28 09:52:40.000000000,100207,304,100126,504,100308,304,100125,222,100376,100,100117,200,100468,100,100094,200,100503,100,100092,100,100663,100,100015,100,100688,100,99991,200,100787,100,99985,100,100840,100,99967,100,100949,100,99944,100
2019-06-28 09:52:50.000000000,100207,508,100126,708,100308,100,100125,18,100376,100,100117,200,100468,100,100094,200,100503,100,100092,100,100663,100,100015,100,100688,100,99991,200,100787,100,99985,100,100840,100,99967,100,100949,100,99944,100
2019-06-28 09:53:00.000000000,100207,508,100126,708,100308,100,100125,18,100376,100,100117,200,100468,100,100094,200,100503,100,100092,100,100663,100,100015,100,100688,100,99991,200,100787,100,99985,100,100840,100,99967,100,100949,100,99944,100
2019-06-28 09:53:10.000000000,100207,508,100126,708,100308,100,100125,18,100376,100,100117,200,100468,100,100094,200,100503,100,100092,100,100663,100,100015,100,100688,100,99991,200,100787,100,99985,100,100840,100,99967,100,100949,100,99944,100
2019-06-28 09:53:14.523378751,100207,508,100126,708,100308,100,100125,18,100376,100,100117,200,100468,100,100094,200,100503,100,100092,100,100637,100,100015,100,100663,100,99991,200,100688,100,99985,100,100787,100,99967,100,100840,100,99944,100
2019-06-28 09:53:20.000000000,100207,304,100126,504,100308,304,100125,222,100376,100,100117,200,100468,100,100094,200,100503,100,100092,100,100637,100,100015,100,100663,100,99991,200,100688,100,99985,100,100787,100,99967,100,100840,100,99944,100
2019-06-28 09:53:30.000000000,100207,202,100126,402,100308,202,100125,120,100376,202,100117,302,100468,202,100094,302,100503,100,100092,100,100637,100,100015,100,100663,100,99991,200,100688,100,99985,100,100787,100,99967,100,100840,100,99944,100
2019-06-28 09:53:40.000000000,100207,202,100126,402,100308,202,100125,120,100376,202,100117,302,100468,202,100094,302,100503,100,100092,100,100637,100,100015,100,100663,100,99991,200,100688,100,99985,100,100787,100,99967,100,100840,100,99944,100
2019-06-28 09:53:45.699127288,100207,202,100126,402,100308,202,100125,120,100376,202,100117,302,100468,202,100094,202,100503,100,100092,100,100637,100,100015,100,100663,100,99991,200,100688,100,99985,100,100787,100,99967,100,100840,100,99944,100
2019-06-28 09:53:50.000000000,100207,182,100126,382,100308,182,100125,100,100376,182,100117,282,100468,182,100094,182,100503,182,100092,182,100637,100,100015,100,100663,100,99991,200,100688,100,99985,100,100787,100,99967,100,100840,100,99944,100
2019-06-28 09:53:59.593501144,100207,182,100135,100,100308,182,100126,382,100376,182,100125,100,100468,182,100117,282,100503,182,100094,182,100637,100,100092,182,100663,100,100015,100,100688,100,99991,200,100787,100,99985,100,100840,100,99967,100
2019-06-28 09:54:00.000000000,100207,239,100135,239,100308,235,100126,435,100376,235,100125,153,100468,100,100117,200,100503,100,100094,100,100637,100,100092,100,100663,100,100015,100,100688,100,99991,200,100787,100,99985,100,100840,100,99967,100
2019-06-28 09:54:10.000000000,100207,202,100135,202,100308,202,100126,402,100376,202,100125,120,100468,202,100117,302,100503,100,100094,100,100637,100,100092,100,100663,100,100015,100,100688,100,99991,200,100787,100,99985,100,100840,100,99967,100
2019-06-28 09:54:12.226707764,100207,102,100135,202,100308,202,100126,402,100376,202,100125,120,100468,202,100117,302,100503,100,100094,100,100637,100,100092,100,100663,100,100015,100,100688,100,99991,200,100787,100,99985,100,100840,100,99967,100
2019-06-28 09:54:15.510540266,100207,102,100135,202,100308,202,100126,402,100376,202,100125,120,100468,202,100117,302,100503,100,100094,100,100544,100,100092,100,100637,100,100015,100,100663,100,99991,200,100688,100,99985,100,100787,100,99967,100
2019-06-28 09:54:20.000000000,100308,182,100135,182,100376,182,100126,382,100468,182,100125,100,100503,182,100117,282,100544,182,100094,182,100637,100,100092,100,100663,100,100015,100,100688,100,99991,200,100787,100,99985,100,100840,100,99967,100
2019-06-28 09:54:20.058798361,100308,182,100135,182,100376,182,100126,382,100468,182,100125,100,100503,182,100117,282,100544,182,100094,182,100637,100,100092,100,100663,100,100015,100,100688,100,99991,200,100787,100,99985,100,100840,100,99967,100
2019-06-28 09:54:21.815544264,100308,182,100179,100,100376,182,100135,182,100468,182,100126,382,100503,182,100125,100,100544,182,100117,282,100637,100,100094,182,100663,100,100092,100,100688,100,100015,100,100787,100,99991,200,100840,100,99985,100
2019-06-28 09:54:30.000000000,100308,304,100179,304,100376,304,100135,304,100468,100,100126,300,100503,100,100125,18,100544,100,100117,200,100637,100,100094,100,100663,100,100092,100,100688,100,100015,100,100787,100,99991,200,100840,100,99985,100
2019-06-28 09:54:40.000000000,100308,182,100179,182,100376,182,100135,182,100468,182,100126,382,100503,182,100125,100,100544,182,100117,282,100637,100,100094,100,100663,100,100092,100,100688,100,100015,100,100787,100,99991,200,100840,100,99985,100
2019-06-28 09:54:50.000000000,100308,182,100179,182,100376,182,100135,182,100468,182,100126,382,100503,182,100125,100,100544,182,100117,282,100637,100,100094,100,100663,100,100092,100,100688,100,100015,100,100787,100,99991,200,100840,100,99985,100
2019-06-28 09:55:00.000000000,100308,182,100179,182,100376,182,100135,182,100468,182,100126,382,100503,182,100125,100,100544,182,100117,282,100637,100,100094,100,100663,100,100092,100,100688,100,100015,100,100787,100,99991,200,100840,100,99985,100
2019-06-28 09:55:01.433998407,100308,182,100179,282,100376,182,100135,182,100468,182,100126,382,100503,182,100125,100,100544,182,100117,282,100637,100,100094,100,100663,100,100092,100,100688,100,100015,100,100787,100,99991,100,100840,100,99985,100
2019-06-28 09:55:10.000000000,100308,508,100179,608,100376,100,100135,100,100468,100,100126,300,100503,100,100125,18,100544,100,100117,200,100637,100,100094,100,100663,100,100092,100,100688,100,100015,100,100787,100,99991,100,100840,100,99985,100
2019-06-28 09:55:19.899932387,100308,508,100179,708,100376,100,100135,100,100468,100,100126,300,100503,100,100125,18,100544,100,100117,200,100637,100,100094,100,100663,100,100092,100,100688,100,100015,100,100787,100,99991,100,100840,100,99985,100
2019-06-28 09:55:20.000000000,100308,202,100179,402,100376,202,100135,202,100468,202,100126,402,100503,202,100125,120,100544,100,100117,200,100637,100,100094,100,100663,100,100092,100,100688,100,100015,100,100787,100,99991,100,100840,100,99985,100
2019-06-28 09:55:30.000000000,100308,239,100179,439,100376,235,100135,235,100468,235,100126,435,100503,100,100125,18,100544,100,100117,200,100637,100,100094,100,100663,100,100092,100,100688,100,100015,100,100787,100,99991,100,100840,100,99985,100
2019-06-28 09:55:40.000000000,100308,202,100179,402,100376,202,100135,202,100468,202,100126,402,100503,202,100125,120,100544,100,100117,200,100637,100,100094,100,100663,100,100092,100,100688,100,100015,100,100787,100,99991,100,100840,100,99985,100
2019-06-28 09:55:50.000000000,100308,239,100179,439,100376,235,100135,235,100468,235,100126,435,100503,100,100125,18,100544,100,100117,200,100637,100,100094,100,100663,100,100092,100,100688,100,100015,100,100787,100,99991,100,100840,100,99985,100
2019-06-28 09:56:00.000000000,100308,239,100179,439,100376,235,100135,235,100468,235,100126,435,100503,100,100125,18,100544,100,100117,200,100637,100,100094,100,100663,100,100092,100,100688,100,100015,100,100787,100,99991,100,100840,100,99985,100
2019-06-28 09:56:05.561151590,100308,239,100179,439,100376,235,100135,235,100468,235,100126,435,100503,100,100117,200,100544,100,100094,100,100637,100,100092,200,100663,100,100015,100,100688,100,99991,100,100787,100,99985,100,100840,100,99967,100
2019-06-28 09:56:10.000000000,100308,202,100179,402,100376,202,100135,202,100468,202,100126,402,100503,202,100117,302,100544,100,100094,100,100637,100,100092,200,100663,100,100015,100,100688,100,99991,100,100787,100,99985,100,100840,100,99967,100
2019-06-28 09:56:20.000000000,100308,182,100179,382,100376,182,100135,182,100468,182,100126,382,100503,182,100117,282,100544,182,100094,182,100637,100,100092,200,100663,100,100015,100,100688,100,99991,100,100787,100,99985,100,100840,100,99967,100
2019-06-28 09:56:23.694273624,100308,182,100179,282,100376,182,100135,182,100468,182,100126,382,100503,182,100117,282,100544,182,100094,182,100637,100,100092,200,100663,100,100015,100,100688,100,99991,100,100787,100,99985,100,100840,100,99967,100
2019-06-28 09:56:30.000000000,100308,304,100179,404,100376,304,100135,304,100468,100,100126,300,100503,100,100117,200,100544,100,100094,100,100637,100,100092,200,100663,100,100015,100,100688,100,99991,100,100787,100,99985,100,100840,100,99967,100
2019-06-28 09:56:34.962764598,100308,304,100179,304,100376,304,100135,304,100468,100,100126,300,100503,100,100117,200,100637,100,100094,100,100663,100,100092,200,100688,100,100015,100,100787,100,99991,100,100840,100,99985,100,100921,100,99967,100
2019-06-28 09:56:40.000000000,100308,508,100179,508,100376,100,100135,100,100468,100,100126,300,100503,100,100117,200,100637,100,100094,100,100663,100,100092,200,100688,100,100015,100,100787,100,99991,100,100840,100,99985,100,100921,100,99967,100
2019-06-28 09:56:44.636509230,100206,100,100179,508,100308,508,100135,100,100376,100,100126,300,100468,100,100117,200,100503,100,100094,100,100637,100,100092,100,100663,100,100015,100,100688,100,99991,100,100787,100,99985,100,100840,100,99967,100
2019-06-28 09:56:50.000000000,100206,202,100179,202,100308,202,100135,202,100376,202,100126,402,100468,202,100117,302,100503,100,100094,100,100637,100,100092,100,100663,100,100015,100,100688,100,99991,100,100787,100,99985,100,100840,100,99967,100
2019-06-28 09:56:50.591137208,100206,202,100179,102,100308,202,100135,202,100376,202,100126,402,100468,202,100117,302,100503,100,100094,100,100637,100,100092,100,100663,100,100015,100,100688,100,99991,100,100787,100,99985,100,100840,100,99967,100
2019-06-28 09:56:58.533466705,100206,202,100179,2,100308,202,100135,202,100376,202,100126,402,100468,202,100117,302,100503,100,100094,100,100637,100,100092,100,100663,100,100015,100,100688,100,99991,100,100787,100,99985,100,100840,100,99967,100
2019-06-28 09:57:00.000000000,100206,202,100135,202,100308,202,100126,402,100376,202,100117,302,100468,202,100094,202,100503,100,100092,100,100637,100,100015,100,100663,100,99991,100,100688,100,99985,100,100787,100,99967,100,100840,100,99917,100
2019-06-28 09:57:03.718667392,100206,202,100135,202,100308,202,100126,402,100312,100,100117,302,100376,202,100094,202,100468,202,100092,100,100503,100,100015,100,100637,100,99991,100,100663,100,99985,100,100688,100,99967,100,100787,100,99917,100
2019-06-28 09:57:05.654559266,100206,202,100135,202,100308,202,100126,402,100312,100,100117,202,100376,202,100094,202,100468,202,100092,100,100503,100,100015,100,100637,100,99991,100,100663,100,99985,100,100688,100,99967,100,100787,100,99917,100
2019-06-28 09:57:10.000000000,100206,508,100135,508,100308,100,100126,300,100312,100,100117,100,100376,100,100094,100,100468,100,100092,100,100503,100,100015,100,100637,100,99991,100,100663,100,99985,100,100688,100,99967,100,100787,100,99917,100
2019-06-28 09:57:18.401928701,100206,508,100135,508,100308,100,100126,300,100312,100,100117,100,100376,100,100094,100,100438,100,100092,100,100468,100,100015,100,100503,100,99991,100,100637,100,99985,100,100663,100,99967,100,100688,100,99917,100
2019-06-28 09:57:20.000000000,100206,304,100135,304,100308,304,100126,504,100312,100,100117,100,100376,100,100094,100,100438,100,100092,100,100468,100,100015,100,100503,100,99991,100,100637,100,99985,100,100663,100,99967,100,100688,100,99917,100
2019-06-28 09:57:26.752338840,100206,304,100180,100,100308,304,100135,304,100312,100,100126,504,100376,100,100117,100,100438,100,100094,100,100468,100,100092,100,100503,100,100015,100,100637,100,99991,100,100663,100,99985,100,100688,100,99967,100
2019-06-28 09:57:30.000000000,100206,182,100180,182,100308,182,100135,182,100312,182,100126,382,100376,182,100117,182,100438,182,100094,182,100468,100,100092,100,100503,100,100015,100,100637,100,99991,100,100663,100,99985,100,100688,100,99967,100
2019-06-28 09:57:40.000000000,100206,304,100180,304,100308,304,100135,304,100312,100,100126,300,100376,100,100117,100,100438,100,100094,100,100468,100,100092,100,100503,100,100015,100,100637,100,99991,100,100663,100,99985,100,100688,100,99967,100
2019-06-28 09:57:50.000000000,100206,182,100180,182,100308,182,100135,182,100312,182,100126,382,100376,182,100117,182,100438,182,100094,182,100468,100,100092,100,100503,100,100015,100,100637,100,99991,100,100663,100,99985,100,100688,100,99967,100
2019-06-28 09:58:00.000000000,100206,239,100180,239,100308,235,100135,235,100312,235,100126,435,100376,100,100117,100,100438,100,100094,100,100468,100,100092,100,100503,100,100015,100,100637,100,99991,100,100663,100,99985,100,100688,100,99967,100
2019-06-28 09:58:05.842663634,100206,239,100180,139,100308,235,100135,235,100312,235,100126,435,100376,100,100117,100,100438,100,100094,100,100468,100,100092,100,100503,100,100015,100,100637,100,99991,100,100663,100,99985,100,100688,100,99967,100
2019-06-28 09:58:10.000000000,100206,202,100135,202,100308,202,100126,402,100312,202,100117,202,100376,202,100094,202,100438,100,100092,100,100468,100,100015,100,100503,100,99991,100,100637,100,99985,100,100663,100,99967,100,100688,100,99917,100
2019-06-28 09:58:13.656046228,100206,202,100135,202,100308,202,100126,402,100312,202,100117,202,100376,202,100094,202,100438,100,100092,100,100468,100,100052,100,100503,100,100015,100,100637,100,99991,100,100663,100,99985,100,100688,100,99967,100
2019-06-28 09:58:20.000000000,100206,182,100135,182,100308,182,100126,382,100312,182,100117,182,100376,182,100094,182,100438,182,100092,182,100468,100,100052,100,100503,100,100015,100,100637,100,99991,100,100663,100,99985,100,100688,100,99967,100
2019-06-28 09:58:23.495302875,100206,182,100135,182,100308,182,100126,382,100312,182,100117,182,100333,100,100094,182,100376,182,100092,182,100438,182,100052,100,100468,100,100015,100,100503,100,99991,100,100637,100,99985,100,100663,100,99967,100
2019-06-28 09:58:30.000000000,100206,182,100135,182,100308,182,100126,382,100312,182,100117,182,100333,182,100094,182,100376,182,100092,182,100438,100,100052,100,100468,100,100015,100,100503,100,99991,100,100637,100,99985,100,100663,100,99967,100
2019-06-28 09:58:33.048777578,100206,182,100135,182,100308,182,100126,382,100312,182,100117,182,100333,182,100094,182,100376,182,100092,182,100438,100,100052,100,100468,100,100015,100,100470,100,99991,100,100503,100,99985,100,100637,100,99967,100
2019-06-28 09:58:40.000000000,100206,304,100135,304,100308,304,100126,504,100312,100,100117,100,100333,100,100094,100,100376,100,100092,100,100438,100,100052,100,100468,100,100015,100,100470,100,99991,100,100503,100,99985,100,100637,100,99967,100
2019-06-28 09:58:48.671302830,100206,304,100135,204,100308,304,100126,504,100312,100,100117,100,100333,100,100094,100,100376,100,100092,100,100438,100,100052,100,100468,100,100015,100,100470,100,99991,100,100503,100,99985,100,100637,100,99967,100
2019-06-28 09:58:50.000000000,100206,304,100126,504,100308,304,100117,304,100312,100,100094,100,100333,100,100092,100,100376,100,100052,100,100438,100,100015,100,100468,100,99991,100,100470,100,99985,100,100503,100,99967,100,100637,100,99917,100
2019-06-28 09:58:50.449574743,100206,304,100126,404,100308,304,100117,304,100312,100,100094,100,100333,100,100092,100,100376,100,100052,100,100438,100,100015,100,100468,100,99991,100,100470,100,99985,100,100503,100,99967,100,100637,100,99917,100
2019-06-28 09:58:52.376850441,100206,304,100126,304,100308,304,100117,304,100312,100,100094,100,100333,100,100092,100,100376,100,100052,100,100438,100,100015,100,100468,100,99991,100,100470,100,99985,100,100503,100,99967,100,100637,100,99917,100
2019-06-28 09:58:54.676189737,100206,304,100126,304,100308,304,100117,304,100312,100,100094,100,100333,100,100092,100,100376,100,100052,100,100438,100,100015,100,100468,100,99991,100,100470,100,99985,100,100503,100,99967,100,100637,100,99924,100
2019-06-28 09:59:00.000000000,100206,508,100126,508,100308,100,100117,100,100312,100,100094,100,100333,100,100092,100,100376,100,100052,100,100438,100,100015,100,100468,100,99991,100,100470,100,99985,100,100503,100,99967,100,100637,100,99924,100
2019-06-28 09:59:10.000000000,100206,508,100126,508,100308,100,100117,100,100312,100,100094,100,100333,100,100092,100,100376,100,100052,100,100438,100,100015,100,100468,100,99991,100,100470,100,99985,100,100503,100,99967,100,100637,100,99924,100
2019-06-28 09:59:15.888836582,100206,508,100126,408,100308,100,100117,100,100312,100,100094,100,100333,100,100092,100,100376,100,100052,100,100438,100,100015,100,100468,100,99991,100,100470,100,99985,100,100503,100,99967,100,100637,100,99924,100
2019-06-28 09:59:20.000000000,100206,202,100117,202,100308,202,100094,202,100312,202,100092,202,100333,202,100052,202,100376,100,100015,100,100438,100,99991,100,100468,100,99985,100,100470,100,99967,100,100503,100,99924,100,100637,100,99917,100
2019-06-28 09:59:28.657338284,100206,202,100117,102,100308,202,100094,202,100312,202,100092,202,100333,202,100052,202,100376,100,100015,100,100438,100,99991,100,100468,100,99985,100,100470,100,99967,100,100503,100,99924,100,100637,100,99917,100
2019-06-28 09:59:30.000000000,100206,304,100094,304,100308,304,100092,304,100312,100,100052,100,100333,100,100015,100,100376,100,99991,100,100438,100,99985,100,100468,100,99967,100,100470,100,99924,100,100503,100,99917,100,100637,100,99911,100
2019-06-28 09:59:31.623862602,100206,204,100094,304,100308,304,100092,304,100312,100,100052,100,100333,100,100015,100,100376,100,99991,100,100438,100,99985,100,100468,100,99967,100,100470,100,99924,100,100503,100,99917,100,100637,100,99911,100
2019-06-28 09:59:32.373336901,100206,204,100094,304,100308,304,100092,304,100312,100,100052,100,100333,100,100015,100,100376,100,99991,100,100438,100,99985,100,100468,100,99924,100,100470,100,99917,100,100503,100,99911,100,100637,100,99441,100
2019-06-28 09:59:40.000000000,100308,202,100094,202,100312,202,100092,202,100333,202,100052,202,100376,202,100015,202,100438,100,99991,100,100468,100,99985,100,100470,100,99924,100,100503,100,99917,100,100637,100,99911,100,100688,100,99441,100
2019-06-28 09:59:50.000000000,100308,239,100094,239,100312,235,100092,235,100333,235,100052,235,100376,100,100015,100,100438,100,99991,100,100468,100,99985,100,100470,100,99924,100,100503,100,99917,100,100637,100,99911,100,100688,100,99441,100
2019-06-28 10:00:00.000000000,100308,202,100094,202,100312,202,100092,202,100333,202,100052,202,100376,202,100015,202,100438,100,99991,100,100468,100,99985,100,100470,100,99924,100,100503,100,99917,100,100637,100,99911,100,100688,100,99441,100
2019-06-28 10:00:10.000000000,100308,202,100094,202,100312,202,100092,202,100333,202,100052,202,100376,202,100015,202,100438,100,99991,100,100468,100,99985,100,100470,100,99924,100,100503,100,99917,100,100637,100,99911,100,100688,100,99441,100
2019-06-28 10:00:12.216424637,100126,100,100094,202,100308,202,100092,202,100312,202,100052,202,100333,202,100015,202,100376,202,99991,100,100438,100,99985,100,100468,100,99924,100,100470,100,99917,100,100503,100,99911,100,100637,100,99441,100
2019-06-28 10:00:20.000000000,100126,508,100094,508,100308,100,100092,100,100312,100,100052,100,100333,100,100015,100,100376,100,99991,100,100438,100,99985,100,100468,100,99924,100,100470,100,99917,100,100503,100,99911,100,100637,100,99441,100
2019-06-28 10:00:29.667697305,100126,608,100094,508,100308,100,100092,100,100312,100,100052,100,100333,100,100015,100,100376,100,99991,100,100438,100,99985,100,100468,100,99924,100,100470,100,99917,100,100503,100,99911,100,100637,100,99441,100
2019-06-28 10:00:30.000000000,100126,282,100094,182,100308,182,100092,182,100312,182,100052,182,100333,182,100015,182,100376,182,99991,182,100438,100,99985,100,100468,100,99924,100,100470,100,99917,100,100503,100,99911,100,100637,100,99441,100
2019-06-28 10:00:40.000000000,100126,339,100094,239,100308,235,100092,235,100312,235,100052,235,100333,100,100015,100,100376,100,99991,100,100438,100,99985,100,100468,100,99924,100,100470,100,99917,100,100503,100,99911,100,100637,100,99441,100
2019-06-28 10:00:45.972585165,100126,339,100094,239,100308,235,100092,235,100312,235,100052,235,100333,100,100015,100,100376,100,99991,100,100438,100,99985,100,100468,100,99924,100,100470,100,99917,100,100503,100,99911,100,100637,100,99441,100
2019-06-28 10:00:49.015889935,100126,339,100094,139,100308,235,100092,235,100312,235,100052,235,100333,100,100015,100,100376,100,99991,100,100438,100,99985,100,100468,100,99924,100,100470,100,99917,100,100503,100,99911,100,100637,100,99441,100
2019-06-28 10:00:50.000000000,100126,339,100092,239,100308,235,100052,235,100312,235,100015,235,100333,100,99991,100,100376,100,99985,100,100438,100,99924,100,100468,100,99917,100,100470,100,99911,100,100503,100,99441,100,100637,100,99210,100
2019-06-28 10:00:52.683428626,100126,339,100092,239,100308,235,100052,235,100312,235,100015,235,100333,100,99991,100,100376,100,99985,100,100438,100,99924,100,100468,100,99917,100,100470,100,99911,100,100503,100,99441,100,100637,100,99032,100
2019-06-28 10:01:00.000000000,100126,302,100092,202,100308,202,100052,202,100312,202,100015,202,100333,202,99991,202,100376,100,99985,100,100438,100,99924,100,100468,100,99917,100,100470,100,99911,100,100503,100,99441,100,100637,100,99032,100
2019-06-28 10:01:10.000000000,100126,339,100092,239,100308,235,100052,235,100312,235,100015,235,100333,100,99991,100,100376,100,99985,100,100438,100,99924,100,100468,100,99917,100,100470,100,99911,100,100503,100,99441,100,100637,100,99032,100
2019-06-28 10:01:20.000000000,100126,608,100092,508,100308,100,100052,100,100312,100,100015,100,100333,100,99991,100,100376,100,99985,100,100438,100,99924,100,100468,100,99917,100,100470,100,99911,100,100503,100,99441,100,100637,100,99032,100
2019-06-28 10:01:26.214050343,100126,608,100092,408,100308,100,100052,100,100312,100,100015,100,100333,100,99991,100,100376,100,99985,100,100438,100,99924,100,100468,100,99917,100,100470,100,99911,100,100503,100,99441,100,100637,100,99032,100
2019-06-28 10:01:29.688241075,100126,608,100092,408,100308,100,100052,100,100312,100,100015,100,100333,100,99991,100,100376,100,99985,100,100438,100,99924,100,100468,100,99917,100,100470,100,99911,100,100503,100,99441,100,100637,100,99034,100
2019-06-28 10:01:30.000000000,100126,282,100052,182,100308,182,100015,182,100312,182,99991,182,100333,182,99985,182,100376,182,99924,182,100438,100,99917,100,100468,100,99911,100,100470,100,99441,100,100503,100,99034,100,100637,100,99032,100
2019-06-28 10:01:35.303665361,100126,282,100052,182,100308,182,100015,182,100312,182,99991,182,100333,82,99985,182,100376,182,99924,182,100438,100,99917,100,100468,100,99911,100,100470,100,99441,100,100503,100,99115,100,100637,100,99034,100
2019-06-28 10:01:40.000000000,100126,404,100052,304,100308,304,100015,304,100312,100,99991,100,100376,100,99985,100,100438,100,99924,100,100468,100,99917,100,100470,100,99911,100,100503,100,99441,100,100637,100,99115,100,100688,100,99034,100
2019-06-28 10:01:44.233697755,100126,404,100052,204,100308,304,100015,304,100312,100,99991,100,100376,100,99985,100,100438,100,99924,100,100468,100,99917,100,100470,100,99911,100,100503,100,99441,100,100637,100,99115,100,100688,100,99034,100
2019-06-28 10:01:50.000000000,100126,608,100015,508,100308,100,99991,100,100312,100,99985,100,100376,100,99924,100,100438,100,99917,100,100468,100,99911,100,100470,100,99441,100,100503,100,99115,100,100637,100,99034,100,100688,100,99032,100
2019-06-28 10:01:53.199916938,100126,608,100015,408,100308,100,99991,100,100312,100,99985,100,100376,100,99924,100,100438,100,99917,100,100468,100,99911,100,100470,100,99441,100,100503,100,99115,100,100637,100,99034,100,100840,100,99032,100
2019-06-28 10:02:00.000000000,100126,608,99991,508,100308,100,99985,100,100312,100,99924,100,100376,100,99917,100,100438,100,99911,100,100468,100,99441,100,100470,100,99115,100,100503,100,99034,100,100637,100,99032,100,100840,100,,
2019-06-28 10:02:10.000000000,100126,404,99991,304,100308,304,99985,304,100312,100,99924,100,100376,100,99917,100,100438,100,99911,100,100468,100,99441,100,100470,100,99115,100,100503,100,99034,100,100637,100,99032,100,100840,100,,
2019-06-28 10:02:20.000000000,100126,282,99991,182,100308,182,99985,182,100312,182,99924,182,100376,182,99917,182,100438,182,99911,182,100468,100,99441,100,100470,100,99115,100,100503,100,99034,100,100637,100,99032,100,100840,100,,
2019-06-28 10:02:30.000000000,100126,302,99991,202,100308,202,99985,202,100312,202,99924,202,100376,202,99917,202,100438,100,99911,100,100468,100,99441,100,100470,100,99115,100,100503,100,99034,100,100637,100,99032,100,100840,100,,
2019-06-28 10:02:40.000000000,100126,404,99991,304,100308,304,99985,304,100312,100,99924,100,100376,100,99917,100,100438,100,99911,100,100468,100,99441,100,100470,100,99115,100,100503,100,99034,100,100637,100,99032,100,100840,100,,
2019-06-28 10:02:46.036395169,100126,404,99991,204,100308,304,99985,304,100312,100,99924,100,100376,100,99917,100,100438,100,99911,100,100468,100,99441,100,100470,100,99115,100,100503,100,99034,100,100637,100,99032,100,100840,100,,
2019-06-28 10:02:50.000000000,100126,302,99985,202,100308,202,99924,202,100312,202,99917,202,100376,202,99911,202,100438,100,99441,100,100468,100,99115,100,100470,100,99034,100,100503,100,99032,100,100637,100,,,100840,100,,
2019-06-28 10:02:51.336772412,100126,302,99985,202,100308,202,99924,202,100312,202,99917,202,100376,202,99911,202,100438,100,99441,100,100468,100,99115,100,100470,100,99034,100,100503,100,99032,100,100637,100,97851,100,100840,100,,
2019-06-28 10:03:00.000000000,100126,608,99985,508,100308,100,99924,100,100312,100,99917,100,100376,100,99911,100,100438,100,99441,100,100468,100,99115,100,100470,100,99034,100,100503,100,99032,100,100637,100,97851,100,100840,100,,
2019-06-28 10:03:03.148893054,100126,608,99985,408,100308,100,99924,100,100312,100,99917,100,100376,100,99911,100,100438,100,99441,100,100468,100,99115,100,100470,100,99034,100,100503,100,99032,100,100637,100,97851,100,100840,100,,
2019-06-28 10:03:10.000000000,100126,608,99924,508,100308,100,99917,100,100312,100,99911,100,100376,100,99441,100,100438,100,99115,100,100468,100,99034,100,100470,100,99032,100,100503,100,97851,100,100637,100,,,100840,100,,
2019-06-28 10:03:20.000000000,100126,339,99924,239,100308,235,99917,235,100312,235,99911,235,100376,100,99441,100,100438,100,99115,100,100468,100,99034,100,100470,100,99032,100,100503,100,97851,100,100637,100,,,100840,100,,
2019-06-28 10:03:30.000000000,100126,302,99924,202,100308,202,99917,202,100312,202,99911,202,100376,202,99441,202,100438,100,99115,100,100468,100,99034,100,100470,100,99032,100,100503,100,97851,100,100637,100,,,100840,100,,
2019-06-28 10:03:40.000000000,100126,339,99924,239,100308,235,99917,235,100312,235,99911,235,100376,100,99441,100,100438,100,99115,100,100468,100,99034,100,100470,100,99032,100,100503,100,97851,100,100637,100,,,100840,100,,
2019-06-28 10:03:50.000000000,100126,404,99924,304,100308,304,99917,304,100312,100,99911,100,100376,100,99441,100,100438,100,99115,100,100468,100,99034,100,100470,100,99032,100,100503,100,97851,100,100637,100,,,100840,100,,
2019-06-28 10:04:00.000000000,100126,404,99924,304,100308,304,99917,304,100312,100,99911,100,100376,100,99441,100,100438,100,99115,100,100468,100,99034,100,100470,100,99032,100,100503,100,97851,100,100637,100,,,100840,100,,
2019-06-28 10:04:09.013312922,100126,404,99924,204,100308,304,99917,304,100312,100,99911,100,100376,100,99441,100,100438,100,99115,100,100468,100,99034,100,100470,100,99032,100,100503,100,97851,100,100637,100,,,100840,100,,
2019-06-28 10:04:10.000000000,100126,339,99917,239,100308,235,99911,235,100312,235,99441,235,100376,100,99115,100,100438,100,99034,100,100468,100,99032,100,100470,100,97851,100,100503,100,,,100637,100,,,100840,100,,
2019-06-28 10:04:20.000000000,100126,608,99917,508,100308,100,99911,100,100312,100,99441,100,100376,100,99115,100,100438,100,99034,100,100468,100,99032,100,100470,100,97851,100,100503,100,,,100637,100,,,100840,100,,
2019-06-28 10:04:21.294265583,100126,608,99917,508,100308,100,99911,100,100312,100,99441,100,100376,100,99115,100,100438,100,99034,100,100468,100,99032,100,100470,100,98093,100,100503,100,97851,100,100637,100,,,100840,100,,
2019-06-28 10:04:22.420396456,99985,100,99917,508,100126,608,99911,100,100308,100,99441,100,100312,100,99115,100,100376,100,99034,100,100438,100,99032,100,100468,100,98093,100,100470,100,97851,100,100503,100,,,100637,100,,
2019-06-28 10:04:30.000000000,99985,239,99917,239,100126,335,99911,235,100308,235,99441,235,100312,100,99115,100,100376,100,99034,100,100438,100,99032,100,100468,100,98093,100,100470,100,97851,100,100503,100,,,100637,100,,
2019-06-28 10:04:40.000000000,99985,508,99917,508,100126,200,99911,100,100308,100,99441,100,100312,100,99115,100,100376,100,99034,100,100438,100,99032,100,100468,100,98093,100,100470,100,97851,100,100503,100,,,100637,100,,
2019-06-28 10:04:50.000000000,99985,304,99917,304,100126,404,99911,304,100308,100,99441,100,100312,100,99115,100,100376,100,99034,100,100438,100,99032,100,100468,100,98093,100,100470,100,97851,100,100503,100,,,100637,100,,
2019-06-28 10:04:57.683732173,99985,304,99917,204,100126,404,99911,304,100308,100,99441,100,100312,100,99115,100,100376,100,99034,100,100438,100,99032,100,100468,100,98093,100,100470,100,97851,100,100503,100,,,100637,100,,
2019-06-28 10:04:58.618248519,99985,304,99917,204,100126,404,99911,304,100308,100,99441,100,100312,100,99115,100,100376,100,99034,100,100438,100,99032,100,100468,100,98683,100,100470,100,98093,100,100503,100,97851,100,100637,100,,
2019-06-28 10:05:00.000000000,99985,239,99911,239,100126,335,99441,235,100308,235,99115,235,100312,100,99034,100,100376,100,99032,100,100438,100,98683,100,100468,100,98093,100,100470,100,97851,100,100503,100,,,100637,100,,
2019-06-28 10:05:04.785450929,99985,239,99911,239,100126,335,99441,235,100308,235,99115,235,100312,100,99034,100,100376,100,99032,100,100438,100,98683,100,100468,100,98646,100,100470,100,98093,100,100503,100,97851,100,100637,100,,
2019-06-28 10:05:10.000000000,99985,202,99911,202,100126,302,99441,202,100308,202,99115,202,100312,202,99034,202,100376,100,99032,100,100438,100,98683,100,100468,100,98646,100,100470,100,98093,100,100503,100,97851,100,100637,100,,
2019-06-28 10:05:20.000000000,99985,182,99911,182,100126,282,99441,182,100308,182,99115,182,100312,182,99034,182,100376,182,99032,182,100438,100,98683,100,100468,100,98646,100,100470,100,98093,100,100503,100,97851,100,100637,100,,
2019-06-28 10:05:30.000000000,99985,202,99911,202,100126,302,99441,202,100308,202,99115,202,100312,202,99034,202,100376,100,99032,100,100438,100,98683,100,100468,100,98646,100,100470,100,98093,100,100503,100,97851,100,100637,100,,
