,ask_price_1,ask_size_1,bid_price_1,bid_size_1,ask_price_2,ask_size_2,bid_price_2,bid_size_2,ask_price_3,ask_size_3,bid_price_3,bid_size_3,ask_price_4,ask_size_4,bid_price_4,bid_size_4,ask_price_5,ask_size_5,bid_price_5,bid_size_5,ask_price_6,ask_size_6,bid_price_6,bid_size_6,ask_price_7,ask_size_7,bid_price_7,bid_size_7,ask_price_8,ask_size_8,bid_price_8,bid_size_8,ask_price_9,ask_size_9,bid_price_9,bid_size_9,ask_price_10,ask_size_10,bid_price_10,bid_size_10
2019-06-28 09:30:00.000000000,,,99928,100,,,99850,100,,,,,,,,,,,,,,,,,,,,,,,,,,,,,,,,
2019-06-28 09:30:00.000000001,,,99928,100,,,99850,100,,,99830,100,,,,,,,,,,,,,,,,,,,,,,,,,,,,
2019-06-28 09:30:00.000000003,,,99933,100,,,99928,100,,,99850,100,,,99830,100,,,,,,,,,,,,,,,,,,,,,,,,
2019-06-28 09:30:00.000000005,100023,100,99977,100,,,99933,100,,,99930,100,,,99928,100,,,99850,100,,,99830,100,,,,,,,,,,,,,,,,
2019-06-28 09:30:00.000000010,100023,100,99977,100,,,99933,100,,,99930,100,,,99928,100,,,99850,100,,,99830,100,,,99762,100,,,,,,,,,,,,
2019-06-28 09:30:00.000000011,100015,100,99977,100,100023,100,99933,100,,,99930,100,,,99928,100,,,99850,100,,,99830,100,,,99762,100,,,,,,,,,,,,
2019-06-28 09:30:00.000000012,100015,100,99977,100,100023,100,99933,100,100073,100,99930,100,,,99928,100,,,99850,100,,,99830,100,,,99763,100,,,99762,100,,,,,,,,
2019-06-28 09:30:00.000000015,99981,100,99977,100,100015,100,99933,100,100023,100,99930,100,100073,100,99928,100,,,99850,100,,,99830,100,,,99763,100,,,99762,100,,,,,,,,
2019-06-28 09:30:00.000000016,99981,100,99977,100,100015,100,99933,100,100023,100,99930,100,100053,100,99928,100,100073,100,99850,100,,,99830,100,,,99763,100,,,99762,100,,,,,,,,
2019-06-28 09:30:00.000000017,99981,100,99933,100,100015,100,99930,100,100023,100,99928,100,100053,100,99850,100,100073,100,99830,100,100105,100,99763,100,,,99762,100,,,,,,,,,,,,
2019-06-28 09:30:00.000000018,99981,100,99933,100,100015,100,99930,100,100023,100,99928,100,100053,100,99850,100,100073,100,99830,100,100105,100,99781,100,,,99763,100,,,99762,100,,,,,,,,
2019-06-28 09:30:00.000000020,99981,100,99933,100,100015,100,99930,100,100023,100,99928,100,100053,100,99850,100,100073,100,99830,100,100105,100,99800,100,,,99781,100,,,99763,100,,,99762,100,,,,
2019-06-28 09:30:00.000000021,99980,100,99933,100,99981,100,99930,100,100015,100,99928,100,100023,100,99850,100,100053,100,99830,100,100073,100,99800,100,100105,100,99781,100,,,99763,100,,,99762,100,,,,
2019-06-28 09:30:00.000000022,99980,100,99933,100,99981,100,99930,100,100015,100,99928,100,100017,100,99850,100,100023,100,99830,100,100053,100,99800,100,100073,100,99781,100,100105,100,99763,100,100213,100,99762,100,,,,
2019-06-28 09:30:00.000000023,99980,100,99933,100,99981,100,99930,100,100015,100,99928,100,100017,100,99850,100,100023,100,99830,100,100053,100,99800,100,100073,100,99781,100,100105,100,99763,100,100116,100,99762,100,100213,100,,
2019-06-28 09:30:00.000000024,99980,100,99972,100,99981,100,99933,100,100015,100,99930,100,100017,100,99928,100,100023,100,99850,100,100053,100,99830,100,100073,100,99800,100,100105,100,99781,100,100116,100,99763,100,100213,100,99762,100
2019-06-28 09:30:00.000000025,99980,100,99972,100,99981,100,99933,100,100015,100,99930,100,100017,100,99928,100,100023,100,99850,100,100053,100,99830,100,100073,100,99800,100,100105,100,99781,100,100116,100,99763,100,100147,100,99762,100
2019-06-28 09:30:00.000000027,99980,100,99977,100,99981,100,99972,100,100015,100,99933,100,100017,100,99930,100,100023,100,99928,100,100035,100,99850,100,100053,100,99830,100,100073,100,99800,100,100105,100,99781,100,100116,100,99763,100
2019-06-28 09:30:00.000000028,99980,100,99977,100,99981,100,99972,100,100015,100,99933,100,100017,100,99930,100,100023,100,99928,100,100035,100,99850,100,100053,100,99830,100,100073,100,99800,100,100105,100,99781,100,100106,100,99763,100
2019-06-28 09:30:00.000000029,99980,100,99977,100,99981,100,99972,100,100015,100,99933,100,100017,100,99930,100,100023,100,99928,100,100035,100,99850,100,100053,100,99830,100,100062,100,99800,100,100073,100,99781,100,100105,100,99763,100
2019-06-28 09:30:00.000000030,99980,100,99977,100,99981,100,99972,100,100015,100,99933,100,100017,100,99931,100,100023,100,99930,100,100035,100,99928,100,100053,100,99850,100,100062,100,99830,100,100073,100,99800,100,100105,100,99781,100
2019-06-28 09:30:00.000000034,99980,100,99977,100,99981,100,99972,100,100015,100,99933,100,100017,100,99931,100,100023,100,99930,100,100035,100,99928,100,100053,100,99850,100,100062,100,99830,100,100073,100,99807,100,100105,100,99800,100
2019-06-28 09:30:00.000000037,99980,100,99977,100,99981,100,99972,100,100015,100,99967,100,100017,100,99933,100,100023,100,99931,100,100035,100,99930,100,100053,100,99928,100,100062,100,99906,100,100073,100,99850,100,100105,100,99830,100
2019-06-28 09:30:00.000000038,99980,100,99977,100,99981,100,99972,100,100015,100,99967,100,100017,100,99933,100,100023,100,99931,100,100035,100,99930,100,100053,100,99928,100,100062,100,99911,100,100073,100,99906,100,100105,100,99850,100
2019-06-28 09:30:00.000000039,99980,100,99977,100,99981,100,99972,100,100015,100,99967,100,100017,100,99933,100,100023,100,99931,100,100035,100,99930,100,100053,100,99928,100,100062,100,99921,100,100073,100,99911,100,100105,100,99906,100
2019-06-28 09:30:00.000000040,99980,100,99977,100,99981,100,99972,100,100015,100,99967,100,100017,100,99933,100,100023,100,99931,100,100035,100,99930,100,100053,100,99928,100,100062,100,99921,100,100073,100,99911,100,100105,100,99906,100
2019-06-28 09:30:00.000000046,99980,100,99977,100,99981,100,99972,100,100015,100,99967,100,100017,100,99933,100,100023,100,99931,100,100035,100,99930,100,100053,100,99928,100,100062,100,99921,100,100073,100,99911,100,100097,100,99906,100
2019-06-28 09:30:00.000000050,99980,100,99977,100,99981,100,99972,100,100015,100,99967,100,100017,100,99933,100,100023,100,99931,100,100035,100,99930,100,100053,100,99928,100,100062,100,99921,100,100073,100,99911,100,100097,100,99906,100
2019-06-28 09:30:00.000000055,99980,100,99978,100,99981,100,99977,100,100015,100,99972,100,100017,100,99967,100,100023,100,99933,100,100035,100,99931,100,100053,100,99930,100,100062,100,99928,100,100073,100,99921,100,100097,100,99911,100
2019-06-28 09:30:00.000000057,99980,200,99978,100,99981,100,99977,100,100015,100,99972,100,100017,100,99967,100,100023,100,99933,100,100035,100,99931,100,100053,100,99930,100,100062,100,99928,100,100073,100,99921,100,100097,100,99911,100
2019-06-28 09:30:00.000000060,99980,200,99978,200,99981,100,99977,100,100015,100,99972,100,100017,100,99967,100,100023,100,99933,100,100035,100,99931,100,100053,100,99930,100,100062,100,99928,100,100073,100,99921,100,100097,100,99911,100
2019-06-28 09:30:00.000000064,99980,300,99978,200,99981,100,99977,100,100015,100,99972,100,100017,100,99967,100,100023,100,99933,100,100035,100,99931,100,100053,100,99930,100,100062,100,99928,100,100073,100,99921,100,100097,100,99911,100
2019-06-28 09:30:00.000000065,99980,300,99978,200,99981,100,99977,100,100015,100,99972,100,100017,100,99967,100,100023,100,99933,100,100035,100,99931,100,100053,200,99930,100,100062,100,99928,100,100073,100,99921,100,100097,100,99911,100
2019-06-28 09:30:00.000000067,99980,300,99978,200,99981,100,99977,200,100015,100,99972,100,100017,100,99967,100,100023,100,99933,100,100035,100,99931,100,100053,200,99930,100,100062,100,99928,100,100073,100,99921,100,100097,100,99911,100
2019-06-28 09:30:00.000000069,99980,300,99978,200,99981,100,99977,200,100015,100,99972,100,100017,100,99967,100,100023,100,99933,100,100035,100,99931,100,100053,200,99930,100,100062,100,99928,100,100073,100,99921,100,100097,100,99911,100
2019-06-28 09:30:00.000000074,99980,300,99978,200,99981,100,99977,200,100015,100,99972,100,100017,100,99967,100,100023,100,99933,100,100029,100,99931,100,100035,100,99930,100,100053,200,99928,100,100062,100,99921,100,100073,100,99911,100
2019-06-28 09:30:00.000000075,99980,300,99978,200,99981,100,99977,200,100015,100,99974,100,100017,100,99972,100,100023,100,99967,100,100029,100,99933,100,100035,100,99931,100,100036,100,99930,100,100053,200,99928,100,100062,100,99921,100
2019-06-28 09:30:00.000000079,99980,300,99978,200,99981,100,99977,200,100009,100,99974,100,100015,100,99972,100,100017,100,99967,100,100023,100,99933,100,100029,100,99931,100,100035,100,99930,100,100036,100,99928,100,100053,200,99921,100
2019-06-28 09:30:00.000000081,99980,300,99978,200,99981,100,99977,200,100009,100,99974,100,100015,100,99972,100,100017,100,99967,100,100023,100,99933,100,100029,100,99931,100,100035,100,99930,100,100036,100,99928,100,100053,200,99921,100
2019-06-28 09:30:00.000000083,99980,300,99978,200,99981,100,99977,200,100009,100,99974,100,100015,100,99972,100,100017,100,99967,100,100023,100,99933,100,100029,100,99931,100,100035,100,99930,100,100036,100,99928,100,100053,200,99921,100
2019-06-28 09:30:00.000000086,99980,300,99978,300,99981,100,99977,200,100009,100,99974,100,100015,100,99972,100,100017,100,99967,100,100023,100,99933,100,100029,100,99931,100,100035,100,99930,100,100036,100,99928,100,100053,200,99921,100
2019-06-28 09:30:00.000000087,99980,300,99978,400,99981,100,99977,200,100009,100,99974,100,100015,100,99972,100,100017,100,99967,100,100023,100,99933,100,100029,100,99931,100,100035,100,99930,100,100036,100,99928,100,100053,200,99921,100
2019-06-28 09:30:00.000000089,99980,200,99978,400,99981,100,99977,200,100009,100,99974,100,100015,100,99972,100,100017,100,99967,100,100023,100,99933,100,100029,100,99931,100,100035,100,99930,100,100036,100,99928,100,100053,200,99921,100
2019-06-28 09:30:00.000000091,99980,100,99978,300,99981,100,99977,200,100009,100,99974,100,100015,100,99972,100,100017,100,99967,100,100023,100,99933,100,100029,100,99931,100,100035,100,99930,100,100036,100,99928,100,100053,200,99921,100
2019-06-28 09:30:00.000000093,99980,100,99978,200,99981,100,99977,200,100009,100,99974,100,100015,100,99972,100,100017,100,99967,100,100023,100,99933,100,100029,100,99931,100,100035,100,99930,100,100036,100,99928,100,100053,200,99921,100
2019-06-28 09:30:00.000000095,99980,100,99978,200,99981,100,99977,200,100009,100,99974,100,100015,100,99972,100,100017,100,99967,100,100023,100,99933,100,100029,100,99931,100,100035,100,99930,100,100036,100,99928,100,100053,200,99921,100
2019-06-28 09:30:00.000000096,99980,100,99978,200,99981,100,99977,200,100009,100,99974,100,100015,100,99972,100,100017,100,99967,100,100023,100,99933,100,100029,100,99931,100,100035,100,99930,100,100036,100,99928,100,100053,200,99921,100
2019-06-28 09:30:00.000000097,99980,100,99978,200,99981,100,99977,200,100009,100,99974,100,100015,100,99972,100,100017,100,99967,100,100023,100,99933,100,100029,100,99931,100,100035,100,99930,100,100036,100,99928,100,100050,100,99921,100
2019-06-28 09:30:00.000000098,99980,100,99978,100,99981,100,99977,200,100009,100,99974,100,100015,100,99972,100,100017,100,99967,100,100023,100,99933,100,100029,100,99931,100,100035,100,99930,100,100036,100,99928,100,100050,100,99921,100
2019-06-28 09:30:10.000000000,99980,194,99978,194,99981,194,99977,294,100009,194,99974,194,100015,194,99972,194,100017,100,99967,100,100023,100,99933,100,100029,100,99931,100,100035,100,99930,100,100036,100,99928,100,100050,100,99921,100
2019-06-28 09:30:11.153439421,99980,194,99978,194,99981,194,99977,294,100009,194,99974,194,100015,194,99972,194,100017,100,99967,100,100023,100,99933,100,100029,100,99931,100,100035,100,99930,100,100036,100,99928,100,100050,100,99921,100
2019-06-28 09:30:20.000000000,99980,175,99978,175,99981,175,99977,275,100009,175,99974,175,100015,175,99972,175,100017,175,99967,175,100023,100,99933,100,100029,100,99931,100,100035,100,99930,100,100036,100,99928,100,100050,100,99921,100
2019-06-28 09:30:26.608749740,99980,175,99978,75,99981,175,99977,275,100009,175,99974,175,100015,175,99972,175,100017,75,99967,175,100023,100,99933,100,100029,100,99931,100,100035,100,99930,100,100036,100,99928,100,100050,100,99921,100
2019-06-28 09:30:28.263910976,99980,175,99978,75,99981,175,99977,275,100009,175,99974,175,100015,175,99972,175,100017,75,99967,175,100023,100,99933,100,100029,100,99931,100,100035,100,99930,100,100036,100,99928,100,100050,100,99921,100
2019-06-28 09:30:30.000000000,99980,175,99977,275,99981,175,99974,175,100009,175,99972,175,100015,175,99967,175,100023,175,99933,175,100029,100,99931,100,100035,100,99930,100,100036,100,99928,100,100050,100,99921,100,100053,200,99911,100
2019-06-28 09:30:40.000000000,99980,288,99977,388,99981,288,99974,288,100009,100,99972,100,100015,100,99967,100,100023,100,99933,100,100029,100,99931,100,100035,100,99930,100,100036,100,99928,100,100050,100,99921,100,100053,200,99911,100
2019-06-28 09:30:44.532489288,99980,288,99977,388,99981,288,99974,288,100009,100,99972,100,100015,100,99967,100,100023,100,99933,100,100029,100,99931,100,100035,100,99930,100,100036,100,99928,100,100050,100,99921,100,100053,200,99911,100
2019-06-28 09:30:50.000000000,99980,288,99977,388,99981,288,99974,288,100009,100,99972,100,100015,100,99967,100,100023,100,99933,100,100029,100,99931,100,100035,100,99930,100,100036,100,99928,100,100050,100,99921,100,100053,200,99911,100
2019-06-28 09:31:00.000000000,99980,228,99977,328,99981,224,99974,224,100009,224,99972,224,100015,100,99967,100,100023,100,99933,100,100029,100,99931,100,100035,100,99930,100,100036,100,99928,100,100050,100,99921,100,100053,200,99911,100
2019-06-28 09:31:06.407503194,99980,228,99977,328,99981,224,99974,224,100009,224,99972,224,100015,100,99967,100,100023,100,99933,100,100029,100,99931,100,100036,100,99930,100,100050,100,99928,100,100053,200,99921,100,100062,100,99911,100
2019-06-28 09:31:07.943336555,99980,228,99979,100,99981,224,99977,328,100009,224,99974,224,100015,100,99972,224,100023,100,99967,100,100029,100,99933,100,100036,100,99931,100,100050,100,99930,100,100053,200,99928,100,100062,100,99921,100
2019-06-28 09:31:10.000000000,99980,175,99979,175,99981,175,99977,275,100009,175,99974,175,100015,175,99972,175,100023,175,99967,175,100029,100,99933,100,100036,100,99931,100,100050,100,99930,100,100053,200,99928,100,100062,100,99921,100
2019-06-28 09:31:20.000000000,99980,175,99979,175,99981,175,99977,275,100009,175,99974,175,100015,175,99972,175,100023,175,99967,175,100029,100,99933,100,100036,100,99931,100,100050,100,99930,100,100053,200,99928,100,100062,100,99921,100
2019-06-28 09:31:22.249595572,99980,75,99979,175,99981,175,99977,275,100009,175,99974,175,100015,175,99972,175,100023,175,99967,175,100029,100,99933,100,100036,100,99931,100,100050,100,99930,100,100053,200,99928,100,100062,100,99921,100
2019-06-28 09:31:30.000000000,99981,175,99979,175,100009,175,99977,275,100015,175,99974,175,100023,175,99972,175,100029,175,99967,175,100036,100,99933,100,100050,100,99931,100,100053,200,99930,100,100062,100,99928,100,100073,100,99921,100
2019-06-28 09:31:30.923229323,99981,75,99979,175,100009,175,99977,275,100015,175,99974,175,100023,175,99972,175,100029,175,99967,175,100036,100,99933,100,100050,100,99931,100,100053,200,99930,100,100062,100,99928,100,100073,100,99921,100
2019-06-28 09:31:38.400999598,100009,175,99981,25,100015,175,99979,175,100023,175,99977,275,100029,175,99974,175,100036,100,99972,175,100050,100,99967,175,100053,100,99933,100,100062,100,99931,100,100073,100,99930,100,100097,100,99928,100
2019-06-28 09:31:40.000000000,100009,288,99981,213,100015,288,99979,288,100023,100,99977,200,100029,100,99974,100,100036,100,99972,100,100050,100,99967,100,100053,100,99933,100,100062,100,99931,100,100073,100,99930,100,100097,100,99928,100
2019-06-28 09:31:46.955197677,100009,288,99981,313,100015,288,99979,288,100023,100,99977,100,100029,100,99974,100,100036,100,99972,100,100050,100,99967,100,100053,100,99933,100,100062,100,99931,100,100073,100,99930,100,100097,100,99928,100
2019-06-28 09:31:50.000000000,100009,288,99981,313,100015,288,99979,288,100023,100,99977,100,100029,100,99974,100,100036,100,99972,100,100050,100,99967,100,100053,100,99933,100,100062,100,99931,100,100073,100,99930,100,100097,100,99928,100
2019-06-28 09:31:54.154288482,100009,288,99981,213,100015,288,99979,288,100023,100,99977,100,100029,100,99974,100,100036,100,99972,100,100050,100,99967,100,100053,100,99933,100,100062,100,99931,100,100073,100,99930,100,100097,100,99928,100
2019-06-28 09:31:55.785953516,100009,288,99981,213,100015,288,99979,288,100023,100,99977,100,100029,100,99974,100,100036,100,99972,100,100050,100,99967,100,100053,100,99933,100,100062,100,99931,100,100073,100,99930,100,100097,100,99928,100
2019-06-28 09:31:56.401061452,100009,188,99981,213,100015,288,99979,288,100023,100,99977,100,100029,100,99974,100,100036,100,99972,100,100050,100,99967,100,100053,100,99933,100,100062,100,99931,100,100097,100,99930,100,100102,100,99928,100
2019-06-28 09:31:58.998290042,100009,188,99982,100,100015,288,99981,213,100023,100,99979,288,100029,100,99977,100,100036,100,99974,100,100050,100,99972,100,100053,100,99967,100,100062,100,99933,100,100097,100,99931,100,100102,100,99930,100
2019-06-28 09:32:00.000000000,100015,175,99982,175,100023,175,99981,100,100029,175,99979,175,100036,175,99977,175,100050,175,99974,175,100053,100,99972,100,100062,100,99967,100,100097,100,99933,100,100102,100,99931,100,100105,100,99930,100
2019-06-28 09:32:10.000000000,100015,194,99982,194,100023,194,99981,119,100029,194,99979,194,100036,194,99977,194,100050,100,99974,100,100053,100,99972,100,100062,100,99967,100,100097,100,99933,100,100102,100,99931,100,100105,100,99930,100
2019-06-28 09:32:15.587054003,100015,194,99982,294,100023,194,99981,119,100029,194,99979,194,100036,194,99977,194,100050,100,99974,100,100053,100,99972,100,100062,100,99967,100,100097,100,99933,100,100102,100,99931,100,100105,100,99930,100
2019-06-28 09:32:20.000000000,100015,175,99982,275,100023,175,99981,100,100029,175,99979,175,100036,175,99977,175,100050,175,99974,175,100053,100,99972,100,100062,100,99967,100,100097,100,99933,100,100102,100,99931,100,100105,100,99930,100
2019-06-28 09:32:25.366462793,100015,175,99982,275,100023,175,99981,100,100029,175,99979,175,100036,175,99977,175,100050,175,99974,175,100053,100,99972,100,100062,100,99967,100,100097,100,99933,100,100102,100,99931,100,100105,100,99930,100
2019-06-28 09:32:30.000000000,100015,476,99982,576,100023,100,99981,25,100029,100,99979,100,100036,100,99977,100,100050,100,99974,100,100053,100,99972,100,100062,100,99967,100,100097,100,99933,100,100102,100,99931,100,100105,100,99930,100
2019-06-28 09:32:35.013310423,100015,476,99982,576,100023,100,99981,25,100029,100,99979,100,100036,100,99977,100,100050,100,99974,100,100053,100,99972,100,100062,100,99967,100,100097,100,99933,100,100102,100,99931,100,100105,100,99930,100
2019-06-28 09:32:40.000000000,100015,175,99982,275,100023,175,99981,100,100029,175,99979,175,100036,175,99977,175,100050,175,99974,175,100053,100,99972,100,100062,100,99967,100,100097,100,99933,100,100102,100,99931,100,100105,100,99930,100
2019-06-28 09:32:50.000000000,100015,288,99982,388,100023,288,99981,213,100029,100,99979,100,100036,100,99977,100,100050,100,99974,100,100053,100,99972,100,100062,100,99967,100,100097,100,99933,100,100102,100,99931,100,100105,100,99930,100
2019-06-28 09:32:54.912051289,100015,188,99982,388,100023,288,99981,213,100029,100,99979,100,100036,100,99977,100,100050,100,99974,100,100053,100,99972,100,100062,100,99967,100,100097,100,99933,100,100102,100,99931,100,100105,100,99930,100
2019-06-28 09:32:55.237401342,100015,188,99982,388,100023,288,99981,213,100029,100,99979,100,100036,100,99977,100,100050,100,99974,100,100053,100,99972,100,100062,100,99967,100,100097,100,99933,100,100102,100,99931,100,100105,100,99930,100
2019-06-28 09:33:00.000000000,100023,228,99982,328,100029,224,99981,149,100036,224,99979,224,100050,100,99977,100,100053,100,99974,100,100062,100,99972,100,100097,100,99967,100,100102,100,99933,100,100105,100,99931,100,100106,100,99930,100
2019-06-28 09:33:07.946742201,100023,228,99982,328,100029,224,99981,149,100036,224,99979,224,100050,100,99977,100,100053,100,99972,100,100062,100,99967,100,100097,100,99933,100,100102,100,99931,100,100105,100,99930,100,100106,100,99928,100
2019-06-28 09:33:10.000000000,100023,476,99982,576,100029,100,99981,25,100036,100,99979,100,100050,100,99977,100,100053,100,99972,100,100062,100,99967,100,100097,100,99933,100,100102,100,99931,100,100105,100,99930,100,100106,100,99928,100
2019-06-28 09:33:11.925520343,100023,476,100014,100,100029,100,99982,576,100036,100,99981,25,100050,100,99979,100,100053,100,99977,100,100062,100,99972,100,100097,100,99967,100,100102,100,99933,100,100105,100,99931,100,100106,100,99930,100
2019-06-28 09:33:14.138057756,100023,476,100014,100,100029,100,100009,100,100036,100,99982,576,100050,100,99981,25,100053,100,99979,100,100062,100,99977,100,100097,100,99972,100,100102,100,99967,100,100105,100,99933,100,100106,100,99931,100
2019-06-28 09:33:20.000000000,100023,288,100014,288,100029,288,100009,288,100036,100,99982,200,100050,100,99981,25,100053,100,99979,100,100062,100,99977,100,100097,100,99972,100,100102,100,99967,100,100105,100,99933,100,100106,100,99931,100
2019-06-28 09:33:28.883331155,100023,188,100014,288,100029,288,100009,288,100036,100,99982,200,100050,100,99981,25,100053,100,99979,100,100062,100,99977,100,100097,100,99972,100,100102,100,99967,100,100105,100,99933,100,100106,100,99931,100
2019-06-28 09:33:29.744642583,100023,188,100015,100,100029,288,100014,288,100036,100,100009,288,100050,100,99982,200,100053,100,99981,25,100062,100,99979,100,100097,100,99977,100,100102,100,99972,100,100105,100,99967,100,100106,100,99933,100
2019-06-28 09:33:30.000000000,100029,476,100015,476,100036,100,100014,100,100050,100,100009,100,100053,100,99982,200,100062,100,99981,25,100097,100,99979,100,100102,100,99977,100,100105,100,99972,100,100106,100,99967,100,100107,100,99933,100
2019-06-28 09:33:32.509336517,100018,100,100015,476,100029,476,100014,100,100036,100,100009,100,100050,100,99982,200,100053,100,99981,25,100062,100,99979,100,100097,100,99977,100,100102,100,99972,100,100105,100,99967,100,100106,100,99933,100
2019-06-28 09:33:40.000000000,100018,228,100015,228,100029,224,100014,224,100036,224,100009,224,100050,100,99982,200,100053,100,99981,25,100062,100,99979,100,100097,100,99977,100,100102,100,99972,100,100105,100,99967,100,100106,100,99933,100
2019-06-28 09:33:50.000000000,100018,175,100015,175,100029,175,100014,175,100036,175,100009,175,100050,175,99982,275,100053,175,99981,100,100062,100,99979,100,100097,100,99977,100,100102,100,99972,100,100105,100,99967,100,100106,100,99933,100
2019-06-28 09:34:00.000000000,100018,194,100015,194,100029,194,100014,194,100036,194,100009,194,100050,194,99982,294,100053,100,99981,25,100062,100,99979,100,100097,100,99977,100,100102,100,99972,100,100105,100,99967,100,100106,100,99933,100
2019-06-28 09:34:02.677047216,100018,194,100015,294,100029,194,100014,194,100036,194,100009,194,100050,194,99982,294,100053,100,99981,25,100062,100,99979,100,100097,100,99977,100,100102,100,99972,100,100105,100,99967,100,100106,100,99933,100
2019-06-28 09:34:05.986468539,100018,194,100015,394,100029,194,100014,194,100036,194,100009,194,100050,194,99982,194,100053,100,99981,25,100062,100,99979,100,100097,100,99977,100,100102,100,99972,100,100105,100,99967,100,100106,100,99933,100
2019-06-28 09:34:10.000000000,100018,228,100015,428,100029,224,100014,224,100036,224,100009,224,100050,100,99982,100,100053,100,99981,25,100062,100,99979,100,100097,100,99977,100,100102,100,99972,100,100105,100,99967,100,100106,100,99933,100
2019-06-28 09:34:20.000000000,100018,476,100015,676,100029,100,100014,100,100036,100,100009,100,100050,100,99982,100,100053,100,99981,25,100062,100,99979,100,100097,100,99977,100,100102,100,99972,100,100105,100,99967,100,100106,100,99933,100
2019-06-28 09:34:28.928281312,100018,376,100015,676,100029,100,100014,100,100036,100,100009,100,100050,100,99982,100,100053,100,99981,25,100062,100,99979,100,100097,100,99977,100,100102,100,99972,100,100105,100,99967,100,100106,100,99933,100
2019-06-28 09:34:30.000000000,100029,194,100015,394,100036,194,100014,194,100050,194,100009,194,100053,194,99982,194,100062,100,99981,25,100097,100,99979,100,100102,100,99977,100,100105,100,99972,100,100106,100,99967,100,100107,100,99933,100
2019-06-28 09:34:36.291712666,100029,194,100018,100,100036,194,100015,394,100050,194,100014,194,100053,194,100009,194,100062,100,99982,194,100097,100,99981,25,100102,100,99979,100,100105,100,99977,100,100107,100,99972,100,100111,100,99967,100
2019-06-28 09:34:40.000000000,100029,288,100018,288,100036,288,100015,488,100050,100,100014,100,100053,100,100009,100,100062,100,99982,100,100097,100,99981,25,100102,100,99979,100,100105,100,99977,100,100107,100,99972,100,100111,100,99967,100
2019-06-28 09:34:40.319610870,100029,288,100018,288,100036,288,100015,488,100050,100,100014,100,100053,100,100009,100,100062,100,99982,100,100097,100,99981,25,100102,100,99979,100,100105,100,99977,100,100107,100,99972,100,100111,100,99967,100
2019-06-28 09:34:47.846460735,100029,288,100018,288,100036,288,100015,488,100050,100,100014,100,100053,100,100009,100,100062,100,99982,100,100097,100,99981,25,100102,100,99979,100,100105,100,99977,100,100107,100,99972,100,100111,100,99967,100
2019-06-28 09:34:50.000000000,100029,228,100018,228,100036,224,100015,424,100050,224,100014,224,100053,100,100009,100,100062,100,99982,100,100097,100,99981,25,100102,100,99979,100,100105,100,99977,100,100107,100,99972,100,100111,100,99967,100
2019-06-28 09:35:00.000000000,100029,228,100018,228,100036,224,100015,424,100050,224,100014,224,100053,100,100009,100,100062,100,99982,100,100097,100,99981,25,100102,100,99979,100,100105,100,99977,100,100107,100,99972,100,100111,100,99967,100
2019-06-28 09:35:02.137673151,100029,228,100018,228,100036,224,100015,424,100050,224,100014,224,100053,100,100009,100,100062,100,99982,100,100097,100,99981,25,100102,100,99979,100,100105,100,99977,100,100107,100,99972,100,100111,100,99967,100
2019-06-28 09:35:04.225868030,100029,228,100018,128,100036,224,100015,424,100050,224,100014,224,100053,100,100009,100,100062,100,99982,100,100097,100,99981,25,100102,100,99979,100,100105,100,99977,100,100107,100,99972,100,100111,100,99967,100
2019-06-28 09:35:06.709425289,100029,228,100018,228,100036,224,100015,424,100050,224,100014,224,100053,100,100009,100,100062,100,99982,100,100097,100,99981,25,100102,100,99979,100,100105,100,99977,100,100107,100,99972,100,100111,100,99967,100
2019-06-28 09:35:10.000000000,100029,194,100018,194,100036,194,100015,394,100050,194,100014,194,100053,194,100009,194,100062,100,99982,100,100097,100,99981,25,100102,100,99979,100,100105,100,99977,100,100107,100,99972,100,100111,100,99967,100
2019-06-28 09:35:14.762539621,100029,194,100018,294,100036,194,100015,394,100050,194,100014,194,100053,194,100009,194,100062,100,99982,100,100097,100,99981,25,100102,100,99979,100,100105,100,99977,100,100107,100,99972,100,100111,100,99967,100
2019-06-28 09:35:17.159636006,100029,94,100018,294,100036,194,100015,394,100050,194,100014,194,100053,194,100009,194,100062,100,99982,100,100097,100,99981,25,100102,100,99979,100,100105,100,99977,100,100107,100,99972,100,100111,100,99967,100
2019-06-28 09:35:18.629490562,100029,94,100019,100,100036,194,100018,294,100050,194,100015,394,100053,194,100014,194,100062,100,100009,194,100097,100,99982,100,100102,100,99981,25,100105,100,99979,100,100107,100,99977,100,100111,100,99972,100
2019-06-28 09:35:20.000000000,100036,288,100019,288,100050,288,100018,388,100053,100,100015,300,100062,100,100014,100,100097,100,100009,100,100102,100,99982,100,100105,100,99981,25,100107,100,99979,100,100111,100,99977,100,100115,100,99972,100
2019-06-28 09:35:29.434577442,100036,288,100019,388,100050,288,100018,388,100053,100,100015,300,100062,100,100014,100,100097,100,100009,100,100102,100,99982,100,100105,100,99981,25,100107,100,99979,100,100111,100,99977,100,100115,100,99972,100
2019-06-28 09:35:30.000000000,100036,228,100019,328,100050,224,100018,324,100053,224,100015,424,100062,100,100014,100,100097,100,100009,100,100102,100,99982,100,100105,100,99981,25,100107,100,99979,100,100111,100,99977,100,100115,100,99972,100
2019-06-28 09:35:31.785231742,100036,228,100019,328,100050,224,100018,324,100053,224,100015,424,100062,100,100014,100,100097,100,100009,100,100102,100,99982,100,100105,100,99981,25,100107,100,99979,100,100111,100,99977,100,100115,100,99972,100
2019-06-28 09:35:40.000000000,100036,194,100019,294,100050,194,100018,294,100053,194,100015,394,100062,194,100014,194,100097,100,100009,100,100102,100,99982,100,100105,100,99981,25,100107,100,99979,100,100111,100,99977,100,100115,100,99972,100
2019-06-28 09:35:50.000000000,100036,194,100019,294,100050,194,100018,294,100053,194,100015,394,100062,194,100014,194,100097,100,100009,100,100102,100,99982,100,100105,100,99981,25,100107,100,99979,100,100111,100,99977,100,100115,100,99972,100
2019-06-28 09:35:58.294357182,100036,194,100019,394,100050,194,100018,294,100053,194,100015,394,100062,194,100014,194,100097,100,99982,100,100102,100,99981,25,100105,100,99979,100,100107,100,99977,100,100111,100,99972,100,100115,100,99967,100
2019-06-28 09:36:00.000000000,100036,476,100019,676,100050,100,100018,200,100053,100,100015,300,100062,100,100014,100,100097,100,99982,100,100102,100,99981,25,100105,100,99979,100,100107,100,99977,100,100111,100,99972,100,100115,100,99967,100
2019-06-28 09:36:00.158758144,100036,376,100019,676,100050,100,100018,200,100053,100,100015,300,100062,100,100014,100,100097,100,99982,100,100102,100,99981,25,100107,100,99979,100,100111,100,99977,100,100115,100,99972,100,100116,100,99967,100
2019-06-28 09:36:07.380989972,100036,376,100019,676,100050,100,100018,200,100053,100,100015,300,100062,100,100014,100,100097,100,99982,100,100102,100,99981,25,100107,100,99977,100,100111,100,99972,100,100115,100,99967,100,100116,100,99933,100
2019-06-28 09:36:10.000000000,100050,194,100019,394,100053,194,100018,294,100062,194,100015,394,100097,194,100014,194,100102,100,99982,100,100107,100,99981,25,100111,100,99977,100,100115,100,99972,100,100116,100,99967,100,100124,100,99933,100
2019-06-28 09:36:16.140206131,100050,194,100029,100,100053,194,100019,394,100062,194,100018,294,100097,194,100015,394,100102,100,100014,194,100107,100,99982,100,100111,100,99981,25,100115,100,99977,100,100116,100,99972,100,100124,100,99967,100
2019-06-28 09:36:16.199811928,100050,94,100029,100,100053,194,100019,394,100062,194,100018,294,100097,194,100015,394,100102,100,100014,194,100107,100,99982,100,100111,100,99981,25,100115,100,99977,100,100116,100,99972,100,100124,100,99967,100
2019-06-28 09:36:20.000000000,100053,194,100029,194,100062,194,100019,394,100097,194,100018,294,100102,194,100015,394,100107,100,100014,100,100111,100,99982,100,100115,100,99981,25,100116,100,99977,100,100124,100,99972,100,100166,100,99967,100
2019-06-28 09:36:26.611280015,100053,94,100029,194,100062,194,100019,394,100097,194,100018,294,100102,194,100015,394,100107,100,100014,100,100111,100,99982,100,100115,100,99981,25,100116,100,99977,100,100124,100,99972,100,100166,100,99967,100
2019-06-28 09:36:29.337294635,100053,94,100050,100,100062,194,100029,194,100097,194,100019,394,100102,194,100018,294,100107,100,100015,394,100111,100,100014,100,100115,100,99982,100,100124,100,99981,25,100166,100,99977,100,100221,100,99972,100
2019-06-28 09:36:30.000000000,100062,194,100050,194,100097,194,100029,194,100102,194,100019,394,100107,194,100018,294,100111,100,100015,300,100115,100,100014,100,100124,100,99982,100,100166,100,99981,25,100221,100,99977,100,100274,100,99972,100
2019-06-28 09:36:40.000000000,100062,476,100050,476,100097,100,100029,100,100102,100,100019,300,100107,100,100018,200,100111,100,100015,300,100115,100,100014,100,100124,100,99982,100,100166,100,99981,25,100221,100,99977,100,100274,100,99972,100
2019-06-28 09:36:50.000000000,100062,194,100050,194,100097,194,100029,194,100102,194,100019,394,100107,194,100018,294,100111,100,100015,300,100115,100,100014,100,100124,100,99982,100,100166,100,99981,25,100221,100,99977,100,100274,100,99972,100
2019-06-28 09:36:52.837667903,100062,194,100050,194,100097,194,100029,194,100102,194,100019,394,100107,194,100018,294,100111,100,100015,300,100115,100,100014,100,100124,100,99982,100,100166,100,99981,25,100221,100,99977,100,100274,100,99972,100
2019-06-28 09:36:59.984851012,100062,194,100050,294,100097,194,100029,194,100102,194,100019,394,100107,194,100018,294,100111,100,100015,200,100115,100,100014,100,100124,100,99982,100,100166,100,99981,25,100221,100,99977,100,100274,100,99972,100
2019-06-28 09:37:00.000000000,100062,194,100050,294,100097,194,100029,194,100102,194,100019,394,100107,194,100018,294,100111,100,100015,200,100115,100,100014,100,100124,100,99982,100,100166,100,99981,25,100221,100,99977,100,100274,100,99972,100
2019-06-28 09:37:10.000000000,100062,288,100050,388,100097,288,100029,288,100102,100,100019,300,100107,100,100018,200,100111,100,100015,200,100115,100,100014,100,100124,100,99982,100,100166,100,99981,25,100221,100,99977,100,100274,100,99972,100
2019-06-28 09:37:20.000000000,100062,175,100050,275,100097,175,100029,175,100102,175,100019,375,100107,175,100018,275,100111,175,100015,275,100115,100,100014,100,100124,100,99982,100,100166,100,99981,25,100221,100,99977,100,100274,100,99972,100
2019-06-28 09:37:30.000000000,100062,476,100050,576,100097,100,100029,100,100102,100,100019,300,100107,100,100018,200,100111,100,100015,200,100115,100,100014,100,100124,100,99982,100,100166,100,99981,25,100221,100,99977,100,100274,100,99972,100
2019-06-28 09:37:40.000000000,100062,228,100050,328,100097,224,100029,224,100102,224,100019,424,100107,100,100018,200,100111,100,100015,200,100115,100,100014,100,100124,100,99982,100,100166,100,99981,25,100221,100,99977,100,100274,100,99972,100
2019-06-28 09:37:40.576734685,100062,128,100050,328,100097,224,100029,224,100102,224,100019,424,100107,100,100018,200,100111,100,100015,200,100115,100,100014,100,100124,100,99982,100,100166,100,99981,25,100221,100,99977,100,100274,100,99972,100
2019-06-28 09:37:50.000000000,100097,288,100050,388,100102,288,100029,288,100107,100,100019,300,100111,100,100018,200,100115,100,100015,200,100124,100,100014,100,100166,100,99982,100,100221,100,99981,25,100274,100,99977,100,100355,100,99972,100
2019-06-28 09:37:50.265147678,100097,288,100050,388,100102,288,100029,288,100107,100,100019,300,100111,100,100018,200,100115,100,100015,200,100124,100,100014,100,100166,100,100002,100,100221,100,99982,100,100274,100,99981,25,100355,100,99977,100
2019-06-28 09:37:54.536324056,100097,288,100050,388,100102,288,100029,288,100107,100,100019,300,100111,100,100018,200,100115,100,100015,200,100124,100,100014,100,100166,100,100002,100,100221,100,99982,100,100274,100,99981,25,100355,100,99977,100
2019-06-28 09:38:00.000000000,100097,228,100050,328,100102,224,100029,224,100107,224,100019,424,100111,100,100018,200,100115,100,100015,200,100124,100,100014,100,100166,100,100002,100,100221,100,99982,100,100274,100,99981,25,100355,100,99977,100
2019-06-28 09:38:10.000000000,100097,288,100050,388,100102,288,100029,288,100107,100,100019,300,100111,100,100018,200,100115,100,100015,200,100124,100,100014,100,100166,100,100002,100,100221,100,99982,100,100274,100,99981,25,100355,100,99977,100
2019-06-28 09:38:20.000000000,100097,194,100050,294,100102,194,100029,194,100107,194,100019,394,100111,194,100018,294,100115,100,100015,200,100124,100,100014,100,100166,100,100002,100,100221,100,99982,100,100274,100,99981,25,100355,100,99977,100
2019-06-28 09:38:20.145832684,100097,194,100050,294,100102,194,100032,100,100107,194,100029,194,100111,94,100019,394,100115,100,100018,294,100124,100,100015,200,100166,100,100014,100,100221,100,100002,100,100274,100,99982,100,100355,100,99981,25
2019-06-28 09:38:22.512574878,100097,194,100053,100,100102,194,100050,294,100107,194,100032,100,100111,94,100029,194,100115,100,100019,394,100124,100,100018,294,100166,100,100015,200,100221,100,100014,100,100274,100,100002,100,100355,100,99981,25
2019-06-28 09:38:30.000000000,100097,228,100053,228,100102,224,100050,324,100107,224,100032,224,100115,100,100029,100,100124,100,100019,300,100166,100,100018,200,100221,100,100015,200,100274,100,100014,100,100355,100,100002,100,100462,100,99981,25
2019-06-28 09:38:40.000000000,100097,194,100053,194,100102,194,100050,294,100107,194,100032,194,100115,194,100029,194,100124,100,100019,300,100166,100,100018,200,100221,100,100015,200,100274,100,100014,100,100355,100,100002,100,100462,100,99981,25
2019-06-28 09:38:50.000000000,100097,476,100053,476,100102,100,100050,200,100107,100,100032,100,100115,100,100029,100,100124,100,100019,300,100166,100,100018,200,100221,100,100015,200,100274,100,100014,100,100355,100,100002,100,100462,100,99981,25
2019-06-28 09:39:00.000000000,100097,194,100053,194,100102,194,100050,294,100107,194,100032,194,100115,194,100029,194,100124,100,100019,300,100166,100,100018,200,100221,100,100015,200,100274,100,100014,100,100355,100,100002,100,100462,100,99981,25
2019-06-28 09:39:04.132001948,100097,94,100053,194,100102,194,100050,294,100107,194,100032,194,100115,194,100029,194,100124,100,100019,300,100166,100,100018,200,100221,100,100015,200,100274,100,100014,100,100355,100,100002,100,100462,100,99981,25
2019-06-28 09:39:08.500533643,100102,194,100097,6,100107,194,100053,194,100115,94,100050,294,100124,100,100032,194,100166,100,100029,194,100221,100,100019,300,100274,100,100018,200,100355,100,100015,200,100462,100,100014,100,100472,100,100002,100
2019-06-28 09:39:10.000000000,100102,288,100097,194,100107,288,100053,288,100124,100,100050,200,100166,100,100032,100,100221,100,100029,100,100274,100,100019,300,100355,100,100018,200,100462,100,100015,200,100472,100,100014,100,100701,100,100002,100
2019-06-28 09:39:11.469177584,100102,288,100101,100,100107,288,100097,194,100124,100,100053,288,100166,100,100050,200,100221,100,100032,100,100274,100,100029,100,100355,100,100019,300,100462,100,100018,200,100472,100,100015,200,100701,100,100014,100
2019-06-28 09:39:20.000000000,100102,194,100101,194,100107,194,100097,100,100124,194,100053,194,100166,194,100050,294,100221,100,100032,100,100274,100,100029,100,100355,100,100019,300,100462,100,100018,200,100472,100,100015,200,100701,100,100014,100
2019-06-28 09:39:30.000000000,100102,194,100101,194,100107,194,100097,100,100124,194,100053,194,100166,194,100050,294,100221,100,100032,100,100274,100,100029,100,100355,100,100019,300,100462,100,100018,200,100472,100,100015,200,100701,100,100014,100
2019-06-28 09:39:40.000000000,100102,228,100101,228,100107,224,100097,130,100124,224,100053,224,100166,100,100050,200,100221,100,100032,100,100274,100,100029,100,100355,100,100019,300,100462,100,100018,200,100472,100,100015,200,100701,100,100014,100
2019-06-28 09:39:50.000000000,100102,228,100101,228,100107,224,100097,130,100124,224,100053,224,100166,100,100050,200,100221,100,100032,100,100274,100,100029,100,100355,100,100019,300,100462,100,100018,200,100472,100,100015,200,100701,100,100014,100
2019-06-28 09:39:53.940592776,100102,228,100101,228,100107,224,100097,230,100124,224,100053,224,100166,100,100050,200,100221,100,100032,100,100274,100,100029,100,100355,100,100019,300,100462,100,100018,200,100472,100,100015,200,100701,100,100014,100
2019-06-28 09:39:56.457160067,100102,128,100101,228,100107,224,100097,230,100124,224,100053,224,100166,100,100050,200,100221,100,100032,100,100274,100,100029,100,100355,100,100019,300,100462,100,100018,200,100472,100,100015,200,100701,100,100014,100
2019-06-28 09:40:00.000000000,100107,288,100101,288,100124,288,100097,294,100166,100,100053,100,100221,100,100050,200,100274,100,100032,100,100355,100,100029,100,100462,100,100019,300,100472,100,100018,200,100701,100,100015,200,,,100014,100
2019-06-28 09:40:07.830962698,100107,288,100101,288,100124,288,100097,294,100166,100,100053,100,100221,100,100050,200,100274,100,100032,100,100355,100,100029,100,100401,100,100019,300,100462,100,100018,200,100472,100,100015,200,100701,100,100014,100
2019-06-28 09:40:10.000000000,100107,288,100101,288,100124,288,100097,294,100166,100,100053,100,100221,100,100050,200,100274,100,100032,100,100355,100,100029,100,100401,100,100019,300,100462,100,100018,200,100472,100,100015,200,100701,100,100014,100
2019-06-28 09:40:20.000000000,100107,476,100101,476,100124,100,100097,106,100166,100,100053,100,100221,100,100050,200,100274,100,100032,100,100355,100,100029,100,100401,100,100019,300,100462,100,100018,200,100472,100,100015,200,100701,100,100014,100
2019-06-28 09:40:24.247970764,100107,476,100101,476,100124,100,100097,106,100166,100,100053,100,100221,100,100050,200,100274,100,100029,100,100355,100,100019,300,100401,100,100018,200,100462,100,100015,200,100472,100,100014,100,100693,100,100002,100
2019-06-28 09:40:30.000000000,100107,228,100101,228,100124,224,100097,230,100166,224,100053,224,100221,100,100050,200,100274,100,100029,100,100355,100,100019,300,100401,100,100018,200,100462,100,100015,200,100472,100,100014,100,100693,100,100002,100
2019-06-28 09:40:40.000000000,100107,194,100101,194,100124,194,100097,200,100166,194,100053,194,100221,194,100050,294,100274,100,100029,100,100355,100,100019,300,100401,100,100018,200,100462,100,100015,200,100472,100,100014,100,100693,100,100002,100
2019-06-28 09:40:50.000000000,100107,228,100101,228,100124,224,100097,230,100166,224,100053,224,100221,100,100050,200,100274,100,100029,100,100355,100,100019,300,100401,100,100018,200,100462,100,100015,200,100472,100,100014,100,100693,100,100002,100
2019-06-28 09:41:00.000000000,100107,175,100101,175,100124,175,100097,181,100166,175,100053,175,100221,175,100050,275,100274,175,100029,175,100355,100,100019,300,100401,100,100018,200,100462,100,100015,200,100472,100,100014,100,100693,100,100002,100
2019-06-28 09:41:10.000000000,100107,194,100101,194,100124,194,100097,200,100166,194,100053,194,100221,194,100050,294,100274,100,100029,100,100355,100,100019,300,100401,100,100018,200,100462,100,100015,200,100472,100,100014,100,100693,100,100002,100
2019-06-28 09:41:18.677295015,100107,194,100101,194,100124,194,100097,200,100166,194,100053,194,100214,100,100050,294,100221,194,100029,100,100274,100,100019,300,100355,100,100018,200,100401,100,100015,200,100472,100,100014,100,100693,100,100002,100
2019-06-28 09:41:20.000000000,100107,288,100101,288,100124,288,100097,294,100166,100,100053,100,100214,100,100050,200,100221,100,100029,100,100274,100,100019,300,100355,100,100018,200,100401,100,100015,200,100472,100,100014,100,100693,100,100002,100
2019-06-28 09:41:22.445304187,100107,188,100101,288,100124,288,100097,294,100166,100,100053,100,100214,100,100050,200,100221,100,100029,100,100274,100,100019,300,100355,100,100018,200,100401,100,100015,200,100472,100,100014,100,100693,100,100002,100
2019-06-28 09:41:30.000000000,100124,476,100101,476,100166,100,100097,106,100214,100,100053,100,100221,100,100050,200,100274,100,100029,100,100355,100,100019,300,100401,100,100018,200,100472,100,100015,200,100693,100,100014,100,100701,100,100002,100
2019-06-28 09:41:40.000000000,100124,228,100101,228,100166,224,100097,230,100214,224,100053,224,100221,100,100050,200,100274,100,100029,100,100355,100,100019,300,100401,100,100018,200,100472,100,100015,200,100693,100,100014,100,100701,100,100002,100
2019-06-28 09:41:48.356005633,100124,228,100101,228,100166,224,100097,230,100214,224,100053,224,100221,100,100050,200,100274,100,100029,100,100355,100,100019,300,100401,100,100018,200,100472,100,100015,200,100693,100,100014,100,100701,100,100002,100
2019-06-28 09:41:50.000000000,100124,228,100101,228,100166,224,100097,230,100214,224,100053,224,100221,100,100050,200,100274,100,100029,100,100355,100,100019,300,100401,100,100018,200,100472,100,100015,200,100693,100,100014,100,100701,100,100002,100
2019-06-28 09:41:58.775039443,100124,228,100101,228,100166,224,100097,230,100214,224,100053,224,100221,100,100050,200,100274,100,100029,100,100355,100,100019,300,100401,100,100018,200,100472,100,100015,200,100693,100,100014,100,100701,100,100002,100
2019-06-28 09:42:00.000000000,100124,194,100101,194,100166,194,100097,200,100214,194,100053,194,100221,194,100050,294,100274,100,100029,100,100355,100,100019,300,100401,100,100018,200,100472,100,100015,200,100693,100,100014,100,100701,100,100002,100
2019-06-28 09:42:10.000000000,100124,228,100101,228,100166,224,100097,230,100214,224,100053,224,100221,100,100050,200,100274,100,100029,100,100355,100,100019,300,100401,100,100018,200,100472,100,100015,200,100693,100,100014,100,100701,100,100002,100
2019-06-28 09:42:20.000000000,100124,476,100101,476,100166,100,100097,106,100214,100,100053,100,100221,100,100050,200,100274,100,100029,100,100355,100,100019,300,100401,100,100018,200,100472,100,100015,200,100693,100,100014,100,100701,100,100002,100
2019-06-28 09:42:30.000000000,100124,175,100101,175,100166,175,100097,181,100214,175,100053,175,100221,175,100050,275,100274,175,100029,175,100355,100,100019,300,100401,100,100018,200,100472,100,100015,200,100693,100,100014,100,100701,100,100002,100
2019-06-28 09:42:40.000000000,100124,288,100101,288,100166,288,100097,294,100214,100,100053,100,100221,100,100050,200,100274,100,100029,100,100355,100,100019,300,100401,100,100018,200,100472,100,100015,200,100693,100,100014,100,100701,100,100002,100
2019-06-28 09:42:42.550485806,100124,188,100101,288,100166,288,100097,294,100214,100,100053,100,100221,100,100050,200,100274,100,100029,100,100355,100,100019,300,100401,100,100018,200,100472,100,100015,200,100693,100,100014,100,100701,100,100002,100
2019-06-28 09:42:50.000000000,100166,476,100101,476,100214,100,100097,106,100221,100,100053,100,100274,100,100050,200,100355,100,100029,100,100401,100,100019,300,100472,100,100018,200,100693,100,100015,200,100701,100,100014,100,100979,100,100002,100
2019-06-28 09:42:59.741867336,100166,376,100101,476,100214,100,100097,106,100221,100,100053,100,100274,100,100050,200,100355,100,100029,100,100401,100,100019,300,100472,100,100018,200,100693,100,100015,200,100701,100,100014,100,100979,100,100002,100
2019-06-28 09:43:00.000000000,100214,175,100101,175,100221,175,100097,181,100274,175,100053,175,100355,175,100050,275,100401,175,100029,175,100472,100,100019,300,100693,100,100018,200,100701,100,100015,200,100979,100,100014,100,101148,100,100002,100
2019-06-28 09:43:09.212206386,100214,175,100101,175,100221,175,100097,181,100223,100,100053,175,100274,175,100050,275,100355,175,100029,175,100401,175,100019,300,100472,100,100018,200,100693,100,100015,200,100701,100,100014,100,100979,100,100002,100
2019-06-28 09:43:10.000000000,100214,175,100101,175,100221,175,100097,181,100223,175,100053,175,100274,175,100050,275,100355,175,100029,175,100401,100,100019,300,100472,100,100018,200,100693,100,100015,200,100701,100,100014,100,100979,100,100002,100
2019-06-28 09:43:13.190733730,100214,175,100124,100,100221,175,100101,175,100223,175,100097,81,100274,175,100053,175,100355,175,100050,275,100401,100,100029,175,100472,100,100019,300,100693,100,100018,200,100701,100,100015,200,100979,100,100014,100
2019-06-28 09:43:16.176681071,100221,175,100214,25,100223,175,100124,100,100274,175,100101,175,100355,175,100097,81,100401,100,100053,175,100472,100,100050,275,100693,100,100029,175,100701,100,100019,300,100979,100,100018,200,101148,100,100015,200
2019-06-28 09:43:17.846054185,100221,75,100214,25,100223,175,100124,100,100274,175,100101,175,100355,175,100097,81,100401,100,100053,175,100472,100,100050,275,100693,100,100029,175,100701,100,100019,300,100979,100,100018,200,101148,100,100015,200
2019-06-28 09:43:20.000000000,100223,288,100214,213,100274,288,100124,288,100355,100,100101,100,100401,100,100097,6,100472,100,100053,100,100693,100,100050,200,100701,100,100029,100,100979,100,100019,300,101148,100,100018,200,,,100015,200
2019-06-28 09:43:30.000000000,100223,194,100214,119,100274,194,100124,194,100355,194,100101,194,100401,194,100097,100,100472,100,100053,100,100693,100,100050,200,100701,100,100029,100,100979,100,100019,300,101148,100,100018,200,,,100015,200
2019-06-28 09:43:40.000000000,100223,175,100214,100,100274,175,100124,175,100355,175,100101,175,100401,175,100097,81,100472,175,100053,175,100693,100,100050,200,100701,100,100029,100,100979,100,100019,300,101148,100,100018,200,,,100015,200
2019-06-28 09:43:50.000000000,100223,194,100214,119,100274,194,100124,194,100355,194,100101,194,100401,194,100097,100,100472,100,100053,100,100693,100,100050,200,100701,100,100029,100,100979,100,100019,300,101148,100,100018,200,,,100015,200
2019-06-28 09:43:50.284144913,100223,194,100214,19,100274,194,100124,194,100355,194,100101,194,100401,194,100097,100,100693,100,100053,100,100701,100,100050,200,100979,100,100029,100,101148,100,100019,300,,,100018,200,,,100015,200
2019-06-28 09:43:51.480092147,100223,194,100214,19,100274,194,100124,194,100355,194,100101,194,100401,194,100097,100,100693,100,100053,100,100701,100,100050,200,100979,100,100029,100,101148,100,100019,300,,,100018,200,,,100015,200
2019-06-28 09:43:57.979646032,100214,81,100124,194,100223,194,100101,194,100274,194,100097,100,100355,194,100053,100,100401,194,100050,200,100693,100,100029,100,100701,100,100019,300,100979,100,100018,200,101148,100,100015,200,,,100014,100
2019-06-28 09:44:00.000000000,100214,457,100124,476,100223,100,100101,100,100274,100,100097,6,100355,100,100053,100,100401,100,100050,200,100693,100,100029,100,100701,100,100019,300,100979,100,100018,200,101148,100,100015,200,,,100014,100
2019-06-28 09:44:10.000000000,100214,457,100124,476,100223,100,100101,100,100274,100,100097,6,100355,100,100053,100,100401,100,100050,200,100693,100,100029,100,100701,100,100019,300,100979,100,100018,200,101148,100,100015,200,,,100014,100
2019-06-28 09:44:20.000000000,100214,269,100124,288,100223,288,100101,288,100274,100,100097,6,100355,100,100053,100,100401,100,100050,200,100693,100,100029,100,100701,100,100019,300,100979,100,100018,200,101148,100,100015,200,,,100014,100
2019-06-28 09:44:30.000000000,100214,175,100124,194,100223,194,100101,194,100274,194,100097,100,100355,194,100053,194,100401,100,100050,200,100693,100,100029,100,100701,100,100019,300,100979,100,100018,200,101148,100,100015,200,,,100014,100
2019-06-28 09:44:33.160172326,100214,175,100124,194,100223,194,100101,194,100274,194,100097,100,100355,194,100053,194,100401,100,100050,200,100693,100,100029,100,100701,100,100019,300,100979,100,100018,200,101148,100,100015,200,,,100014,100
2019-06-28 09:44:40.000000000,100214,156,100124,175,100223,175,100101,175,100274,175,100097,81,100355,175,100053,175,100401,175,100050,275,100693,100,100029,100,100701,100,100019,300,100979,100,100018,200,101148,100,100015,200,,,100014,100
2019-06-28 09:44:42.865949366,100214,256,100124,175,100223,175,100101,175,100274,175,100097,81,100355,175,100053,175,100401,175,100050,275,100693,100,100029,100,100701,100,100019,300,100979,100,100018,200,101148,100,100015,100,,,100014,100
2019-06-28 09:44:50.000000000,100214,256,100124,175,100223,175,100101,175,100274,175,100097,81,100355,175,100053,175,100401,175,100050,275,100693,100,100029,100,100701,100,100019,300,100979,100,100018,200,101148,100,100015,100,,,100014,100
2019-06-28 09:44:53.114349942,100214,256,100124,75,100223,175,100101,175,100274,175,100097,81,100355,75,100053,175,100401,175,100050,275,100693,100,100029,100,100701,100,100019,300,100979,100,100018,200,101148,100,100015,100,,,100014,100
2019-06-28 09:44:55.623776949,100214,256,100124,75,100223,175,100101,175,100274,175,100097,81,100355,75,100053,175,100401,175,100050,275,100693,100,100029,100,100701,100,100019,300,100979,100,100018,200,101148,100,100015,100,,,100014,100
2019-06-28 09:44:59.522688877,100214,256,100124,75,100223,175,100101,175,100274,175,100097,81,100355,75,100053,75,100401,175,100050,275,100693,100,100029,100,100701,100,100019,300,100979,100,100018,200,101148,100,100015,100,,,100014,100
2019-06-28 09:45:00.000000000,100214,369,100101,288,100223,288,100097,194,100274,100,100050,200,100401,100,100029,100,100693,100,100019,300,100701,100,100018,200,100979,100,100015,100,101148,100,100014,100,,,100002,100,,,99981,25
2019-06-28 09:45:10.000000000,100214,369,100101,288,100223,288,100097,194,100274,100,100050,200,100401,100,100029,100,100693,100,100019,300,100701,100,100018,200,100979,100,100015,100,101148,100,100014,100,,,100002,100,,,99981,25
2019-06-28 09:45:20.000000000,100214,309,100101,228,100223,224,100097,130,100274,224,100050,324,100401,100,100029,100,100693,100,100019,300,100701,100,100018,200,100979,100,100015,100,101148,100,100014,100,,,100002,100,,,99981,25
2019-06-28 09:45:30.000000000,100214,256,100101,175,100223,175,100097,81,100274,175,100050,275,100401,175,100029,175,100693,175,100019,375,100701,100,100018,200,100979,100,100015,100,101148,100,100014,100,,,100002,100,,,99981,25
2019-06-28 09:45:39.335802388,100214,256,100101,175,100223,175,100097,81,100274,175,100050,275,100401,175,100029,175,100693,175,100019,375,100701,100,100018,200,100979,100,100015,100,101148,100,100002,100,,,99981,25,,,99977,100
2019-06-28 09:45:40.000000000,100214,309,100101,228,100223,224,100097,130,100274,224,100050,324,100401,100,100029,100,100693,100,100019,300,100701,100,100018,200,100979,100,100015,100,101148,100,100002,100,,,99981,25,,,99977,100
2019-06-28 09:45:50.000000000,100214,309,100101,228,100223,224,100097,130,100274,224,100050,324,100401,100,100029,100,100693,100,100019,300,100701,100,100018,200,100979,100,100015,100,101148,100,100002,100,,,99981,25,,,99977,100
2019-06-28 09:45:50.988805197,100214,309,100101,228,100223,224,100097,130,100274,224,100050,324,100401,100,100029,100,100693,100,100019,300,100701,100,100018,200,100979,100,100015,100,101148,100,100002,100,,,99981,25,,,99977,100
2019-06-28 09:45:51.660188839,100214,309,100101,128,100223,224,100097,130,100274,224,100050,324,100401,100,100029,100,100693,100,100019,300,100701,100,100018,200,100979,100,100015,100,101148,100,100002,100,,,99981,25,,,99977,100
2019-06-28 09:45:55.493854425,100214,309,100101,28,100223,224,100097,130,100274,224,100050,324,100401,100,100029,100,100693,100,100019,300,100701,100,100018,200,100979,100,100015,100,101148,100,100002,100,,,99981,25,,,99977,100
2019-06-28 09:45:58.471065768,100101,72,100097,130,100214,309,100050,324,100223,224,100029,100,100274,224,100019,300,100401,100,100018,200,100693,100,100015,100,100701,100,100002,100,101148,100,99981,25,,,99977,100,,,99940,100
2019-06-28 09:46:00.000000000,100101,448,100097,382,100214,181,100050,200,100223,100,100029,100,100274,100,100019,300,100401,100,100018,200,100693,100,100015,100,100701,100,100002,100,101148,100,99981,25,,,99977,100,,,99940,100
2019-06-28 09:46:07.745900778,100101,448,100097,382,100214,181,100050,200,100223,100,100029,100,100274,100,100019,300,100401,100,100018,200,100693,100,100015,100,100701,100,100002,100,101148,100,99981,25,,,99977,100,,,99940,100
2019-06-28 09:46:10.000000000,100101,166,100097,100,100214,275,100050,294,100223,194,100029,194,100274,194,100019,394,100401,100,100018,200,100693,100,100015,100,100701,100,100002,100,101148,100,99981,25,,,99977,100,,,99940,100
2019-06-28 09:46:14.656011063,100101,166,100097,100,100214,275,100050,294,100223,194,100029,194,100274,194,100019,394,100401,100,100018,200,100693,100,100015,100,100701,100,100002,100,101148,100,99981,25,,,99977,100,,,99940,100
2019-06-28 09:46:17.279097855,100101,166,100097,100,100214,275,100050,294,100223,194,100029,194,100274,194,100019,394,100401,100,100018,200,100693,100,100015,100,100701,100,100002,100,101148,100,99981,25,,,99977,100,,,99940,100
2019-06-28 09:46:20.000000000,100101,147,100097,81,100214,256,100050,275,100223,175,100029,175,100274,175,100019,375,100401,175,100018,275,100693,100,100015,100,100701,100,100002,100,101148,100,99981,25,,,99977,100,,,99940,100
2019-06-28 09:46:26.729320322,100101,147,100097,81,100214,256,100050,275,100223,175,100029,175,100274,175,100019,375,100401,175,100018,275,100693,100,100015,100,100701,100,100002,100,101148,100,99981,25,,,99977,100,,,99940,100
2019-06-28 09:46:30.000000000,100101,147,100097,81,100214,256,100050,275,100223,175,100029,175,100274,175,100019,375,100401,175,100018,275,100693,100,100015,100,100701,100,100002,100,101148,100,99981,25,,,99977,100,,,99940,100
2019-06-28 09:46:40.000000000,100101,166,100097,100,100214,275,100050,294,100223,194,100029,194,100274,194,100019,394,100401,100,100018,200,100693,100,100015,100,100701,100,100002,100,101148,100,99981,25,,,99977,100,,,99940,100
2019-06-28 09:46:48.883776073,100101,166,100097,100,100214,275,100050,294,100223,194,100029,194,100274,194,100019,394,100401,100,100018,200,100693,100,100015,100,100701,100,100002,100,101148,100,99981,25,,,99977,100,,,99940,100
2019-06-28 09:46:50.000000000,100101,147,100097,81,100214,256,100050,275,100223,175,100029,175,100274,175,100019,375,100401,175,100018,275,100693,100,100015,100,100701,100,100002,100,101148,100,99981,25,,,99977,100,,,99940,100
2019-06-28 09:47:00.000000000,100101,200,100097,134,100214,305,100050,324,100223,224,100029,224,100274,100,100019,300,100401,100,100018,200,100693,100,100015,100,100701,100,100002,100,101148,100,99981,25,,,99977,100,,,99940,100
2019-06-28 09:47:10.000000000,100101,260,100097,194,100214,369,100050,388,100223,100,100029,100,100274,100,100019,300,100401,100,100018,200,100693,100,100015,100,100701,100,100002,100,101148,100,99981,25,,,99977,100,,,99940,100
2019-06-28 09:47:20.000000000,100101,200,100097,134,100214,305,100050,324,100223,224,100029,224,100274,100,100019,300,100401,100,100018,200,100693,100,100015,100,100701,100,100002,100,101148,100,99981,25,,,99977,100,,,99940,100
2019-06-28 09:47:30.000000000,100101,147,100097,81,100214,256,100050,275,100223,175,100029,175,100274,175,100019,375,100401,175,100018,275,100693,100,100015,100,100701,100,100002,100,101148,100,99981,25,,,99977,100,,,99940,100
2019-06-28 09:47:31.477742668,100097,19,100050,275,100101,147,100029,175,100214,256,100019,375,100223,175,100018,275,100274,175,100015,100,100401,175,100002,100,100693,100,99981,25,100701,100,99977,100,101148,100,99933,100,,,99931,100
2019-06-28 09:47:35.643063171,100097,19,100050,275,100101,75,100029,175,100214,256,100019,375,100223,175,100018,275,100274,175,100015,100,100401,175,100002,100,100693,100,99981,25,100701,100,99977,100,101148,100,99933,100,,,99931,100
2019-06-28 09:47:37.862302268,100097,19,100050,175,100101,75,100029,175,100214,256,100019,375,100223,175,100018,275,100274,175,100015,100,100401,175,100002,100,100693,100,99981,25,100701,100,99977,100,101148,100,99933,100,,,99931,100
2019-06-28 09:47:40.000000000,100097,207,100050,288,100214,369,100029,288,100223,100,100019,300,100274,100,100018,200,100401,100,100015,100,100693,100,100002,100,100701,100,99981,25,101148,100,99977,100,,,99933,100,,,99931,100
2019-06-28 09:47:50.000000000,100097,147,100050,228,100214,305,100029,224,100223,224,100019,424,100274,100,100018,200,100401,100,100015,100,100693,100,100002,100,100701,100,99981,25,101148,100,99977,100,,,99933,100,,,99931,100
2019-06-28 09:48:00.000000000,100097,113,100050,194,100214,275,100029,194,100223,194,100019,394,100274,194,100018,294,100401,100,100015,100,100693,100,100002,100,100701,100,99981,25,101148,100,99977,100,,,99933,100,,,99931,100
2019-06-28 09:48:10.000000000,100097,94,100050,175,100214,256,100029,175,100223,175,100019,375,100274,175,100018,275,100401,175,100015,175,100693,100,100002,100,100701,100,99981,25,101148,100,99977,100,,,99933,100,,,99931,100
2019-06-28 09:48:12.107790895,100097,94,100050,75,100214,256,100029,175,100223,175,100019,375,100274,175,100018,275,100401,175,100015,175,100693,100,99981,25,100701,100,99977,100,101148,100,99933,100,,,99931,100,,,99894,100
2019-06-28 09:48:20.000000000,100097,147,100029,228,100214,305,100019,424,100223,224,100018,324,100274,100,100015,100,100401,100,99981,25,100693,100,99977,100,100701,100,99933,100,101148,100,99931,100,,,99894,100,,,99889,100
2019-06-28 09:48:23.410940901,100097,147,100029,228,100214,305,100019,424,100223,224,100018,324,100274,100,100015,100,100693,100,99981,25,100701,100,99977,100,101148,100,99933,100,,,99931,100,,,99894,100,,,99889,100
2019-06-28 09:48:30.000000000,100097,395,100029,476,100214,181,100019,300,100223,100,100018,200,100274,100,100015,100,100693,100,99981,25,100701,100,99977,100,101148,100,99933,100,,,99931,100,,,99894,100,,,99889,100
2019-06-28 09:48:40.000000000,100097,147,100029,228,100214,305,100019,424,100223,224,100018,324,100274,100,100015,100,100693,100,99981,25,100701,100,99977,100,101148,100,99933,100,,,99931,100,,,99894,100,,,99889,100
2019-06-28 09:48:50.000000000,100097,94,100029,175,100214,256,100019,375,100223,175,100018,275,100274,175,100015,175,100693,175,99981,100,100701,100,99977,100,101148,100,99933,100,,,99931,100,,,99894,100,,,99889,100
2019-06-28 09:48:54.036863816,100097,94,100029,75,100214,256,100019,375,100223,175,100018,275,100274,175,100015,175,100693,175,99981,100,100701,100,99977,100,101148,100,99933,100,,,99931,100,,,99894,100,,,99889,100
2019-06-28 09:49:00.000000000,100097,395,100019,676,100214,181,100018,200,100223,100,100015,100,100274,100,99981,25,100693,100,99977,100,100701,100,99933,100,101148,100,99931,100,,,99894,100,,,99889,100,,,99878,100
2019-06-28 09:49:10.000000000,100097,147,100019,428,100214,305,100018,324,100223,224,100015,224,100274,100,99981,25,100693,100,99977,100,100701,100,99933,100,101148,100,99931,100,,,99894,100,,,99889,100,,,99878,100
2019-06-28 09:49:20.000000000,100097,207,100019,488,100214,369,100018,388,100223,100,100015,100,100274,100,99981,25,100693,100,99977,100,100701,100,99933,100,101148,100,99931,100,,,99894,100,,,99889,100,,,99878,100
2019-06-28 09:49:30.000000000,100097,94,100019,375,100214,256,100018,275,100223,175,100015,175,100274,175,99981,100,100693,175,99977,175,100701,100,99933,100,101148,100,99931,100,,,99894,100,,,99889,100,,,99878,100
2019-06-28 09:49:34.026988317,100097,94,100019,375,100214,256,100018,275,100223,175,100015,175,100274,175,99981,100,100693,175,99977,175,100701,100,99933,100,101148,100,99931,100,,,99894,100,,,99889,100,,,99878,100
2019-06-28 09:49:39.769896185,100097,94,100019,375,100214,256,100018,275,100223,175,100015,175,100274,175,99981,100,100693,175,99977,175,100701,100,99933,100,101148,100,99931,100,,,99894,100,,,99889,100,,,99878,100
2019-06-28 09:49:40.000000000,100097,395,100019,676,100214,181,100018,200,100223,100,100015,100,100274,100,99981,25,100693,100,99977,100,100701,100,99933,100,101148,100,99931,100,,,99894,100,,,99889,100,,,99878,100
2019-06-28 09:49:43.284664846,100097,395,100019,676,100214,181,100018,200,100223,100,100015,100,100274,100,99981,25,100693,100,99977,100,100701,100,99963,100,101148,100,99933,100,,,99931,100,,,99894,100,,,99889,100
2019-06-28 09:49:50.000000000,100097,395,100019,676,100214,181,100018,200,100223,100,100015,100,100274,100,99981,25,100693,100,99977,100,100701,100,99963,100,101148,100,99933,100,,,99931,100,,,99894,100,,,99889,100
2019-06-28 09:50:00.000000000,100097,113,100019,394,100214,275,100018,294,100223,194,100015,194,100274,194,99981,119,100693,100,99977,100,100701,100,99963,100,101148,100,99933,100,,,99931,100,,,99894,100,,,99889,100
2019-06-28 09:50:10.000000000,100097,113,100019,394,100214,275,100018,294,100223,194,100015,194,100274,194,99981,119,100693,100,99977,100,100701,100,99963,100,101148,100,99933,100,,,99931,100,,,99894,100,,,99889,100
2019-06-28 09:50:20.000000000,100097,113,100019,394,100214,275,100018,294,100223,194,100015,194,100274,194,99981,119,100693,100,99977,100,100701,100,99963,100,101148,100,99933,100,,,99931,100,,,99894,100,,,99889,100
2019-06-28 09:50:30.000000000,100097,207,100019,488,100214,369,100018,388,100223,100,100015,100,100274,100,99981,25,100693,100,99977,100,100701,100,99963,100,101148,100,99933,100,,,99931,100,,,99894,100,,,99889,100
2019-06-28 09:50:32.511955081,100097,207,100019,488,100214,369,100018,388,100223,100,100015,100,100274,100,99981,25,100693,100,99977,100,100701,100,99963,100,101148,100,99933,100,,,99931,100,,,99894,100,,,99889,100
2019-06-28 09:50:40.000000000,100097,94,100019,375,100214,256,100018,275,100223,175,100015,175,100274,175,99981,100,100693,175,99977,175,100701,100,99963,100,101148,100,99933,100,,,99931,100,,,99894,100,,,99889,100
2019-06-28 09:50:50.000000000,100097,395,100019,676,100214,181,100018,200,100223,100,100015,100,100274,100,99981,25,100693,100,99977,100,100701,100,99963,100,101148,100,99933,100,,,99931,100,,,99894,100,,,99889,100
2019-06-28 09:50:52.735699376,100097,395,100019,676,100214,181,100018,200,100223,100,100015,100,100274,100,99981,25,100693,100,99977,100,100701,100,99963,100,101148,100,99933,100,,,99931,100,,,99894,100,,,99889,100
2019-06-28 09:51:00.000000000,100097,113,100019,394,100214,275,100018,294,100223,194,100015,194,100274,194,99981,119,100693,100,99977,100,100701,100,99963,100,101148,100,99933,100,,,99931,100,,,99894,100,,,99889,100
2019-06-28 09:51:10.000000000,100097,395,100019,676,100214,181,100018,200,100223,100,100015,100,100274,100,99981,25,100693,100,99977,100,100701,100,99963,100,101148,100,99933,100,,,99931,100,,,99894,100,,,99889,100
2019-06-28 09:51:15.547654004,100097,395,100019,576,100214,181,100018,200,100223,100,100015,100,100274,100,99981,25,100693,100,99977,100,100701,100,99963,100,101148,100,99933,100,,,99931,100,,,99894,100,,,99889,100
2019-06-28 09:51:20.000000000,100097,207,100019,388,100214,369,100018,388,100223,100,100015,100,100274,100,99981,25,100693,100,99977,100,100701,100,99963,100,101148,100,99933,100,,,99931,100,,,99894,100,,,99889,100
2019-06-28 09:51:30.000000000,100097,395,100019,576,100214,181,100018,200,100223,100,100015,100,100274,100,99981,25,100693,100,99977,100,100701,100,99963,100,101148,100,99933,100,,,99931,100,,,99894,100,,,99889,100
2019-06-28 09:51:40.000000000,100097,94,100019,275,100214,256,100018,275,100223,175,100015,175,100274,175,99981,100,100693,175,99977,175,100701,100,99963,100,101148,100,99933,100,,,99931,100,,,99894,100,,,99889,100
2019-06-28 09:51:45.185016380,100050,100,100019,275,100097,94,100018,275,100214,256,100015,175,100223,175,99981,100,100274,175,99977,175,100693,175,99963,100,100701,100,99933,100,101148,100,99931,100,,,99894,100,,,99889,100
2019-06-28 09:51:50.000000000,100050,476,100019,576,100097,19,100018,200,100214,181,100015,100,100223,100,99981,25,100274,100,99977,100,100693,100,99963,100,100701,100,99933,100,101148,100,99931,100,,,99894,100,,,99889,100
2019-06-28 09:51:52.164565170,100050,476,100019,576,100097,19,100018,200,100214,181,100015,100,100223,100,99981,25,100274,100,99977,100,100693,100,99963,100,100701,100,99933,100,101148,100,99931,100,,,99894,100,,,99889,100
2019-06-28 09:52:00.000000000,100050,194,100019,294,100097,113,100018,294,100214,275,100015,194,100223,194,99981,119,100274,100,99977,100,100693,100,99963,100,100701,100,99933,100,101148,100,99931,100,,,99894,100,,,99889,100
2019-06-28 09:52:10.000000000,100050,175,100019,275,100097,94,100018,275,100214,256,100015,175,100223,175,99981,100,100274,175,99977,175,100693,100,99963,100,100701,100,99933,100,101148,100,99931,100,,,99894,100,,,99889,100
2019-06-28 09:52:19.964089217,100050,175,100019,275,100097,94,100018,275,100214,256,100015,175,100223,175,99981,100,100274,175,99977,175,100693,100,99963,100,100701,100,99933,100,101148,100,99931,100,,,99894,100,,,99889,100
2019-06-28 09:52:20.000000000,100050,288,100019,388,100097,207,100018,388,100214,181,100015,100,100223,100,99981,25,100274,100,99977,100,100693,100,99963,100,100701,100,99933,100,101148,100,99931,100,,,99894,100,,,99889,100
2019-06-28 09:52:30.000000000,100050,228,100019,328,100097,143,100018,324,100214,305,100015,224,100223,100,99981,25,100274,100,99977,100,100693,100,99963,100,100701,100,99933,100,101148,100,99931,100,,,99894,100,,,99889,100
2019-06-28 09:52:40.000000000,100050,175,100019,275,100097,94,100018,275,100214,256,100015,175,100223,175,99981,100,100274,175,99977,175,100693,100,99963,100,100701,100,99933,100,101148,100,99931,100,,,99894,100,,,99889,100
2019-06-28 09:52:50.000000000,100050,288,100019,388,100097,207,100018,388,100214,181,100015,100,100223,100,99981,25,100274,100,99977,100,100693,100,99963,100,100701,100,99933,100,101148,100,99931,100,,,99894,100,,,99889,100
2019-06-28 09:53:00.000000000,100050,175,100019,275,100097,94,100018,275,100214,256,100015,175,100223,175,99981,100,100274,175,99977,175,100693,100,99963,100,100701,100,99933,100,101148,100,99931,100,,,99894,100,,,99889,100
2019-06-28 09:53:03.376840608,100050,75,100019,275,100097,94,100018,275,100214,256,100015,175,100223,175,99981,100,100274,175,99977,175,100693,100,99963,100,100701,100,99933,100,101148,100,99931,100,,,99894,100,,,99889,100
2019-06-28 09:53:07.731822563,100050,75,100019,275,100097,94,100018,275,100214,256,100015,175,100223,175,99981,100,100274,175,99977,175,100480,100,99963,100,100693,100,99933,100,100701,100,99931,100,101148,100,99894,100,,,99889,100
2019-06-28 09:53:10.000000000,100097,113,100019,294,100214,275,100018,294,100223,194,100015,194,100274,194,99981,119,100480,100,99977,100,100693,100,99963,100,100701,100,99933,100,101148,100,99931,100,,,99894,100,,,99889,100
2019-06-28 09:53:18.850914131,100097,113,100019,294,100214,275,100018,294,100223,194,100015,194,100274,194,99981,119,100313,100,99977,100,100480,100,99963,100,100693,100,99933,100,100701,100,99931,100,101148,100,99894,100,,,99889,100
2019-06-28 09:53:20.000000000,100097,94,100019,275,100214,256,100018,275,100223,175,100015,175,100274,175,99981,100,100313,175,99977,175,100480,100,99963,100,100693,100,99933,100,100701,100,99931,100,101148,100,99894,100,,,99889,100
2019-06-28 09:53:25.268156578,100097,94,100030,100,100214,256,100019,275,100223,175,100018,275,100274,175,100015,175,100313,175,99981,100,100480,100,99977,175,100693,100,99963,100,100701,100,99933,100,101148,100,99931,100,,,99894,100
2019-06-28 09:53:30.000000000,100097,147,100030,228,100214,305,100019,324,100223,224,100018,324,100274,100,100015,100,100313,100,99981,25,100480,100,99977,100,100693,100,99963,100,100701,100,99933,100,101148,100,99931,100,,,99894,100
2019-06-28 09:53:40.000000000,100097,147,100030,228,100214,305,100019,324,100223,224,100018,324,100274,100,100015,100,100313,100,99981,25,100480,100,99977,100,100693,100,99963,100,100701,100,99933,100,101148,100,99931,100,,,99894,100
2019-06-28 09:53:49.105667089,100097,147,100030,128,100214,305,100019,324,100223,224,100018,324,100274,100,100015,100,100313,100,99981,25,100480,100,99963,100,100693,100,99933,100,100701,100,99931,100,101148,100,99894,100,,,99889,100
2019-06-28 09:53:50.000000000,100097,147,100019,328,100214,305,100018,324,100223,224,100015,224,100274,100,99981,25,100313,100,99963,100,100480,100,99933,100,100693,100,99931,100,100701,100,99894,100,101148,100,99889,100,,,99878,100
2019-06-28 09:54:00.000000000,100097,147,100019,328,100214,305,100018,324,100223,224,100015,224,100274,100,99981,25,100313,100,99963,100,100480,100,99933,100,100693,100,99931,100,100701,100,99894,100,101148,100,99889,100,,,99878,100
2019-06-28 09:54:10.000000000,100097,147,100019,328,100214,305,100018,324,100223,224,100015,224,100274,100,99981,25,100313,100,99963,100,100480,100,99933,100,100693,100,99931,100,100701,100,99894,100,101148,100,99889,100,,,99878,100
2019-06-28 09:54:20.000000000,100097,113,100019,294,100214,275,100018,294,100223,194,100015,194,100274,194,99981,119,100313,100,99963,100,100480,100,99933,100,100693,100,99931,100,100701,100,99894,100,101148,100,99889,100,,,99878,100
2019-06-28 09:54:21.081856901,100097,113,100019,294,100214,275,100018,294,100223,194,100015,194,100274,194,99983,100,100480,100,99981,119,100693,100,99963,100,100701,100,99933,100,101148,100,99931,100,,,99894,100,,,99889,100
2019-06-28 09:54:24.327161603,100097,94,100019,294,100214,275,100018,294,100223,194,100015,194,100274,194,99983,100,100358,100,99981,119,100480,100,99963,100,100693,100,99933,100,100701,100,99931,100,101148,100,99894,100,,,99889,100
2019-06-28 09:54:30.000000000,100214,369,100019,388,100223,288,100018,388,100274,100,100015,100,100358,100,99983,100,100480,100,99981,25,100693,100,99963,100,100701,100,99933,100,101148,100,99931,100,,,99894,100,,,99889,100
2019-06-28 09:54:40.000000000,100214,256,100019,275,100223,175,100018,275,100274,175,100015,175,100358,175,99983,175,100480,175,99981,100,100693,100,99963,100,100701,100,99933,100,101148,100,99931,100,,,99894,100,,,99889,100
2019-06-28 09:54:40.429814172,100214,256,100019,275,100223,175,100018,275,100274,175,100015,175,100358,175,99983,175,100480,175,99981,100,100693,100,99963,100,100701,100,99933,100,101148,100,99931,100,,,99894,100,,,99889,100
2019-06-28 09:54:48.985688517,100214,256,100019,275,100223,175,100018,275,100240,100,100015,175,100274,75,99983,175,100358,175,99981,100,100480,175,99963,100,100693,100,99933,100,100701,100,99931,100,101148,100,99894,100,,,99889,100
2019-06-28 09:54:50.000000000,100214,309,100019,328,100223,224,100018,324,100240,224,100015,224,100358,100,99983,100,100480,100,99981,25,100693,100,99963,100,100701,100,99933,100,101148,100,99931,100,,,99894,100,,,99889,100
2019-06-28 09:54:51.831652370,100214,309,100019,328,100223,224,100018,324,100240,224,100015,224,100358,100,99983,100,100480,100,99981,25,100693,100,99963,100,100701,100,99933,100,101148,100,99931,100,,,99894,100,,,99878,100
2019-06-28 09:55:00.000000000,100214,369,100019,388,100223,288,100018,388,100240,100,100015,100,100358,100,99983,100,100480,100,99981,25,100693,100,99963,100,100701,100,99933,100,101148,100,99931,100,,,99894,100,,,99878,100
2019-06-28 09:55:00.486339035,100049,100,100019,388,100214,369,100018,388,100223,288,100015,100,100240,100,99983,100,100358,100,99981,25,100480,100,99963,100,100693,100,99933,100,100701,100,99931,100,101148,100,99894,100,,,99878,100
2019-06-28 09:55:02.212527909,100049,200,100019,388,100214,369,100018,388,100223,288,100015,100,100240,100,99983,100,100358,100,99981,25,100480,100,99963,100,100693,100,99933,100,100701,100,99931,100,101148,100,99894,100,,,99878,100
2019-06-28 09:55:10.000000000,100049,275,100019,275,100214,256,100018,275,100223,175,100015,175,100240,175,99983,175,100358,175,99981,100,100480,100,99963,100,100693,100,99933,100,100701,100,99931,100,101148,100,99894,100,,,99878,100
2019-06-28 09:55:20.000000000,100049,388,100019,388,100214,369,100018,388,100223,100,100015,100,100240,100,99983,100,100358,100,99981,25,100480,100,99963,100,100693,100,99933,100,100701,100,99931,100,101148,100,99894,100,,,99878,100
2019-06-28 09:55:30.000000000,100049,294,100019,294,100214,275,100018,294,100223,194,100015,194,100240,194,99983,194,100358,100,99981,25,100480,100,99963,100,100693,100,99933,100,100701,100,99931,100,101148,100,99894,100,,,99878,100
2019-06-28 09:55:31.096960118,100049,294,100019,194,100214,275,100018,294,100223,194,100015,194,100240,194,99983,194,100358,100,99981,25,100480,100,99963,100,100693,100,99933,100,100701,100,99931,100,101148,100,99894,100,,,99878,100
2019-06-28 09:55:34.026679821,100049,294,100019,194,100099,100,100018,294,100214,275,100015,194,100223,194,99983,194,100240,194,99981,25,100358,100,99963,100,100480,100,99933,100,100693,100,99931,100,100701,100,99894,100,101148,100,99878,100
2019-06-28 09:55:40.000000000,100049,388,100019,288,100099,288,100018,388,100214,181,100015,100,100223,100,99983,100,100240,100,99981,25,100358,100,99963,100,100480,100,99933,100,100693,100,99931,100,100701,100,99894,100,101148,100,99878,100
2019-06-28 09:55:50.000000000,100049,294,100019,194,100099,194,100018,294,100214,275,100015,194,100223,194,99983,194,100240,100,99981,25,100358,100,99963,100,100480,100,99933,100,100693,100,99931,100,100701,100,99894,100,101148,100,99878,100
2019-06-28 09:56:00.000000000,100049,294,100019,194,100099,194,100018,294,100214,275,100015,194,100223,194,99983,194,100240,100,99981,25,100358,100,99963,100,100480,100,99933,100,100693,100,99931,100,100701,100,99894,100,101148,100,99878,100
2019-06-28 09:56:01.362512849,100049,194,100019,194,100099,194,100018,294,100214,275,100015,194,100223,194,99983,194,100240,100,99981,25,100480,100,99963,100,100693,100,99933,100,100701,100,99931,100,101148,100,99894,100,,,99878,100
2019-06-28 09:56:02.289986743,100049,94,100019,194,100099,194,100018,294,100214,275,100015,194,100223,194,99983,194,100240,100,99981,25,100480,100,99963,100,100693,100,99933,100,100701,100,99931,100,101148,100,99894,100,,,99878,100
2019-06-28 09:56:10.000000000,100099,288,100019,288,100214,369,100018,388,100223,100,100015,100,100240,100,99983,100,100480,100,99981,25,100693,100,99963,100,100701,100,99933,100,101148,100,99931,100,,,99894,100,,,99878,100
2019-06-28 09:56:12.640626272,100099,288,100019,288,100214,369,100018,388,100223,100,100015,100,100240,100,99983,100,100480,100,99981,25,100499,100,99963,100,100693,100,99933,100,100701,100,99931,100,101148,100,99894,100,,,99878,100
2019-06-28 09:56:20.000000000,100099,476,100019,476,100214,181,100018,200,100223,100,100015,100,100240,100,99983,100,100480,100,99981,25,100499,100,99963,100,100693,100,99933,100,100701,100,99931,100,101148,100,99894,100,,,99878,100
2019-06-28 09:56:30.000000000,100099,288,100019,288,100214,369,100018,388,100223,100,100015,100,100240,100,99983,100,100480,100,99981,25,100499,100,99963,100,100693,100,99933,100,100701,100,99931,100,101148,100,99894,100,,,99878,100
2019-06-28 09:56:40.000000000,100099,194,100019,194,100214,275,100018,294,100223,194,100015,194,100240,194,99983,194,100480,100,99981,25,100499,100,99963,100,100693,100,99933,100,100701,100,99931,100,101148,100,99894,100,,,99878,100
2019-06-28 09:56:50.000000000,100099,228,100019,228,100214,305,100018,324,100223,224,100015,224,100240,100,99983,100,100480,100,99981,25,100499,100,99963,100,100693,100,99933,100,100701,100,99931,100,101148,100,99894,100,,,99878,100
2019-06-28 09:56:57.090555682,100099,128,100019,228,100214,305,100018,324,100223,224,100015,224,100240,100,99983,100,100480,100,99981,25,100499,100,99963,100,100693,100,99933,100,100701,100,99931,100,101148,100,99894,100,,,99878,100
2019-06-28 09:57:00.000000000,100214,557,100019,476,100223,100,100018,200,100240,100,100015,100,100480,100,99983,100,100499,100,99981,25,100693,100,99963,100,100701,100,99933,100,101148,100,99931,100,,,99894,100,,,99878,100
2019-06-28 09:57:07.088770986,100214,557,100049,100,100223,100,100019,476,100240,100,100018,200,100480,100,100015,100,100499,100,99983,100,100693,100,99981,25,100701,100,99963,100,101148,100,99933,100,,,99931,100,,,99894,100
2019-06-28 09:57:10.000000000,100214,557,100049,476,100223,100,100019,100,100240,100,100018,200,100480,100,100015,100,100499,100,99983,100,100693,100,99981,25,100701,100,99963,100,101148,100,99933,100,,,99931,100,,,99894,100
2019-06-28 09:57:13.962175615,100214,457,100049,476,100223,100,100019,100,100240,100,100018,200,100480,100,100015,100,100499,100,99983,100,100693,100,99981,25,100701,100,99963,100,101148,100,99933,100,,,99931,100,,,99894,100
2019-06-28 09:57:20.000000000,100214,457,100049,476,100223,100,100019,100,100240,100,100018,200,100480,100,100015,100,100499,100,99983,100,100693,100,99981,25,100701,100,99963,100,101148,100,99933,100,,,99931,100,,,99894,100
2019-06-28 09:57:30.000000000,100214,269,100049,288,100223,288,100019,288,100240,100,100018,200,100480,100,100015,100,100499,100,99983,100,100693,100,99981,25,100701,100,99963,100,101148,100,99933,100,,,99931,100,,,99894,100
2019-06-28 09:57:30.316328946,100214,269,100049,288,100223,288,100019,288,100240,100,100018,200,100499,100,100015,100,100546,100,99983,100,100693,100,99981,25,100701,100,99963,100,101148,100,99933,100,,,99931,100,,,99894,100
2019-06-28 09:57:40.000000000,100214,156,100049,175,100223,175,100019,175,100240,175,100018,275,100499,175,100015,175,100546,175,99983,175,100693,100,99981,25,100701,100,99963,100,101148,100,99933,100,,,99931,100,,,99894,100
2019-06-28 09:57:50.000000000,100214,209,100049,228,100223,224,100019,224,100240,224,100018,324,100499,100,100015,100,100546,100,99983,100,100693,100,99981,25,100701,100,99963,100,101148,100,99933,100,,,99931,100,,,99894,100
2019-06-28 09:58:00.000000000,100214,175,100049,194,100223,194,100019,194,100240,194,100018,294,100499,194,100015,194,100546,100,99983,100,100693,100,99981,25,100701,100,99963,100,101148,100,99933,100,,,99931,100,,,99894,100
2019-06-28 09:58:06.118197078,100214,75,100049,194,100223,194,100019,194,100240,194,100018,294,100499,194,100015,194,100546,100,99983,100,100693,100,99981,25,100701,100,99963,100,101148,100,99933,100,,,99931,100,,,99894,100
2019-06-28 09:58:06.128192267,100214,75,100049,194,100223,194,100019,194,100240,194,100018,294,100499,194,100015,194,100546,100,99983,100,100693,100,99981,25,100701,100,99963,100,100950,100,99933,100,101148,100,99931,100,,,99894,100
2019-06-28 09:58:10.000000000,100223,228,100049,228,100240,224,100019,224,100499,224,100018,324,100546,100,100015,100,100693,100,99983,100,100701,100,99981,25,100950,100,99963,100,101148,100,99933,100,,,99931,100,,,99894,100
2019-06-28 09:58:13.356857700,100223,228,100214,100,100240,224,100049,228,100499,224,100019,224,100546,100,100018,324,100693,100,100015,100,100701,100,99983,100,100950,100,99981,25,101148,100,99963,100,,,99933,100,,,99931,100
2019-06-28 09:58:20.000000000,100223,476,100214,476,100240,100,100049,100,100499,100,100019,100,100546,100,100018,200,100693,100,100015,100,100701,100,99983,100,100950,100,99981,25,101148,100,99963,100,,,99933,100,,,99931,100
2019-06-28 09:58:22.926568421,100223,376,100214,476,100240,100,100049,100,100499,100,100019,100,100546,100,100018,200,100693,100,100015,100,100701,100,99983,100,100950,100,99981,25,101148,100,99963,100,,,99933,100,,,99931,100
2019-06-28 09:58:29.080540110,100223,376,100215,100,100240,100,100214,376,100499,100,100049,100,100546,100,100019,100,100693,100,100018,200,100701,100,100015,100,100950,100,99983,100,101148,100,99981,25,,,99963,100,,,99933,100
2019-06-28 09:58:30.000000000,100240,175,100215,175,100499,175,100049,175,100546,175,100019,175,100693,175,100018,275,100701,175,100015,175,100950,100,99983,100,101148,100,99981,25,,,99963,100,,,99933,100,,,99931,100
2019-06-28 09:58:39.028103847,100240,175,100215,175,100499,175,100049,175,100546,175,100019,175,100693,175,100018,275,100701,175,100015,175,100797,100,99983,100,100950,100,99981,25,101148,100,99933,100,,,99931,100,,,99878,100
2019-06-28 09:58:40.000000000,100240,194,100215,194,100499,194,100049,194,100546,194,100019,194,100693,194,100018,294,100701,100,100015,100,100797,100,99983,100,100950,100,99981,25,101148,100,99933,100,,,99931,100,,,99878,100
2019-06-28 09:58:50.000000000,100240,228,100215,228,100499,224,100049,224,100546,224,100019,224,100693,100,100018,200,100701,100,100015,100,100797,100,99983,100,100950,100,99981,25,101148,100,99933,100,,,99931,100,,,99878,100
2019-06-28 09:58:53.835638022,100240,228,100215,228,100499,224,100049,224,100546,224,100019,224,100693,100,100018,200,100701,100,100015,100,100797,100,99983,100,100825,100,99981,25,100950,100,99933,100,101148,100,99931,100,,,99878,100
2019-06-28 09:59:00.000000000,100240,476,100215,476,100499,100,100049,100,100546,100,100019,100,100693,100,100018,200,100701,100,100015,100,100797,100,99983,100,100825,100,99981,25,100950,100,99933,100,101148,100,99931,100,,,99878,100
2019-06-28 09:59:09.612278119,100240,476,100215,576,100499,100,100049,100,100546,100,100019,100,100693,100,100018,200,100701,100,100015,100,100797,100,99983,100,100825,100,99981,25,100950,100,99933,100,101148,100,99931,100,,,99878,100
2019-06-28 09:59:09.905088010,100240,376,100215,576,100499,100,100049,100,100546,100,100019,100,100693,100,100018,200,100701,100,100015,100,100797,100,99981,25,100825,100,99933,100,100950,100,99931,100,101148,100,99878,100,,,99871,100
2019-06-28 09:59:10.000000000,100499,175,100215,275,100546,175,100049,175,100693,175,100019,175,100701,175,100018,275,100797,175,100015,175,100825,100,99981,25,100950,100,99933,100,101148,100,99931,100,,,99878,100,,,99871,100
2019-06-28 09:59:20.000000000,100499,194,100215,294,100546,194,100049,194,100693,194,100019,194,100701,194,100018,294,100797,100,100015,100,100825,100,99981,25,100950,100,99933,100,101148,100,99931,100,,,99878,100,,,99871,100
2019-06-28 09:59:30.000000000,100499,288,100215,388,100546,288,100049,288,100693,100,100019,100,100701,100,100018,200,100797,100,100015,100,100825,100,99981,25,100950,100,99933,100,101148,100,99931,100,,,99878,100,,,99871,100
2019-06-28 09:59:32.260500343,100499,288,100215,288,100546,288,100049,288,100693,100,100019,100,100701,100,100018,200,100797,100,100015,100,100825,100,99981,25,100950,100,99933,100,101148,100,99878,100,,,99871,100,,,99850,100
2019-06-28 09:59:40.000000000,100499,288,100215,288,100546,288,100049,288,100693,100,100019,100,100701,100,100018,200,100797,100,100015,100,100825,100,99981,25,100950,100,99933,100,101148,100,99878,100,,,99871,100,,,99850,100
2019-06-28 09:59:50.000000000,100499,288,100215,288,100546,288,100049,288,100693,100,100019,100,100701,100,100018,200,100797,100,100015,100,100825,100,99981,25,100950,100,99933,100,101148,100,99878,100,,,99871,100,,,99850,100
2019-06-28 10:00:00.000000000,100499,288,100215,288,100546,288,100049,288,100693,100,100019,100,100701,100,100018,200,100797,100,100015,100,100825,100,99981,25,100950,100,99933,100,101148,100,99878,100,,,99871,100,,,99850,100
2019-06-28 10:00:10.000000000,100499,476,100215,476,100546,100,100049,100,100693,100,100019,100,100701,100,100018,200,100797,100,100015,100,100825,100,99981,25,100950,100,99933,100,101148,100,99878,100,,,99871,100,,,99850,100
2019-06-28 10:00:20.000000000,100499,288,100215,288,100546,288,100049,288,100693,100,100019,100,100701,100,100018,200,100797,100,100015,100,100825,100,99981,25,100950,100,99933,100,101148,100,99878,100,,,99871,100,,,99850,100
2019-06-28 10:00:30.000000000,100499,288,100215,288,100546,288,100049,288,100693,100,100019,100,100701,100,100018,200,100797,100,100015,100,100825,100,99981,25,100950,100,99933,100,101148,100,99878,100,,,99871,100,,,99850,100
2019-06-28 10:00:40.000000000,100499,175,100215,175,100546,175,100049,175,100693,175,100019,175,100701,175,100018,275,100797,175,100015,175,100825,100,99981,25,100950,100,99933,100,101148,100,99878,100,,,99871,100,,,99850,100
2019-06-28 10:00:41.288660597,100499,175,100215,175,100546,175,100174,100,100693,175,100049,175,100701,175,100019,175,100797,175,100018,275,100825,100,100015,175,100950,100,99981,25,101148,100,99933,100,,,99878,100,,,99871,100
2019-06-28 10:00:48.039777394,100499,175,100215,175,100546,175,100174,100,100693,175,100049,175,100701,175,100019,175,100797,175,100018,275,100825,100,100015,175,100950,100,99984,100,101148,100,99981,25,,,99933,100,,,99878,100
2019-06-28 10:00:50.000000000,100499,288,100215,288,100546,288,100174,288,100693,100,100049,100,100701,100,100019,100,100797,100,100018,200,100825,100,100015,100,100950,100,99984,100,101148,100,99981,25,,,99933,100,,,99878,100
2019-06-28 10:00:54.650046736,100499,288,100215,188,100546,288,100174,288,100693,100,100049,100,100701,100,100019,100,100797,100,100018,200,100825,100,100015,100,100950,100,99984,100,101148,100,99981,25,,,99933,100,,,99878,100
2019-06-28 10:00:57.619517385,100499,288,100215,88,100546,288,100174,288,100693,100,100049,100,100701,100,100019,100,100797,100,100018,200,100825,100,100015,100,100950,100,99984,100,101148,100,99981,25,,,99933,100,,,99878,100
2019-06-28 10:01:00.000000000,100499,288,100174,288,100546,288,100049,288,100693,100,100019,100,100701,100,100018,200,100797,100,100015,100,100825,100,99984,100,100950,100,99981,25,101148,100,99933,100,,,99878,100,,,99850,100
2019-06-28 10:01:08.490176697,100271,100,100174,288,100499,288,100049,288,100546,288,100019,100,100701,100,100018,200,100797,100,100015,100,100825,100,99984,100,100950,100,99981,25,101148,100,99933,100,,,99878,100,,,99850,100
2019-06-28 10:01:09.537763546,100271,100,100174,188,100499,288,100049,288,100546,288,100019,100,100701,100,100018,200,100797,100,100015,100,100825,100,99984,100,100950,100,99981,25,101148,100,99933,100,,,99878,100,,,99850,100
2019-06-28 10:01:10.000000000,100271,228,100049,228,100499,224,100019,224,100546,224,100018,324,100701,100,100015,100,100797,100,99984,100,100825,100,99981,25,100950,100,99933,100,101148,100,99878,100,,,99850,100,,,99827,100
2019-06-28 10:01:20.000000000,100271,288,100049,288,100499,288,100019,288,100546,100,100018,200,100701,100,100015,100,100797,100,99984,100,100825,100,99981,25,100950,100,99933,100,101148,100,99878,100,,,99850,100,,,99827,100
2019-06-28 10:01:30.000000000,100271,288,100049,288,100499,288,100019,288,100546,100,100018,200,100701,100,100015,100,100797,100,99984,100,100825,100,99981,25,100950,100,99933,100,101148,100,99878,100,,,99850,100,,,99827,100
2019-06-28 10:01:40.000000000,100271,194,100049,194,100499,194,100019,194,100546,194,100018,294,100701,194,100015,194,100797,100,99984,100,100825,100,99981,25,100950,100,99933,100,101148,100,99878,100,,,99850,100,,,99827,100
2019-06-28 10:01:45.554823620,100271,194,100049,194,100392,100,100019,194,100499,194,100018,294,100546,194,100015,194,100701,194,99984,100,100797,100,99981,25,100825,100,99933,100,100950,100,99878,100,101148,100,99827,100,,,99816,100
2019-06-28 10:01:50.000000000,100271,194,100049,194,100392,194,100019,194,100499,194,100018,294,100546,194,100015,194,100701,100,99984,100,100797,100,99981,25,100825,100,99933,100,100950,100,99878,100,101148,100,99827,100,,,99816,100
2019-06-28 10:01:59.757032124,100271,194,100049,194,100392,194,100019,194,100499,194,100018,294,100546,194,100015,94,100701,100,99984,100,100797,100,99981,25,100825,100,99933,100,100950,100,99878,100,101148,100,99827,100,,,99816,100
2019-06-28 10:02:00.000000000,100271,194,100049,194,100392,194,100019,194,100499,194,100018,294,100546,194,99984,194,100701,100,99981,25,100797,100,99933,100,100825,100,99878,100,100950,100,99827,100,101148,100,99816,100,,,99799,100
2019-06-28 10:02:01.535224946,100271,94,100049,194,100392,194,100019,194,100499,194,100018,294,100546,194,99984,194,100701,100,99981,25,100797,100,99933,100,100825,100,99878,100,100950,100,99827,100,101148,100,99816,100,,,99799,100
2019-06-28 10:02:01.960520391,100271,94,100175,100,100392,194,100049,194,100499,194,100019,194,100546,194,100018,194,100701,100,99984,194,100797,100,99981,25,100825,100,99933,100,100950,100,99878,100,101148,100,99827,100,,,99816,100
2019-06-28 10:02:04.354090729,100271,94,100175,100,100392,194,100049,194,100499,194,100019,194,100507,100,100018,194,100546,194,99984,194,100701,100,99981,25,100797,100,99933,100,100825,100,99878,100,100950,100,99827,100,101148,100,99816,100
2019-06-28 10:02:10.000000000,100392,476,100175,476,100499,100,100049,100,100507,100,100019,100,100546,100,100018,100,100701,100,99984,100,100797,100,99981,25,100825,100,99933,100,100950,100,99878,100,101148,100,99827,100,,,99816,100
2019-06-28 10:02:20.000000000,100392,175,100175,175,100499,175,100049,175,100507,175,100019,175,100546,175,100018,175,100701,175,99984,175,100797,100,99981,25,100825,100,99933,100,100950,100,99878,100,101148,100,99827,100,,,99816,100
2019-06-28 10:02:30.000000000,100392,175,100175,175,100499,175,100049,175,100507,175,100019,175,100546,175,100018,175,100701,175,99984,175,100797,100,99981,25,100825,100,99933,100,100950,100,99878,100,101148,100,99827,100,,,99816,100
2019-06-28 10:02:37.078980767,100270,100,100175,175,100392,175,100049,175,100499,175,100019,175,100507,175,100018,175,100546,175,99984,175,100701,175,99981,25,100797,100,99933,100,100825,100,99878,100,100950,100,99827,100,101148,100,99816,100
2019-06-28 10:02:39.121303069,100270,100,100175,175,100392,175,100049,175,100499,175,100019,175,100507,175,100018,75,100546,175,99984,175,100701,175,99981,25,100797,100,99933,100,100825,100,99878,100,100950,100,99827,100,101148,100,99816,100
2019-06-28 10:02:40.000000000,100270,476,100175,476,100392,100,100049,100,100499,100,100019,100,100507,100,99984,100,100546,100,99981,25,100701,100,99933,100,100797,100,99878,100,100825,100,99827,100,100950,100,99816,100,101148,100,99799,100
2019-06-28 10:02:50.000000000,100270,476,100175,476,100392,100,100049,100,100499,100,100019,100,100507,100,99984,100,100546,100,99981,25,100701,100,99933,100,100797,100,99878,100,100825,100,99827,100,100950,100,99816,100,101148,100,99799,100
2019-06-28 10:02:53.339295754,100231,100,100175,476,100270,476,100049,100,100392,100,100019,100,100499,100,99984,100,100507,100,99981,25,100546,100,99933,100,100701,100,99878,100,100825,100,99827,100,100950,100,99816,100,101148,100,99799,100
2019-06-28 10:03:00.000000000,100231,175,100175,175,100270,175,100049,175,100392,175,100019,175,100499,175,99984,175,100507,175,99981,100,100546,100,99933,100,100701,100,99878,100,100825,100,99827,100,100950,100,99816,100,101148,100,99799,100
2019-06-28 10:03:10.000000000,100231,175,100175,175,100270,175,100049,175,100392,175,100019,175,100499,175,99984,175,100507,175,99981,100,100546,100,99933,100,100701,100,99878,100,100825,100,99827,100,100950,100,99816,100,101148,100,99799,100
2019-06-28 10:03:18.076012205,100231,175,100175,275,100270,175,100049,175,100392,175,100019,75,100499,175,99984,175,100507,175,99981,100,100546,100,99933,100,100701,100,99878,100,100825,100,99827,100,100950,100,99816,100,101148,100,99799,100
2019-06-28 10:03:20.000000000,100231,194,100175,294,100270,194,100049,194,100392,194,99984,194,100499,194,99981,119,100507,100,99933,100,100546,100,99878,100,100701,100,99827,100,100825,100,99816,100,100950,100,99799,100,101148,100,99781,100
2019-06-28 10:03:30.000000000,100231,194,100175,294,100270,194,100049,194,100392,194,99984,194,100499,194,99981,119,100507,100,99933,100,100546,100,99878,100,100701,100,99827,100,100825,100,99816,100,100950,100,99799,100,101148,100,99781,100
2019-06-28 10:03:40.000000000,100231,194,100175,294,100270,194,100049,194,100392,194,99984,194,100499,194,99981,119,100507,100,99933,100,100546,100,99878,100,100701,100,99827,100,100825,100,99816,100,100950,100,99799,100,101148,100,99781,100
2019-06-28 10:03:50.000000000,100231,175,100175,275,100270,175,100049,175,100392,175,99984,175,100499,175,99981,100,100507,175,99933,175,100546,100,99878,100,100701,100,99827,100,100825,100,99816,100,100950,100,99799,100,101148,100,99781,100
2019-06-28 10:03:55.947170404,100231,175,100175,175,100270,175,100049,175,100392,175,99984,75,100499,175,99981,100,100507,175,99933,175,100546,100,99878,100,100701,100,99827,100,100825,100,99816,100,100950,100,99799,100,101148,100,99781,100
2019-06-28 10:04:00.000000000,100231,228,100175,228,100270,224,100049,224,100392,224,99981,149,100499,100,99933,100,100507,100,99878,100,100546,100,99827,100,100701,100,99816,100,100825,100,99799,100,100950,100,99781,100,101148,100,99763,100
2019-06-28 10:04:00.630904539,100231,228,100175,128,100270,224,100049,224,100392,224,99981,149,100499,100,99933,100,100507,100,99878,100,100546,100,99827,100,100701,100,99816,100,100825,100,99799,100,100950,100,99781,100,101148,100,99763,100
2019-06-28 10:04:10.000000000,100231,175,100049,175,100270,175,99981,100,100392,175,99933,175,100499,175,99878,175,100507,175,99827,175,100546,100,99816,100,100701,100,99799,100,100825,100,99781,100,100950,100,99763,100,101148,100,99762,100
2019-06-28 10:04:20.000000000,100231,288,100049,288,100270,288,99981,213,100392,100,99933,100,100499,100,99878,100,100507,100,99827,100,100546,100,99816,100,100701,100,99799,100,100825,100,99781,100,100950,100,99763,100,101148,100,99762,100
2019-06-28 10:04:20.420060929,100231,288,100076,100,100270,288,100049,288,100392,100,99981,213,100499,100,99933,100,100507,100,99878,100,100546,100,99827,100,100701,100,99816,100,100825,100,99799,100,100950,100,99781,100,101148,100,99763,100
2019-06-28 10:04:23.271164985,100231,288,100097,100,100270,288,100076,100,100392,100,100049,288,100499,100,99981,213,100507,100,99933,100,100546,100,99878,100,100701,100,99827,100,100825,100,99816,100,100950,100,99799,100,101148,100,99781,100
2019-06-28 10:04:30.000000000,100231,175,100097,175,100270,175,100076,175,100392,175,100049,175,100499,175,99981,100,100507,175,99933,175,100546,100,99878,100,100701,100,99827,100,100825,100,99816,100,100950,100,99799,100,101148,100,99781,100
2019-06-28 10:04:32.017869478,100175,100,100097,175,100231,175,100076,175,100270,175,100049,175,100392,175,99981,100,100499,175,99933,175,100507,175,99878,100,100546,100,99827,100,100701,100,99816,100,100825,100,99799,100,100950,100,99781,100
2019-06-28 10:04:40.000000000,100175,288,100097,288,100231,288,100076,288,100270,100,100049,100,100392,100,99981,25,100499,100,99933,100,100507,100,99878,100,100546,100,99827,100,100701,100,99816,100,100825,100,99799,100,100950,100,99781,100
2019-06-28 10:04:49.629410878,100112,100,100097,288,100175,288,100076,288,100231,288,100049,100,100270,100,99981,25,100392,100,99933,100,100499,100,99878,100,100507,100,99827,100,100546,100,99799,100,100701,100,99781,100,100825,100,99763,100
2019-06-28 10:04:50.000000000,100112,194,100097,194,100175,194,100076,194,100231,194,100049,194,100270,194,99981,119,100392,100,99933,100,100499,100,99878,100,100507,100,99827,100,100546,100,99799,100,100701,100,99781,100,100825,100,99763,100
2019-06-28 10:05:00.000000000,100112,194,100097,194,100175,194,100076,194,100231,194,100049,194,100270,194,99981,119,100392,100,99933,100,100499,100,99878,100,100507,100,99827,100,100546,100,99799,100,100701,100,99781,100,100825,100,99763,100
2019-06-28 10:05:10.000000000,100112,288,100097,288,100175,288,100076,288,100231,100,100049,100,100270,100,99981,25,100392,100,99933,100,100499,100,99878,100,100507,100,99827,100,100546,100,99799,100,100701,100,99781,100,100825,100,99763,100
2019-06-28 10:05:11.039339081,100112,288,100097,288,100175,288,100076,288,100231,100,100049,100,100270,100,99981,25,100392,100,99933,100,100499,100,99878,100,100507,100,99827,100,100701,100,99799,100,100825,100,99781,100,100950,100,99763,100
2019-06-28 10:05:18.996340803,100112,288,100097,288,100175,388,100076,288,100231,100,100049,100,100270,100,99981,25,100392,100,99933,100,100499,100,99878,100,100507,100,99827,100,100701,100,99799,100,100825,100,99781,100,100950,100,99763,100
2019-06-28 10:05:20.000000000,100112,476,100097,476,100175,200,100076,100,100231,100,100049,100,100270,100,99981,25,100392,100,99933,100,100499,100,99878,100,100507,100,99827,100,100701,100,99799,100,100825,100,99781,100,100950,100,99763,100
2019-06-28 10:05:30.000000000,100112,228,100097,228,100175,324,100076,224,100231,224,100049,224,100270,100,99981,25,100392,100,99933,100,100499,100,99878,100,100507,100,99827,100,100701,100,99799,100,100825,100,99781,100,100950,100,99763,100
2019-06-28 10:05:40.000000000,100112,175,100097,175,100175,275,100076,175,100231,175,100049,175,100270,175,99981,100,100392,175,99933,175,100499,100,99878,100,100507,100,99827,100,100701,100,99799,100,100825,100,99781,100,100950,100,99763,100
2019-06-28 10:05:50.000000000,100112,228,100097,228,100175,324,100076,224,100231,224,100049,224,100270,100,99981,25,100392,100,99933,100,100499,100,99878,100,100507,100,99827,100,100701,100,99799,100,100825,100,99781,100,100950,100,99763,100
2019-06-28 10:06:00.000000000,100112,194,100097,194,100175,294,100076,194,100231,194,100049,194,100270,194,99981,119,100392,100,99933,100,100499,100,99878,100,100507,100,99827,100,100701,100,99799,100,100825,100,99781,100,100950,100,99763,100
2019-06-28 10:06:10.000000000,100112,288,100097,288,100175,388,100076,288,100231,100,100049,100,100270,100,99981,25,100392,100,99933,100,100499,100,99878,100,100507,100,99827,100,100701,100,99799,100,100825,100,99781,100,100950,100,99763,100
2019-06-28 10:06:20.000000000,100112,228,100097,228,100175,324,100076,224,100231,224,100049,224,100270,100,99981,25,100392,100,99933,100,100499,100,99878,100,100507,100,99827,100,100701,100,99799,100,100825,100,99781,100,100950,100,99763,100
2019-06-28 10:06:30.000000000,100112,228,100097,228,100175,324,100076,224,100231,224,100049,224,100270,100,99981,25,100392,100,99933,100,100499,100,99878,100,100507,100,99827,100,100701,100,99799,100,100825,100,99781,100,100950,100,99763,100
2019-06-28 10:06:39.925835225,100112,228,100097,228,100175,324,100076,224,100231,224,100049,124,100270,100,99981,25,100392,100,99933,100,100499,100,99878,100,100507,100,99827,100,100701,100,99799,100,100825,100,99781,100,100950,100,99763,100
