,ask_price_1,ask_size_1,bid_price_1,bid_size_1,ask_price_2,ask_size_2,bid_price_2,bid_size_2,ask_price_3,ask_size_3,bid_price_3,bid_size_3,ask_price_4,ask_size_4,bid_price_4,bid_size_4,ask_price_5,ask_size_5,bid_price_5,bid_size_5,ask_price_6,ask_size_6,bid_price_6,bid_size_6,ask_price_7,ask_size_7,bid_price_7,bid_size_7,ask_price_8,ask_size_8,bid_price_8,bid_size_8,ask_price_9,ask_size_9,bid_price_9,bid_size_9,ask_price_10,ask_size_10,bid_price_10,bid_size_10
2019-06-28 09:30:00.000000001,100134,100,99863,100,,,,,,,,,,,,,,,,,,,,,,,,,,,,,,,,,,,,
2019-06-28 09:30:00.000000003,100045,100,99923,100,100134,100,99863,100,,,,,,,,,,,,,,,,,,,,,,,,,,,,,,,,
2019-06-28 09:30:00.000000004,100134,100,99923,100,,,99863,100,,,,,,,,,,,,,,,,,,,,,,,,,,,,,,,,
2019-06-28 09:30:00.000000006,100134,100,100007,100,,,99927,100,,,99923,100,,,99863,100,,,,,,,,,,,,,,,,,,,,,,,,
2019-06-28 09:30:00.000000008,100134,100,100007,100,,,99927,100,,,99923,100,,,99863,100,,,,,,,,,,,,,,,,,,,,,,,,
2019-06-28 09:30:00.000000010,100134,100,99927,100,,,99923,100,,,99863,100,,,,,,,,,,,,,,,,,,,,,,,,,,,,
2019-06-28 09:30:00.000000012,100134,100,99928,100,,,99927,100,,,99923,100,,,99863,100,,,,,,,,,,,,,,,,,,,,,,,,
2019-06-28 09:30:00.000000014,100134,100,99928,100,,,99927,100,,,99923,100,,,99915,100,,,99863,100,,,,,,,,,,,,,,,,,,,,
2019-06-28 09:30:00.000000016,100043,100,99928,100,100134,100,99927,100,100241,100,99923,100,,,99915,100,,,99863,100,,,,,,,,,,,,,,,,,,,,
2019-06-28 09:30:00.000000017,100043,100,99928,100,100056,100,99927,100,100134,100,99923,100,100241,100,99915,100,,,99863,100,,,,,,,,,,,,,,,,,,,,
2019-06-28 09:30:00.000000019,100043,100,99928,100,100056,100,99927,200,100134,100,99923,100,100241,100,99915,100,,,99863,100,,,,,,,,,,,,,,,,,,,,
2019-06-28 09:30:00.000000020,100043,100,99928,100,100056,100,99927,200,100131,100,99923,100,100134,100,99915,100,100241,100,99863,100,,,,,,,,,,,,,,,,,,,,
2019-06-28 09:30:00.000000023,100043,100,99928,100,100056,100,99927,200,100059,100,99923,100,100131,100,99915,100,100134,100,99863,100,100241,100,,,,,,,,,,,,,,,,,,
2019-06-28 09:30:00.000000025,100043,200,99928,100,100056,100,99927,200,100059,100,99923,100,100131,100,99915,100,100134,100,99863,100,100241,100,,,,,,,,,,,,,,,,,,
2019-06-28 09:30:00.000000026,100043,200,99963,100,100056,100,99928,100,100059,100,99927,200,100131,100,99923,100,100134,100,99915,100,100241,100,99863,100,,,99827,100,,,,,,,,,,,,
2019-06-28 09:30:00.000000027,100043,200,99963,100,100056,100,99928,100,100059,100,99927,200,100131,100,99923,100,100134,100,99915,100,100241,100,99867,100,,,99863,100,,,99827,100,,,99816,100,,,,
2019-06-28 09:30:00.000000028,100043,200,99963,100,100056,100,99928,100,100059,100,99927,200,100131,100,99923,100,100134,100,99915,100,100241,100,99867,100,,,99863,100,,,99827,100,,,99822,100,,,99816,100
2019-06-28 09:30:00.000000032,99999,100,99963,100,100043,200,99928,100,100056,100,99927,200,100059,100,99923,100,100131,100,99915,100,100134,100,99867,100,100241,100,99863,100,,,99827,100,,,99822,100,,,99816,100
2019-06-28 09:30:00.000000033,99999,100,99963,100,100043,200,99942,100,100056,100,99928,100,100059,100,99927,200,100131,100,99923,100,100134,100,99915,100,100241,100,99867,100,,,99863,100,,,99827,100,,,99822,100
2019-06-28 09:30:00.000000035,100043,200,99963,100,100056,100,99942,100,100059,100,99928,100,100131,100,99927,200,100134,100,99923,100,100241,100,99915,100,,,99881,100,,,99867,100,,,99863,100,,,99827,100
2019-06-28 09:30:00.000000038,100007,100,99963,100,100043,200,99942,100,100056,100,99928,100,100059,100,99927,200,100084,100,99923,100,100131,100,99915,100,100134,100,99881,100,100241,100,99867,100,,,99863,100,,,99827,100
2019-06-28 09:30:00.000000045,99975,100,99963,100,100007,100,99942,100,100043,200,99928,100,100056,100,99927,200,100059,100,99923,100,100084,100,99915,100,100131,100,99881,100,100134,100,99867,100,100241,100,99863,100,,,99827,100
2019-06-28 09:30:00.000000046,100007,100,99963,100,100043,200,99942,100,100056,100,99928,100,100059,100,99927,200,100084,100,99923,100,100131,100,99915,100,100134,100,99881,100,100241,100,99867,100,,,99863,100,,,99837,100
2019-06-28 09:30:00.000000048,100007,100,99963,100,100043,200,99942,100,100056,100,99928,100,100059,100,99927,200,100076,100,99923,100,100084,100,99915,100,100131,100,99881,100,100134,100,99867,100,100241,100,99863,100,,,99837,100
2019-06-28 09:30:00.000000049,100007,100,99968,100,100043,200,99963,100,100056,100,99942,100,100059,100,99928,100,100076,100,99927,200,100084,100,99923,100,100131,100,99915,100,100134,100,99881,100,100241,100,99867,100,,,99863,100
2019-06-28 09:30:00.000000053,100007,100,99968,100,100043,200,99963,100,100056,100,99942,100,100059,100,99928,100,100076,100,99927,200,100084,100,99923,100,100131,100,99915,100,100134,100,99897,100,100241,100,99881,100,,,99867,100
2019-06-28 09:30:00.000000054,100007,100,99968,100,100026,100,99963,100,100043,200,99942,100,100056,100,99928,100,100059,100,99927,200,100076,100,99923,100,100084,100,99915,100,100131,100,99897,100,100134,100,99881,100,100241,100,99867,100
2019-06-28 09:30:00.000000056,100007,100,99968,100,100026,100,99963,100,100043,200,99942,100,100056,100,99928,100,100059,100,99927,200,100076,100,99923,100,100084,100,99915,100,100131,100,99897,100,100134,100,99881,100,100241,100,99867,100
2019-06-28 09:30:00.000000059,100026,100,100007,100,100043,200,99968,100,100056,100,99963,100,100059,100,99942,100,100076,100,99928,100,100084,100,99927,200,100131,100,99923,100,100134,100,99915,100,100241,100,99897,100,,,99881,100
2019-06-28 09:30:00.000000062,100019,100,100007,100,100026,100,99968,100,100043,200,99963,100,100056,100,99942,100,100059,100,99928,100,100076,100,99927,200,100084,100,99923,100,100131,100,99915,100,100134,100,99897,100,100241,100,99881,100
2019-06-28 09:30:00.000000063,100019,100,100007,100,100026,100,99968,100,100043,200,99963,100,100056,100,99942,100,100059,100,99928,100,100076,100,99927,200,100084,100,99923,100,100131,100,99915,100,100134,100,99897,100,100241,100,99881,100
2019-06-28 09:30:00.000000064,100019,100,100007,200,100026,100,99968,100,100043,200,99963,100,100056,100,99942,100,100059,100,99928,100,100076,100,99927,200,100084,100,99923,100,100131,100,99915,100,100134,100,99897,100,100241,100,99881,100
2019-06-28 09:30:00.000000066,100019,100,100007,200,100026,100,99968,100,100043,200,99963,100,100056,100,99942,100,100059,100,99928,100,100076,100,99927,200,100084,100,99923,100,100131,100,99915,100,100134,100,99897,100,100155,100,99881,100
2019-06-28 09:30:00.000000069,100019,100,100007,100,100026,100,99968,100,100043,200,99963,100,100056,100,99942,100,100059,100,99928,100,100076,100,99927,200,100084,100,99923,100,100131,100,99915,100,100134,100,99897,100,100155,100,99881,100
2019-06-28 09:30:00.000000071,100019,100,100007,100,100026,100,99968,100,100042,100,99963,100,100043,200,99942,100,100056,100,99928,100,100059,100,99927,200,100076,100,99923,100,100084,100,99915,100,100123,100,99897,100,100131,100,99881,100
2019-06-28 09:30:00.000000076,100019,100,100007,100,100026,100,99968,100,100042,100,99963,100,100043,200,99942,100,100056,100,99928,100,100059,100,99927,200,100061,100,99923,100,100076,100,99915,100,100084,100,99897,100,100123,100,99881,100
2019-06-28 09:30:00.000000079,100019,100,100007,100,100026,100,99968,100,100042,100,99963,100,100043,200,99942,100,100056,100,99928,100,100059,100,99927,200,100061,100,99923,100,100076,100,99915,100,100084,100,99897,100,100123,100,99881,100
2019-06-28 09:30:00.000000080,100019,100,100007,200,100026,100,99968,100,100042,100,99963,100,100043,200,99942,100,100056,100,99928,100,100059,100,99927,200,100061,100,99923,100,100076,100,99915,100,100084,100,99897,100,100107,100,99881,100
2019-06-28 09:30:00.000000081,100019,100,100007,100,100026,100,99968,100,100042,100,99963,100,100043,200,99942,100,100056,100,99928,100,100059,100,99927,200,100061,100,99923,100,100076,100,99915,100,100084,100,99897,100,100107,100,99881,100
2019-06-28 09:30:00.000000089,100019,100,99968,100,100026,100,99963,100,100042,100,99942,100,100043,200,99928,100,100056,100,99927,200,100059,100,99923,100,100061,100,99915,100,100076,100,99897,100,100084,100,99881,100,100107,100,99867,100
2019-06-28 09:30:00.000000090,100019,100,99968,100,100026,100,99963,100,100042,100,99959,100,100043,200,99942,100,100056,100,99928,100,100059,100,99927,200,100061,100,99923,100,100076,100,99915,100,100084,100,99897,100,100107,100,99881,100
2019-06-28 09:30:00.000000092,100019,100,99968,100,100026,100,99963,100,100042,100,99959,100,100043,200,99942,100,100056,100,99928,100,100059,100,99927,200,100061,100,99923,100,100076,100,99915,100,100084,100,99897,100,100107,100,99887,100
2019-06-28 09:30:00.000000093,100019,100,99968,100,100020,100,99963,100,100026,100,99959,100,100042,100,99942,100,100043,200,99928,100,100056,100,99927,200,100059,100,99923,100,100061,100,99915,100,100076,100,99897,100,100084,100,99887,100
2019-06-28 09:30:00.000000095,100019,100,99968,100,100020,100,99963,100,100026,100,99959,100,100042,100,99942,100,100043,200,99928,100,100056,100,99927,200,100059,100,99926,100,100061,100,99923,100,100076,100,99915,100,100084,100,99897,100
2019-06-28 09:30:00.000000096,99990,100,99968,100,100019,100,99963,100,100020,100,99959,100,100026,100,99942,100,100042,100,99928,100,100043,200,99927,200,100056,100,99926,100,100059,100,99923,100,100061,100,99915,100,100076,100,99897,100
2019-06-28 09:30:00.000000097,100019,100,99968,100,100020,100,99963,100,100026,100,99959,100,100042,100,99942,100,100043,200,99928,100,100056,100,99927,200,100059,100,99926,100,100061,100,99923,100,100076,100,99915,100,100084,100,99897,100
2019-06-28 09:30:04.414654351,100019,100,99990,100,100020,100,99968,100,100026,100,99963,100,100042,100,99959,100,100043,200,99942,100,100056,100,99928,100,100059,100,99927,200,100061,100,99926,100,100076,100,99923,100,100084,100,99915,100
2019-06-28 09:30:10.000000000,100019,408,99990,408,100020,100,99968,100,100026,100,99963,100,100042,100,99959,100,100043,200,99942,100,100056,100,99928,100,100059,100,99927,200,100061,100,99926,100,100076,100,99923,100,100084,100,99915,100
2019-06-28 09:30:20.000000000,100019,254,99990,254,100020,254,99968,254,100026,100,99963,100,100042,100,99959,100,100043,200,99942,100,100056,100,99928,100,100059,100,99927,200,100061,100,99926,100,100076,100,99923,100,100084,100,99915,100
2019-06-28 09:30:30.000000000,100019,254,99990,254,100020,254,99968,254,100026,100,99963,100,100042,100,99959,100,100043,200,99942,100,100056,100,99928,100,100059,100,99927,200,100061,100,99926,100,100076,100,99923,100,100084,100,99915,100
2019-06-28 09:30:40.000000000,100019,162,99990,162,100020,162,99968,162,100026,162,99963,162,100042,162,99959,162,100043,262,99942,162,100056,100,99928,100,100059,100,99927,200,100061,100,99926,100,100076,100,99923,100,100084,100,99915,100
2019-06-28 09:30:43.110889738,100019,162,99990,162,100020,162,99968,162,100026,162,99963,162,100042,162,99959,162,100043,262,99942,162,100056,100,99928,100,100059,100,99927,200,100061,100,99926,100,100076,100,99923,100,100084,100,99915,100
2019-06-28 09:30:44.772790969,100019,162,99990,62,100020,162,99968,162,100026,162,99963,162,100042,162,99959,162,100043,262,99942,162,100056,100,99928,100,100059,100,99927,200,100076,100,99926,100,100084,100,99923,100,100107,100,99915,100
2019-06-28 09:30:48.331422031,99990,38,99968,162,100019,162,99963,162,100020,162,99959,162,100026,162,99942,162,100042,162,99928,100,100043,262,99927,200,100056,100,99926,100,100059,100,99923,100,100076,100,99915,100,100084,100,99897,100
2019-06-28 09:30:49.080080894,99990,38,99968,162,100019,162,99963,162,100020,162,99959,162,100026,162,99942,162,100042,162,99928,100,100043,262,99927,200,100056,100,99926,100,100059,100,99923,100,100076,100,99915,100,100084,100,99897,100
2019-06-28 09:30:50.000000000,99990,143,99968,205,100019,202,99963,202,100020,202,99959,202,100026,100,99942,100,100042,100,99928,100,100043,200,99927,200,100056,100,99926,100,100059,100,99923,100,100076,100,99915,100,100084,100,99897,100
2019-06-28 09:30:52.223047256,99990,243,99968,205,100019,202,99963,202,100020,202,99959,202,100026,100,99942,100,100042,100,99928,100,100043,200,99927,200,100056,100,99926,100,100059,100,99923,100,100076,100,99915,100,100084,100,99897,100
2019-06-28 09:30:55.980341353,99990,243,99968,105,100019,202,99963,202,100020,202,99959,202,100026,100,99942,100,100042,100,99928,100,100043,200,99927,200,100056,100,99926,100,100059,100,99923,100,100076,100,99915,100,100084,100,99897,100
2019-06-28 09:31:00.000000000,99990,215,99963,177,100019,177,99959,177,100020,177,99942,177,100026,177,99928,177,100042,100,99927,200,100043,200,99926,100,100056,100,99923,100,100059,100,99915,100,100076,100,99897,100,100084,100,99887,100
2019-06-28 09:31:10.000000000,99990,243,99963,205,100019,202,99959,202,100020,202,99942,202,100026,100,99928,100,100042,100,99927,200,100043,200,99926,100,100056,100,99923,100,100059,100,99915,100,100076,100,99897,100,100084,100,99887,100
2019-06-28 09:31:16.594462935,99990,243,99963,105,100019,202,99959,202,100020,202,99942,202,100026,100,99928,100,100042,100,99927,200,100043,200,99926,100,100056,100,99923,100,100059,100,99897,100,100076,100,99887,100,100084,100,99881,100
2019-06-28 09:31:20.000000000,99990,446,99959,408,100019,100,99942,100,100020,100,99928,100,100026,100,99927,200,100042,100,99926,100,100043,200,99923,100,100056,100,99897,100,100059,100,99887,100,100076,100,99881,100,100084,100,99867,100
2019-06-28 09:31:24.570416458,99990,446,99959,408,100019,100,99942,100,100020,100,99928,100,100026,100,99927,200,100042,100,99926,100,100043,200,99923,100,100056,100,99897,100,100059,100,99887,100,100076,100,99881,100,100084,100,99863,100
2019-06-28 09:31:30.000000000,99990,200,99959,162,100019,162,99942,162,100020,162,99928,162,100026,162,99927,262,100042,162,99926,162,100043,200,99923,100,100056,100,99897,100,100059,100,99887,100,100076,100,99881,100,100084,100,99863,100
2019-06-28 09:31:40.000000000,99990,215,99959,177,100019,177,99942,177,100020,177,99928,177,100026,177,99927,277,100042,100,99926,100,100043,200,99923,100,100056,100,99897,100,100059,100,99887,100,100076,100,99881,100,100084,100,99863,100
2019-06-28 09:31:42.637400451,99990,215,99959,177,100019,177,99942,177,100020,177,99928,177,100026,177,99927,277,100042,100,99926,100,100043,200,99923,100,100056,100,99897,100,100059,100,99887,100,100076,100,99881,100,100084,100,99863,100
2019-06-28 09:31:50.000000000,99990,200,99959,162,100019,162,99942,162,100020,162,99928,162,100026,162,99927,262,100042,162,99926,162,100043,200,99923,100,100056,100,99897,100,100059,100,99887,100,100076,100,99881,100,100084,100,99863,100
2019-06-28 09:31:51.694144679,99959,38,99942,162,99990,200,99928,162,100019,162,99927,262,100020,162,99926,162,100026,162,99923,100,100042,162,99897,100,100043,200,99887,100,100056,100,99881,100,100059,100,99863,100,100076,100,99837,100
2019-06-28 09:32:00.000000000,99959,143,99942,205,99990,240,99928,202,100019,202,99927,302,100020,100,99926,100,100026,100,99923,100,100042,100,99897,100,100043,200,99887,100,100056,100,99881,100,100059,100,99863,100,100076,100,99837,100
2019-06-28 09:32:10.000000000,99959,192,99942,254,99990,292,99928,254,100019,100,99927,200,100020,100,99926,100,100026,100,99923,100,100042,100,99897,100,100043,200,99887,100,100056,100,99881,100,100059,100,99863,100,100076,100,99837,100
2019-06-28 09:32:20.000000000,99959,192,99942,254,99990,292,99928,254,100019,100,99927,200,100020,100,99926,100,100026,100,99923,100,100042,100,99897,100,100043,200,99887,100,100056,100,99881,100,100059,100,99863,100,100076,100,99837,100
2019-06-28 09:32:29.740490081,99959,192,99942,154,99990,292,99928,254,100019,100,99927,200,100020,100,99926,100,100026,100,99923,100,100042,100,99897,100,100043,200,99887,100,100056,100,99881,100,100059,100,99863,100,100076,100,99837,100
2019-06-28 09:32:30.000000000,99959,115,99928,177,99990,215,99927,277,100019,177,99926,177,100020,177,99923,177,100026,100,99897,100,100042,100,99887,100,100043,200,99881,100,100056,100,99863,100,100059,100,99837,100,100076,100,99832,100
2019-06-28 09:32:32.836529478,99958,100,99928,177,99959,115,99927,277,99990,215,99926,177,100019,177,99923,177,100020,177,99897,100,100026,100,99887,100,100042,100,99881,100,100043,200,99863,100,100056,100,99837,100,100059,100,99832,100
2019-06-28 09:32:40.000000000,99958,205,99928,205,99959,140,99927,302,99990,240,99926,202,100019,100,99923,100,100020,100,99897,100,100026,100,99887,100,100042,100,99881,100,100043,200,99863,100,100056,100,99837,100,100059,100,99832,100
2019-06-28 09:32:50.000000000,99958,162,99928,162,99959,100,99927,262,99990,200,99926,162,100019,162,99923,162,100020,162,99897,162,100026,100,99887,100,100042,100,99881,100,100043,200,99863,100,100056,100,99837,100,100059,100,99832,100
2019-06-28 09:32:55.881181768,99958,162,99928,162,99959,100,99927,262,99990,200,99926,162,100019,162,99923,162,100020,162,99897,162,100026,100,99887,100,100042,100,99881,100,100043,200,99863,100,100056,100,99837,100,100059,100,99832,100
2019-06-28 09:33:00.000000000,99958,254,99928,254,99959,192,99927,354,99990,138,99926,100,100019,100,99923,100,100020,100,99897,100,100026,100,99887,100,100042,100,99881,100,100043,200,99863,100,100056,100,99837,100,100059,100,99832,100
2019-06-28 09:33:02.234514381,99958,254,99928,154,99959,154,99927,354,99990,138,99926,100,100019,100,99923,100,100020,100,99897,100,100026,100,99887,100,100042,100,99881,100,100043,200,99863,100,100056,100,99837,100,100059,100,99832,100
2019-06-28 09:33:10.000000000,99958,162,99927,262,99990,200,99926,162,100019,162,99923,162,100020,162,99897,162,100026,162,99887,162,100042,100,99881,100,100043,200,99863,100,100056,100,99837,100,100059,100,99832,100,100076,100,99827,100
2019-06-28 09:33:20.000000000,99958,205,99927,305,99990,240,99926,202,100019,202,99923,202,100020,100,99897,100,100026,100,99887,100,100042,100,99881,100,100043,200,99863,100,100056,100,99837,100,100059,100,99832,100,100076,100,99827,100
2019-06-28 09:33:30.000000000,99958,205,99927,305,99990,240,99926,202,100019,202,99923,202,100020,100,99897,100,100026,100,99887,100,100042,100,99881,100,100043,200,99863,100,100056,100,99837,100,100059,100,99832,100,100076,100,99827,100
2019-06-28 09:33:31.701256073,99958,205,99927,205,99990,240,99926,202,100019,202,99923,202,100020,100,99897,100,100026,100,99887,100,100042,100,99881,100,100043,200,99863,100,100056,100,99837,100,100059,100,99832,100,100076,100,99827,100
2019-06-28 09:33:32.923529442,99928,100,99927,205,99958,205,99926,202,99990,240,99923,202,100019,202,99897,100,100020,100,99887,100,100026,100,99881,100,100042,100,99863,100,100043,200,99837,100,100056,100,99832,100,100059,100,99827,100
2019-06-28 09:33:40.000000000,99928,408,99927,408,99958,100,99926,100,99990,138,99923,100,100019,100,99897,100,100020,100,99887,100,100026,100,99881,100,100042,100,99863,100,100043,200,99837,100,100056,100,99832,100,100059,100,99827,100
2019-06-28 09:33:50.000000000,99928,177,99927,177,99958,177,99926,177,99990,215,99923,177,100019,177,99897,177,100020,100,99887,100,100026,100,99881,100,100042,100,99863,100,100043,200,99837,100,100056,100,99832,100,100059,100,99827,100
2019-06-28 09:34:00.000000000,99928,254,99927,254,99958,254,99926,254,99990,138,99923,100,100019,100,99897,100,100020,100,99887,100,100026,100,99881,100,100042,100,99863,100,100043,200,99837,100,100056,100,99832,100,100059,100,99827,100
2019-06-28 09:34:02.314376533,99928,254,99927,154,99958,254,99926,254,99990,138,99923,100,100019,100,99897,100,100020,100,99887,100,100026,100,99881,100,100042,100,99863,100,100043,200,99837,100,100056,100,99832,100,100059,100,99827,100
2019-06-28 09:34:06.129542340,99928,254,99927,154,99958,254,99926,254,99990,38,99923,100,100019,100,99897,100,100020,100,99887,100,100026,100,99881,100,100042,100,99863,100,100043,200,99837,100,100056,100,99832,100,100059,100,99827,100
2019-06-28 09:34:10.000000000,99928,408,99926,408,99958,100,99923,100,99990,38,99897,100,100019,100,99887,100,100020,100,99881,100,100026,100,99863,100,100042,100,99837,100,100043,200,99832,100,100056,100,99827,100,100059,100,99822,100
2019-06-28 09:34:13.239572308,99927,100,99926,408,99928,408,99923,100,99958,100,99897,100,99990,38,99887,100,100019,100,99881,100,100020,100,99863,100,100026,100,99837,100,100042,100,99832,100,100043,200,99827,100,100056,100,99822,100
2019-06-28 09:34:20.000000000,99927,254,99926,254,99928,254,99923,254,99958,100,99897,100,99990,38,99887,100,100019,100,99881,100,100020,100,99863,100,100026,100,99837,100,100042,100,99832,100,100043,200,99827,100,100056,100,99822,100
2019-06-28 09:34:26.156809336,99927,254,99926,154,99928,254,99923,254,99958,100,99897,100,100019,100,99887,100,100020,100,99881,100,100026,100,99863,100,100042,100,99837,100,100043,200,99832,100,100056,100,99827,100,100059,100,99822,100
2019-06-28 09:34:30.000000000,99927,205,99923,205,99928,202,99897,202,99958,202,99887,202,100019,100,99881,100,100020,100,99863,100,100026,100,99837,100,100042,100,99832,100,100043,200,99827,100,100056,100,99822,100,100059,100,99816,100
2019-06-28 09:34:37.144600784,99927,205,99923,205,99928,202,99897,202,99958,202,99887,202,100019,100,99881,100,100020,100,99863,100,100026,100,99837,100,100042,100,99832,100,100043,200,99827,100,100056,100,99822,100,100059,100,99816,100
2019-06-28 09:34:38.609369921,99927,205,99923,105,99928,202,99897,202,99958,202,99887,202,100019,100,99881,100,100020,100,99863,100,100026,100,99837,100,100042,100,99832,100,100043,200,99827,100,100059,100,99822,100,100076,100,99816,100
2019-06-28 09:34:39.952617680,99926,100,99923,105,99927,205,99897,202,99928,202,99887,202,99958,202,99881,100,100019,100,99863,100,100020,100,99837,100,100026,100,99832,100,100042,100,99827,100,100043,200,99822,100,100059,100,99816,100
2019-06-28 09:34:40.000000000,99926,177,99897,177,99927,177,99887,177,99928,177,99881,177,99958,177,99863,177,100019,100,99837,100,100020,100,99832,100,100026,100,99827,100,100042,100,99822,100,100043,200,99816,100,100059,100,99791,100
2019-06-28 09:34:50.000000000,99926,408,99897,408,99927,100,99887,100,99928,100,99881,100,99958,100,99863,100,100019,100,99837,100,100020,100,99832,100,100026,100,99827,100,100042,100,99822,100,100043,200,99816,100,100059,100,99791,100
2019-06-28 09:34:53.264123331,99926,408,99897,408,99927,100,99887,100,99928,100,99881,100,99958,100,99863,100,100019,100,99837,100,100020,100,99832,100,100026,100,99827,100,100042,100,99822,100,100043,200,99816,100,100059,100,99791,100
2019-06-28 09:35:00.000000000,99926,177,99897,177,99927,177,99887,177,99928,177,99881,177,99958,177,99863,177,100019,100,99837,100,100020,100,99832,100,100026,100,99827,100,100042,100,99822,100,100043,200,99816,100,100059,100,99791,100
2019-06-28 09:35:10.000000000,99926,408,99897,408,99927,100,99887,100,99928,100,99881,100,99958,100,99863,100,100019,100,99837,100,100020,100,99832,100,100026,100,99827,100,100042,100,99822,100,100043,200,99816,100,100059,100,99791,100
2019-06-28 09:35:20.000000000,99926,162,99897,162,99927,162,99887,162,99928,162,99881,162,99958,162,99863,162,100019,162,99837,162,100020,100,99832,100,100026,100,99827,100,100042,100,99822,100,100043,200,99816,100,100059,100,99791,100
2019-06-28 09:35:29.083324071,99926,162,99897,62,99927,162,99887,162,99928,162,99881,162,99958,162,99863,162,100019,162,99837,162,100020,100,99832,100,100026,100,99827,100,100042,100,99822,100,100043,200,99816,100,100059,100,99791,100
2019-06-28 09:35:30.000000000,99926,162,99887,162,99927,162,99881,162,99928,162,99863,162,99958,162,99837,162,100019,162,99832,162,100020,100,99827,100,100026,100,99822,100,100042,100,99816,100,100043,200,99791,100,100059,100,99779,100
2019-06-28 09:35:38.929743894,99923,100,99887,162,99926,162,99881,162,99927,162,99863,162,99928,162,99837,162,99958,162,99832,162,100019,162,99827,100,100020,100,99822,100,100026,100,99816,100,100042,100,99791,100,100043,200,99779,100
2019-06-28 09:35:40.000000000,99923,408,99887,408,99926,100,99881,100,99927,100,99863,100,99928,100,99837,100,99958,100,99832,100,100019,100,99827,100,100020,100,99822,100,100026,100,99816,100,100042,100,99791,100,100043,200,99779,100
2019-06-28 09:35:50.000000000,99923,408,99887,408,99926,100,99881,100,99927,100,99863,100,99928,100,99837,100,99958,100,99832,100,100019,100,99827,100,100020,100,99822,100,100026,100,99816,100,100042,100,99791,100,100043,200,99779,100
2019-06-28 09:36:00.000000000,99923,254,99887,254,99926,254,99881,254,99927,100,99863,100,99928,100,99837,100,99958,100,99832,100,100019,100,99827,100,100020,100,99822,100,100026,100,99816,100,100042,100,99791,100,100043,200,99779,100
2019-06-28 09:36:01.125810024,99923,254,99887,254,99926,254,99881,254,99927,100,99863,100,99928,100,99837,100,99958,100,99832,100,100019,100,99827,100,100020,100,99822,100,100026,100,99816,100,100042,100,99791,100,100043,200,99779,100
2019-06-28 09:36:02.143052930,99923,254,99887,254,99926,254,99881,254,99927,100,99863,100,99928,100,99837,100,99958,100,99832,100,100019,100,99822,100,100020,100,99816,100,100026,100,99791,100,100042,100,99779,100,100043,200,99573,100
2019-06-28 09:36:10.000000000,99923,162,99887,162,99926,162,99881,162,99927,162,99863,162,99928,162,99837,162,99958,162,99832,162,100019,100,99822,100,100020,100,99816,100,100026,100,99791,100,100042,100,99779,100,100043,200,99573,100
2019-06-28 09:36:20.000000000,99923,205,99887,205,99926,202,99881,202,99927,202,99863,202,99928,100,99837,100,99958,100,99832,100,100019,100,99822,100,100020,100,99816,100,100026,100,99791,100,100042,100,99779,100,100043,200,99573,100
2019-06-28 09:36:27.516813494,99923,205,99887,205,99926,102,99881,202,99927,202,99863,202,99928,100,99837,100,99958,100,99832,100,100019,100,99822,100,100020,100,99816,100,100026,100,99791,100,100042,100,99779,100,100043,200,99573,100
2019-06-28 09:36:30.000000000,99923,205,99887,205,99927,202,99881,202,99928,202,99863,202,99958,100,99837,100,100019,100,99832,100,100020,100,99822,100,100026,100,99816,100,100042,100,99791,100,100043,200,99779,100,100059,100,99573,100
2019-06-28 09:36:40.000000000,99923,205,99887,205,99927,202,99881,202,99928,202,99863,202,99958,100,99837,100,100019,100,99832,100,100020,100,99822,100,100026,100,99816,100,100042,100,99791,100,100043,200,99779,100,100059,100,99573,100
2019-06-28 09:36:50.000000000,99923,205,99887,205,99927,202,99881,202,99928,202,99863,202,99958,100,99837,100,100019,100,99832,100,100020,100,99822,100,100026,100,99816,100,100042,100,99791,100,100043,200,99779,100,100059,100,99573,100
2019-06-28 09:37:00.000000000,99923,177,99887,177,99927,177,99881,177,99928,177,99863,177,99958,177,99837,177,100019,100,99832,100,100020,100,99822,100,100026,100,99816,100,100042,100,99791,100,100043,200,99779,100,100059,100,99573,100
2019-06-28 09:37:09.382837650,99923,177,99887,77,99927,177,99881,177,99928,177,99863,177,99958,177,99837,177,100019,100,99832,100,100020,100,99822,100,100026,100,99816,100,100042,100,99791,100,100043,200,99779,100,100059,100,99573,100
2019-06-28 09:37:10.000000000,99923,177,99881,177,99927,177,99863,177,99928,177,99837,177,99958,177,99832,177,100019,100,99822,100,100020,100,99816,100,100026,100,99791,100,100042,100,99779,100,100043,200,99573,100,100059,100,99492,100
2019-06-28 09:37:17.320747445,99923,177,99881,77,99927,177,99863,177,99928,177,99837,177,99958,177,99832,177,100019,100,99822,100,100020,100,99816,100,100026,100,99791,100,100042,100,99779,100,100043,200,99573,100,100059,100,99492,100
2019-06-28 09:37:20.000000000,99923,408,99863,408,99927,100,99837,100,99928,100,99832,100,99958,100,99822,100,100019,100,99816,100,100020,100,99791,100,100026,100,99779,100,100042,100,99573,100,100043,200,99492,100,100059,100,99441,100
2019-06-28 09:37:30.000000000,99923,162,99863,162,99927,162,99837,162,99928,162,99832,162,99958,162,99822,162,100019,162,99816,162,100020,100,99791,100,100026,100,99779,100,100042,100,99573,100,100043,200,99492,100,100059,100,99441,100
2019-06-28 09:37:40.000000000,99923,254,99863,254,99927,254,99837,254,99928,100,99832,100,99958,100,99822,100,100019,100,99816,100,100020,100,99791,100,100026,100,99779,100,100042,100,99573,100,100043,200,99492,100,100059,100,99441,100
2019-06-28 09:37:44.540500048,99923,254,99863,254,99927,254,99837,254,99928,100,99832,100,99958,100,99822,100,100019,100,99816,100,100020,100,99791,100,100026,100,99779,100,100042,100,99573,100,100043,200,99492,100,100059,100,99441,100
2019-06-28 09:37:45.356075598,99923,254,99863,254,99927,254,99837,254,99928,100,99832,100,99958,100,99822,100,99983,100,99816,100,100019,100,99791,100,100020,100,99779,100,100026,100,99573,100,100042,100,99492,100,100043,200,99441,100
2019-06-28 09:37:47.378876340,99923,254,99888,100,99927,254,99863,254,99928,100,99837,254,99958,100,99832,100,99983,100,99822,100,100019,100,99816,100,100020,100,99791,100,100026,100,99779,100,100042,100,99573,100,100043,200,99492,100
2019-06-28 09:37:50.000000000,99923,254,99888,254,99927,254,99863,254,99928,100,99837,100,99958,100,99832,100,99983,100,99822,100,100019,100,99816,100,100020,100,99791,100,100026,100,99779,100,100042,100,99573,100,100043,200,99492,100
2019-06-28 09:37:50.474219923,99923,254,99888,254,99927,254,99863,254,99928,100,99837,100,99958,100,99832,100,99983,100,99822,100,100019,100,99816,100,100020,100,99807,100,100026,100,99791,100,100042,100,99779,100,100043,200,99573,100
2019-06-28 09:37:55.861134743,99923,254,99888,254,99927,254,99863,254,99928,100,99837,100,99958,100,99832,100,99983,100,99816,100,100019,100,99807,100,100020,100,99791,100,100026,100,99779,100,100042,100,99711,100,100043,200,99573,100
2019-06-28 09:38:00.000000000,99923,162,99888,162,99927,162,99863,162,99928,162,99837,162,99958,162,99832,162,99983,162,99816,162,100019,100,99807,100,100020,100,99791,100,100026,100,99779,100,100042,100,99711,100,100043,200,99573,100
2019-06-28 09:38:10.000000000,99923,177,99888,177,99927,177,99863,177,99928,177,99837,177,99958,177,99832,177,99983,100,99816,100,100019,100,99807,100,100020,100,99791,100,100026,100,99779,100,100042,100,99711,100,100043,200,99573,100
2019-06-28 09:38:20.000000000,99923,254,99888,254,99927,254,99863,254,99928,100,99837,100,99958,100,99832,100,99983,100,99816,100,100019,100,99807,100,100020,100,99791,100,100026,100,99779,100,100042,100,99711,100,100043,200,99573,100
2019-06-28 09:38:30.000000000,99923,408,99888,408,99927,100,99863,100,99928,100,99837,100,99958,100,99832,100,99983,100,99816,100,100019,100,99807,100,100020,100,99791,100,100026,100,99779,100,100042,100,99711,100,100043,200,99573,100
2019-06-28 09:38:30.214997393,99919,100,99888,408,99923,408,99863,100,99927,100,99837,100,99928,100,99832,100,99958,100,99807,100,99983,100,99791,100,100019,100,99779,100,100020,100,99711,100,100026,100,99573,100,100042,100,99492,100
2019-06-28 09:38:40.000000000,99919,162,99888,162,99923,162,99863,162,99927,162,99837,162,99928,162,99832,162,99958,162,99807,162,99983,100,99791,100,100019,100,99779,100,100020,100,99711,100,100026,100,99573,100,100042,100,99492,100
2019-06-28 09:38:50.000000000,99919,177,99888,177,99923,177,99863,177,99927,177,99837,177,99928,177,99832,177,99958,100,99807,100,99983,100,99791,100,100019,100,99779,100,100020,100,99711,100,100026,100,99573,100,100042,100,99492,100
2019-06-28 09:38:50.937375818,99919,177,99888,177,99923,177,99863,177,99927,177,99837,177,99928,177,99832,177,99958,100,99807,100,99983,100,99791,100,100019,100,99779,100,100026,100,99711,100,100042,100,99616,100,100043,200,99573,100
2019-06-28 09:39:00.000000000,99919,254,99888,254,99923,254,99863,254,99927,100,99837,100,99928,100,99832,100,99958,100,99807,100,99983,100,99791,100,100019,100,99779,100,100026,100,99711,100,100042,100,99616,100,100043,200,99573,100
2019-06-28 09:39:10.000000000,99919,254,99888,254,99923,254,99863,254,99927,100,99837,100,99928,100,99832,100,99958,100,99807,100,99983,100,99791,100,100019,100,99779,100,100026,100,99711,100,100042,100,99616,100,100043,200,99573,100
2019-06-28 09:39:20.000000000,99919,162,99888,162,99923,162,99863,162,99927,162,99837,162,99928,162,99832,162,99958,162,99807,162,99983,100,99791,100,100019,100,99779,100,100026,100,99711,100,100042,100,99616,100,100043,200,99573,100
2019-06-28 09:39:22.488538955,99919,162,99888,162,99923,162,99863,162,99927,162,99837,162,99928,162,99832,162,99958,162,99807,162,99983,100,99791,100,100019,100,99779,100,100026,100,99711,100,100038,100,99616,100,100042,100,99573,100
2019-06-28 09:39:29.453184257,99919,162,99888,162,99923,162,99863,162,99927,162,99837,162,99928,162,99832,162,99958,162,99807,162,99983,100,99791,100,100019,100,99779,100,100026,100,99711,100,100038,100,99616,100,100042,100,99573,100
2019-06-28 09:39:30.000000000,99919,408,99888,408,99923,100,99863,100,99927,100,99837,100,99928,100,99832,100,99958,100,99807,100,99983,100,99791,100,100019,100,99779,100,100026,100,99711,100,100038,100,99616,100,100042,100,99573,100
2019-06-28 09:39:40.000000000,99919,162,99888,162,99923,162,99863,162,99927,162,99837,162,99928,162,99832,162,99958,162,99807,162,99983,100,99791,100,100019,100,99779,100,100026,100,99711,100,100038,100,99616,100,100042,100,99573,100
2019-06-28 09:39:50.000000000,99919,205,99888,205,99923,202,99863,202,99927,202,99837,202,99928,100,99832,100,99958,100,99807,100,99983,100,99791,100,100019,100,99779,100,100026,100,99711,100,100038,100,99616,100,100042,100,99573,100
2019-06-28 09:40:00.000000000,99919,177,99888,177,99923,177,99863,177,99927,177,99837,177,99928,177,99832,177,99958,100,99807,100,99983,100,99791,100,100019,100,99779,100,100026,100,99711,100,100038,100,99616,100,100042,100,99573,100
2019-06-28 09:40:10.000000000,99919,408,99888,408,99923,100,99863,100,99927,100,99837,100,99928,100,99832,100,99958,100,99807,100,99983,100,99791,100,100019,100,99779,100,100026,100,99711,100,100038,100,99616,100,100042,100,99573,100
2019-06-28 09:40:10.723855828,99919,408,99888,308,99923,100,99863,100,99927,100,99837,100,99928,100,99832,100,99958,100,99807,100,99983,100,99791,100,100019,100,99779,100,100026,100,99711,100,100038,100,99616,100,100042,100,99573,100
2019-06-28 09:40:17.235209422,99919,408,99888,208,99923,100,99863,100,99927,100,99837,100,99928,100,99832,100,99958,100,99807,100,99983,100,99791,100,100019,100,99779,100,100026,100,99711,100,100038,100,99616,100,100042,100,99573,100
2019-06-28 09:40:19.143252492,99919,408,99888,108,99923,100,99863,100,99927,100,99837,100,99928,100,99832,100,99958,100,99807,100,99983,100,99791,100,100019,100,99779,100,100026,100,99711,100,100038,100,99616,100,100042,100,99573,100
2019-06-28 09:40:20.000000000,99919,177,99863,177,99923,177,99837,177,99927,177,99832,177,99928,177,99807,177,99958,100,99791,100,99983,100,99779,100,100019,100,99711,100,100026,100,99616,100,100038,100,99573,100,100042,100,99492,100
2019-06-28 09:40:30.000000000,99919,177,99863,177,99923,177,99837,177,99927,177,99832,177,99928,177,99807,177,99958,100,99791,100,99983,100,99779,100,100019,100,99711,100,100026,100,99616,100,100038,100,99573,100,100042,100,99492,100
2019-06-28 09:40:40.000000000,99919,408,99863,408,99923,100,99837,100,99927,100,99832,100,99928,100,99807,100,99958,100,99791,100,99983,100,99779,100,100019,100,99711,100,100026,100,99616,100,100038,100,99573,100,100042,100,99492,100
2019-06-28 09:40:50.000000000,99919,254,99863,254,99923,254,99837,254,99927,100,99832,100,99928,100,99807,100,99958,100,99791,100,99983,100,99779,100,100019,100,99711,100,100026,100,99616,100,100038,100,99573,100,100042,100,99492,100
2019-06-28 09:40:52.304266480,99919,254,99863,254,99923,254,99837,254,99927,100,99832,100,99928,100,99791,100,99958,100,99779,100,99983,100,99711,100,100019,100,99616,100,100026,100,99573,100,100038,100,99492,100,100042,100,99441,100
2019-06-28 09:40:53.923621539,99919,254,99863,254,99923,254,99837,254,99927,100,99832,100,99928,100,99791,100,99958,100,99779,100,99983,100,99711,100,100019,100,99616,100,100026,100,99573,100,100038,100,99492,100,100042,100,99441,100
2019-06-28 09:41:00.000000000,99919,205,99863,205,99923,202,99837,202,99927,202,99832,202,99928,100,99791,100,99958,100,99779,100,99983,100,99711,100,100019,100,99616,100,100026,100,99573,100,100038,100,99492,100,100042,100,99441,100
2019-06-28 09:41:03.980219006,99919,205,99863,105,99923,202,99837,202,99927,202,99832,202,99928,100,99791,100,99958,100,99779,100,99983,100,99711,100,100019,100,99616,100,100026,100,99573,100,100038,100,99492,100,100042,100,99441,100
2019-06-28 09:41:10.000000000,99919,408,99837,408,99923,100,99832,100,99927,100,99791,100,99928,100,99779,100,99958,100,99711,100,99983,100,99616,100,100019,100,99573,100,100026,100,99492,100,100038,100,99441,100,100042,100,99323,100
2019-06-28 09:41:20.000000000,99919,408,99837,408,99923,100,99832,100,99927,100,99791,100,99928,100,99779,100,99958,100,99711,100,99983,100,99616,100,100019,100,99573,100,100026,100,99492,100,100038,100,99441,100,100042,100,99323,100
2019-06-28 09:41:30.000000000,99919,162,99837,162,99923,162,99832,162,99927,162,99791,162,99928,162,99779,162,99958,162,99711,162,99983,100,99616,100,100019,100,99573,100,100026,100,99492,100,100038,100,99441,100,100042,100,99323,100
2019-06-28 09:41:40.000000000,99919,177,99837,177,99923,177,99832,177,99927,177,99791,177,99928,177,99779,177,99958,100,99711,100,99983,100,99616,100,100019,100,99573,100,100026,100,99492,100,100038,100,99441,100,100042,100,99323,100
2019-06-28 09:41:45.606276190,99919,177,99837,77,99923,177,99832,177,99927,177,99791,177,99928,177,99779,177,99958,100,99711,100,99983,100,99616,100,100019,100,99573,100,100026,100,99492,100,100038,100,99441,100,100042,100,99323,100
2019-06-28 09:41:50.000000000,99919,162,99832,162,99923,162,99791,162,99927,162,99779,162,99928,162,99711,162,99958,162,99616,162,99983,100,99573,100,100019,100,99492,100,100026,100,99441,100,100038,100,99323,100,100042,100,99299,100
2019-06-28 09:42:00.000000000,99919,205,99832,205,99923,202,99791,202,99927,202,99779,202,99928,100,99711,100,99958,100,99616,100,99983,100,99573,100,100019,100,99492,100,100026,100,99441,100,100038,100,99323,100,100042,100,99299,100
2019-06-28 09:42:10.000000000,99919,205,99832,205,99923,202,99791,202,99927,202,99779,202,99928,100,99711,100,99958,100,99616,100,99983,100,99573,100,100019,100,99492,100,100026,100,99441,100,100038,100,99323,100,100042,100,99299,100
2019-06-28 09:42:17.413519119,99919,205,99832,205,99923,202,99791,202,99927,202,99779,202,99928,100,99711,100,99958,100,99616,100,99983,100,99615,100,100019,100,99573,100,100026,100,99492,100,100038,100,99441,100,100042,100,99323,100
2019-06-28 09:42:20.000000000,99919,162,99832,162,99923,162,99791,162,99927,162,99779,162,99928,162,99711,162,99958,162,99616,162,99983,100,99615,100,100019,100,99573,100,100026,100,99492,100,100038,100,99441,100,100042,100,99323,100
2019-06-28 09:42:26.249224151,99919,162,99832,62,99923,162,99791,162,99927,162,99779,162,99928,162,99711,162,99958,162,99616,162,99983,100,99615,100,100019,100,99573,100,100026,100,99492,100,100038,100,99441,100,100042,100,99323,100
2019-06-28 09:42:30.000000000,99919,254,99791,254,99923,254,99779,254,99927,100,99711,100,99928,100,99616,100,99958,100,99615,100,99983,100,99573,100,100019,100,99492,100,100026,100,99441,100,100038,100,99323,100,100042,100,99299,100
2019-06-28 09:42:40.000000000,99919,162,99791,162,99923,162,99779,162,99927,162,99711,162,99928,162,99616,162,99958,162,99615,162,99983,100,99573,100,100019,100,99492,100,100026,100,99441,100,100038,100,99323,100,100042,100,99299,100
2019-06-28 09:42:43.199865772,99919,162,99791,162,99923,162,99779,162,99927,162,99711,162,99928,162,99616,162,99958,162,99615,162,99983,100,99573,100,100019,100,99492,100,100038,100,99441,100,100042,100,99323,100,100043,100,99299,100
2019-06-28 09:42:50.000000000,99919,408,99791,408,99923,100,99779,100,99927,100,99711,100,99928,100,99616,100,99958,100,99615,100,99983,100,99573,100,100019,100,99492,100,100038,100,99441,100,100042,100,99323,100,100043,100,99299,100
2019-06-28 09:42:56.862207219,99919,408,99791,408,99923,100,99779,100,99927,100,99711,100,99928,100,99616,100,99958,100,99615,100,99983,100,99573,100,100019,100,99492,100,100038,100,99441,100,100042,100,99323,100,100043,100,99300,100
2019-06-28 09:43:00.000000000,99919,254,99791,254,99923,254,99779,254,99927,100,99711,100,99928,100,99616,100,99958,100,99615,100,99983,100,99573,100,100019,100,99492,100,100038,100,99441,100,100042,100,99323,100,100043,100,99300,100
2019-06-28 09:43:10.000000000,99919,408,99791,408,99923,100,99779,100,99927,100,99711,100,99928,100,99616,100,99958,100,99615,100,99983,100,99573,100,100019,100,99492,100,100038,100,99441,100,100042,100,99323,100,100043,100,99300,100
2019-06-28 09:43:16.029109520,99919,408,99791,408,99923,100,99779,100,99927,100,99711,100,99928,100,99616,100,99958,100,99615,100,99983,100,99573,100,100019,100,99492,100,100038,100,99450,100,100042,100,99441,100,100043,100,99323,100
2019-06-28 09:43:20.000000000,99919,408,99791,408,99923,100,99779,100,99927,100,99711,100,99928,100,99616,100,99958,100,99615,100,99983,100,99573,100,100019,100,99492,100,100038,100,99450,100,100042,100,99441,100,100043,100,99323,100
2019-06-28 09:43:30.000000000,99919,162,99791,162,99923,162,99779,162,99927,162,99711,162,99928,162,99616,162,99958,162,99615,162,99983,100,99573,100,100019,100,99492,100,100038,100,99450,100,100042,100,99441,100,100043,100,99323,100
2019-06-28 09:43:37.655168171,99919,162,99791,162,99923,162,99779,162,99927,162,99711,162,99928,162,99618,100,99958,162,99616,162,99983,100,99615,162,100019,100,99573,100,100038,100,99492,100,100042,100,99450,100,100043,100,99441,100
2019-06-28 09:43:40.000000000,99919,162,99791,162,99923,162,99779,162,99927,162,99711,162,99928,162,99618,162,99958,162,99616,162,99983,100,99615,100,100019,100,99573,100,100038,100,99492,100,100042,100,99450,100,100043,100,99441,100
2019-06-28 09:43:50.000000000,99919,162,99791,162,99923,162,99779,162,99927,162,99711,162,99928,162,99618,162,99958,162,99616,162,99983,100,99615,100,100019,100,99573,100,100038,100,99492,100,100042,100,99450,100,100043,100,99441,100
2019-06-28 09:44:00.000000000,99919,162,99791,162,99923,162,99779,162,99927,162,99711,162,99928,162,99618,162,99958,162,99616,162,99983,100,99615,100,100019,100,99573,100,100038,100,99492,100,100042,100,99450,100,100043,100,99441,100
2019-06-28 09:44:01.166005727,99853,100,99791,162,99919,162,99779,162,99923,162,99711,162,99927,162,99618,162,99928,162,99616,162,99958,162,99615,100,99983,100,99573,100,100019,100,99492,100,100038,100,99450,100,100042,100,99441,100
2019-06-28 09:44:01.564147316,99919,162,99791,162,99923,162,99779,162,99927,162,99711,162,99928,162,99618,162,99958,162,99616,162,99983,100,99615,100,100019,100,99573,100,100038,100,99492,100,100042,100,99441,100,100043,100,99323,100
2019-06-28 09:44:10.000000000,99919,254,99791,254,99923,254,99779,254,99927,100,99711,100,99928,100,99618,100,99958,100,99616,100,99983,100,99615,100,100019,100,99573,100,100038,100,99492,100,100042,100,99441,100,100043,100,99323,100
2019-06-28 09:44:17.794547165,99919,254,99791,254,99923,254,99786,100,99927,100,99779,254,99928,100,99711,100,99958,100,99618,100,99983,100,99616,100,100038,100,99615,100,100042,100,99573,100,100043,100,99492,100,100059,100,99441,100
2019-06-28 09:44:20.000000000,99919,205,99791,205,99923,202,99786,202,99927,202,99779,202,99928,100,99711,100,99958,100,99618,100,99983,100,99616,100,100038,100,99615,100,100042,100,99573,100,100043,100,99492,100,100059,100,99441,100
2019-06-28 09:44:27.994462570,99919,205,99791,205,99923,202,99786,202,99927,202,99779,202,99928,100,99711,100,99958,100,99618,100,99983,100,99616,100,100038,100,99615,100,100042,100,99573,100,100043,100,99492,100,100059,100,99441,100
2019-06-28 09:44:30.000000000,99919,408,99791,408,99923,100,99786,100,99927,100,99779,100,99928,100,99711,100,99958,100,99618,100,99983,100,99616,100,100038,100,99615,100,100042,100,99573,100,100043,100,99492,100,100059,100,99441,100
2019-06-28 09:44:30.026815786,99919,408,99791,408,99923,100,99786,100,99927,100,99779,100,99928,100,99711,100,99958,100,99618,100,99983,100,99616,100,100038,100,99615,100,100042,100,99573,100,100043,100,99492,100,100059,100,99441,100
2019-06-28 09:44:38.617190388,99919,308,99791,408,99923,100,99786,100,99927,100,99779,100,99928,100,99711,100,99958,100,99618,100,99983,100,99616,100,100038,100,99615,100,100042,100,99573,100,100043,100,99492,100,100059,100,99441,100
2019-06-28 09:44:40.000000000,99923,254,99791,254,99927,254,99786,254,99928,100,99779,100,99958,100,99711,100,99983,100,99618,100,100038,100,99616,100,100042,100,99615,100,100043,100,99573,100,100059,100,99492,100,100083,100,99441,100
2019-06-28 09:44:50.000000000,99923,162,99791,162,99927,162,99786,162,99928,162,99779,162,99958,162,99711,162,99983,162,99618,162,100038,100,99616,100,100042,100,99615,100,100043,100,99573,100,100059,100,99492,100,100083,100,99441,100
2019-06-28 09:45:00.000000000,99923,177,99791,177,99927,177,99786,177,99928,177,99779,177,99958,177,99711,177,99983,100,99618,100,100038,100,99616,100,100042,100,99615,100,100043,100,99573,100,100059,100,99492,100,100083,100,99441,100
2019-06-28 09:45:10.000000000,99923,205,99791,205,99927,202,99786,202,99928,202,99779,202,99958,100,99711,100,99983,100,99618,100,100038,100,99616,100,100042,100,99615,100,100043,100,99573,100,100059,100,99492,100,100083,100,99441,100
2019-06-28 09:45:11.758717627,99923,205,99791,205,99927,202,99786,202,99928,202,99779,202,99958,100,99711,100,99983,100,99618,100,100038,100,99616,100,100042,100,99615,100,100043,100,99573,100,100059,100,99492,100,100083,100,99441,100
2019-06-28 09:45:20.000000000,99923,254,99791,254,99927,254,99786,254,99928,100,99779,100,99958,100,99711,100,99983,100,99618,100,100038,100,99616,100,100042,100,99615,100,100043,100,99573,100,100059,100,99492,100,100083,100,99441,100
2019-06-28 09:45:22.513281369,99923,154,99791,254,99927,254,99786,254,99928,100,99779,100,99958,100,99711,100,99983,100,99618,100,100042,100,99616,100,100043,100,99615,100,100059,100,99573,100,100083,100,99492,100,100103,100,99441,100
2019-06-28 09:45:27.554119072,99923,154,99791,254,99927,254,99786,254,99928,100,99779,100,99958,100,99711,100,99983,100,99618,100,100042,100,99616,100,100043,100,99615,100,100059,100,99573,100,100083,100,99492,100,100103,100,99441,100
2019-06-28 09:45:30.000000000,99927,408,99791,408,99928,100,99786,100,99958,100,99779,100,99983,100,99711,100,100042,100,99618,100,100043,100,99616,100,100059,100,99615,100,100083,100,99573,100,100103,100,99492,100,100107,100,99441,100
2019-06-28 09:45:40.000000000,99927,162,99791,162,99928,162,99786,162,99958,162,99779,162,99983,162,99711,162,100042,162,99618,162,100043,100,99616,100,100059,100,99615,100,100083,100,99573,100,100103,100,99492,100,100107,100,99441,100
2019-06-28 09:45:43.475766582,99927,162,99791,162,99928,162,99786,162,99958,162,99779,162,99983,162,99711,162,100042,162,99618,162,100043,100,99615,100,100059,100,99573,100,100083,100,99492,100,100103,100,99441,100,100107,100,99323,100
2019-06-28 09:45:50.000000000,99927,162,99791,162,99928,162,99786,162,99958,162,99779,162,99983,162,99711,162,100042,162,99618,162,100043,100,99615,100,100059,100,99573,100,100083,100,99492,100,100103,100,99441,100,100107,100,99323,100
2019-06-28 09:45:50.755952884,99927,162,99791,162,99928,162,99786,162,99958,162,99779,162,99983,162,99711,162,100042,162,99618,162,100043,100,99615,100,100059,100,99573,100,100083,100,99492,100,100103,100,99441,100,100107,100,99323,100
2019-06-28 09:46:00.000000000,99927,254,99791,254,99928,254,99786,254,99958,100,99779,100,99983,100,99711,100,100042,100,99618,100,100043,100,99615,100,100059,100,99573,100,100083,100,99492,100,100103,100,99441,100,100107,100,99323,100
2019-06-28 09:46:10.000000000,99927,205,99791,205,99928,202,99786,202,99958,202,99779,202,99983,100,99711,100,100042,100,99618,100,100043,100,99615,100,100059,100,99573,100,100083,100,99492,100,100103,100,99441,100,100107,100,99323,100
2019-06-28 09:46:20.000000000,99927,177,99791,177,99928,177,99786,177,99958,177,99779,177,99983,177,99711,177,100042,100,99618,100,100043,100,99615,100,100059,100,99573,100,100083,100,99492,100,100103,100,99441,100,100107,100,99323,100
2019-06-28 09:46:30.000000000,99927,177,99791,177,99928,177,99786,177,99958,177,99779,177,99983,177,99711,177,100042,100,99618,100,100043,100,99615,100,100059,100,99573,100,100083,100,99492,100,100103,100,99441,100,100107,100,99323,100
2019-06-28 09:46:40.000000000,99927,254,99791,254,99928,254,99786,254,99958,100,99779,100,99983,100,99711,100,100042,100,99618,100,100043,100,99615,100,100059,100,99573,100,100083,100,99492,100,100103,100,99441,100,100107,100,99323,100
2019-06-28 09:46:50.000000000,99927,254,99791,254,99928,254,99786,254,99958,100,99779,100,99983,100,99711,100,100042,100,99618,100,100043,100,99615,100,100059,100,99573,100,100083,100,99492,100,100103,100,99441,100,100107,100,99323,100
2019-06-28 09:47:00.000000000,99927,177,99791,177,99928,177,99786,177,99958,177,99779,177,99983,177,99711,177,100042,100,99618,100,100043,100,99615,100,100059,100,99573,100,100083,100,99492,100,100103,100,99441,100,100107,100,99323,100
2019-06-28 09:47:04.220401826,99927,77,99791,177,99928,177,99786,177,99958,177,99779,177,99983,177,99711,177,100042,100,99618,100,100043,100,99615,100,100059,100,99573,100,100083,100,99492,100,100103,100,99441,100,100107,100,99323,100
2019-06-28 09:47:10.000000000,99928,408,99791,408,99958,100,99786,100,99983,100,99779,100,100042,100,99711,100,100043,100,99618,100,100059,100,99615,100,100083,100,99573,100,100103,100,99492,100,100107,100,99441,100,100123,100,99323,100
2019-06-28 09:47:11.512986042,99928,408,99791,408,99958,100,99786,100,99983,100,99779,100,100042,100,99711,100,100043,100,99618,100,100083,100,99615,100,100103,100,99573,100,100107,100,99492,100,100123,100,99441,100,100134,100,99323,100
2019-06-28 09:47:20.000000000,99928,254,99791,254,99958,254,99786,254,99983,100,99779,100,100042,100,99711,100,100043,100,99618,100,100083,100,99615,100,100103,100,99573,100,100107,100,99492,100,100123,100,99441,100,100134,100,99323,100
2019-06-28 09:47:30.000000000,99928,408,99791,408,99958,100,99786,100,99983,100,99779,100,100042,100,99711,100,100043,100,99618,100,100083,100,99615,100,100103,100,99573,100,100107,100,99492,100,100123,100,99441,100,100134,100,99323,100
2019-06-28 09:47:40.000000000,99928,177,99791,177,99958,177,99786,177,99983,177,99779,177,100042,177,99711,177,100043,100,99618,100,100083,100,99615,100,100103,100,99573,100,100107,100,99492,100,100123,100,99441,100,100134,100,99323,100
2019-06-28 09:47:50.000000000,99928,162,99791,162,99958,162,99786,162,99983,162,99779,162,100042,162,99711,162,100043,162,99618,162,100083,100,99615,100,100103,100,99573,100,100107,100,99492,100,100123,100,99441,100,100134,100,99323,100
2019-06-28 09:48:00.000000000,99928,408,99791,408,99958,100,99786,100,99983,100,99779,100,100042,100,99711,100,100043,100,99618,100,100083,100,99615,100,100103,100,99573,100,100107,100,99492,100,100123,100,99441,100,100134,100,99323,100
2019-06-28 09:48:10.000000000,99928,254,99791,254,99958,254,99786,254,99983,100,99779,100,100042,100,99711,100,100043,100,99618,100,100083,100,99615,100,100103,100,99573,100,100107,100,99492,100,100123,100,99441,100,100134,100,99323,100
2019-06-28 09:48:14.618729907,99928,254,99791,254,99958,254,99786,254,99983,100,99779,100,100042,100,99711,100,100043,100,99618,100,100083,100,99615,100,100103,100,99573,100,100107,100,99492,100,100123,100,99441,100,100134,100,99323,100
2019-06-28 09:48:16.596446856,99928,254,99923,100,99958,254,99791,254,99983,100,99786,254,100042,100,99779,100,100043,100,99711,100,100083,100,99618,100,100103,100,99615,100,100107,100,99573,100,100123,100,99492,100,100134,100,99441,100
2019-06-28 09:48:20.000000000,99928,162,99923,162,99958,162,99791,162,99983,162,99786,162,100042,162,99779,162,100043,162,99711,162,100083,100,99618,100,100103,100,99615,100,100107,100,99573,100,100123,100,99492,100,100134,100,99441,100
2019-06-28 09:48:20.433684297,99928,162,99923,162,99958,162,99791,162,99983,162,99786,162,100042,162,99779,162,100043,162,99711,162,100083,100,99618,100,100103,100,99615,100,100107,100,99573,100,100123,100,99492,100,100134,100,99441,100
2019-06-28 09:48:30.000000000,99928,254,99923,254,99958,254,99791,254,99983,100,99786,100,100042,100,99779,100,100043,100,99711,100,100083,100,99618,100,100103,100,99615,100,100107,100,99573,100,100123,100,99492,100,100134,100,99441,100
2019-06-28 09:48:40.000000000,99928,408,99923,408,99958,100,99791,100,99983,100,99786,100,100042,100,99779,100,100043,100,99711,100,100083,100,99618,100,100103,100,99615,100,100107,100,99573,100,100123,100,99492,100,100134,100,99441,100
2019-06-28 09:48:42.308962074,99928,308,99923,408,99958,100,99791,100,99983,100,99786,100,100042,100,99779,100,100043,100,99711,100,100083,100,99618,100,100103,100,99615,100,100107,100,99573,100,100123,100,99492,100,100134,100,99441,100
2019-06-28 09:48:42.824893077,99928,208,99923,408,99958,100,99791,100,99983,100,99786,100,100042,100,99779,100,100043,100,99711,100,100083,100,99618,100,100103,100,99615,100,100107,100,99573,100,100123,100,99492,100,100134,100,99441,100
2019-06-28 09:48:43.298343621,99928,208,99923,408,99983,100,99791,100,100042,100,99786,100,100043,100,99779,100,100083,100,99711,100,100103,100,99618,100,100107,100,99615,100,100123,100,99573,100,100134,100,99492,100,100228,100,99441,100
2019-06-28 09:48:50.000000000,99983,177,99923,177,100042,177,99791,177,100043,177,99786,177,100083,177,99779,177,100103,100,99711,100,100107,100,99618,100,100123,100,99615,100,100134,100,99573,100,100228,100,99492,100,100409,100,99441,100
2019-06-28 09:49:00.000000000,99983,254,99923,254,100042,254,99791,254,100043,100,99786,100,100083,100,99779,100,100103,100,99711,100,100107,100,99618,100,100123,100,99615,100,100134,100,99573,100,100228,100,99492,100,100409,100,99441,100
2019-06-28 09:49:09.086437053,99983,154,99923,254,100042,254,99791,254,100043,100,99786,100,100083,100,99779,100,100103,100,99711,100,100107,100,99618,100,100134,100,99615,100,100228,100,99573,100,100409,100,99492,100,100485,100,99441,100
2019-06-28 09:49:10.000000000,100042,254,99923,254,100043,254,99791,254,100083,100,99786,100,100103,100,99779,100,100107,100,99711,100,100134,100,99618,100,100228,100,99615,100,100409,100,99573,100,100485,100,99492,100,101189,100,99441,100
2019-06-28 09:49:15.738311780,100042,154,99923,254,100043,254,99791,254,100083,100,99786,100,100103,100,99779,100,100107,100,99711,100,100134,100,99618,100,100228,100,99615,100,100485,100,99573,100,101189,100,99492,100,101202,100,99441,100
2019-06-28 09:49:20.000000000,100043,162,99923,162,100083,162,99791,162,100103,162,99786,162,100107,162,99779,162,100134,162,99711,162,100228,100,99618,100,100485,100,99615,100,101189,100,99573,100,101202,100,99492,100,101322,100,99441,100
2019-06-28 09:49:30.000000000,100043,177,99923,177,100083,177,99791,177,100103,177,99786,177,100107,177,99779,177,100134,100,99711,100,100228,100,99618,100,100485,100,99615,100,101189,100,99573,100,101202,100,99492,100,101322,100,99441,100
2019-06-28 09:49:40.000000000,100043,162,99923,162,100083,162,99791,162,100103,162,99786,162,100107,162,99779,162,100134,162,99711,162,100228,100,99618,100,100485,100,99615,100,101189,100,99573,100,101202,100,99492,100,101322,100,99441,100
2019-06-28 09:49:45.207434078,100043,162,99923,162,100083,162,99791,162,100103,162,99786,162,100107,162,99779,162,100134,162,99711,162,100228,100,99618,100,100485,100,99615,100,101189,100,99573,100,101202,100,99492,100,101322,100,99441,100
2019-06-28 09:49:50.000000000,100043,254,99923,254,100083,254,99791,254,100103,100,99786,100,100107,100,99779,100,100134,100,99711,100,100228,100,99618,100,100485,100,99615,100,101189,100,99573,100,101202,100,99492,100,101322,100,99441,100
2019-06-28 09:49:54.257068625,100043,254,99923,254,100083,254,99791,254,100103,100,99786,100,100107,100,99779,100,100134,100,99711,100,100228,100,99618,100,100485,100,99615,100,101189,100,99573,100,101202,100,99492,100,101249,100,99441,100
2019-06-28 09:50:00.000000000,100043,408,99923,408,100083,100,99791,100,100103,100,99786,100,100107,100,99779,100,100134,100,99711,100,100228,100,99618,100,100485,100,99615,100,101189,100,99573,100,101202,100,99492,100,101249,100,99441,100
2019-06-28 09:50:10.000000000,100043,254,99923,254,100083,254,99791,254,100103,100,99786,100,100107,100,99779,100,100134,100,99711,100,100228,100,99618,100,100485,100,99615,100,101189,100,99573,100,101202,100,99492,100,101249,100,99441,100
2019-06-28 09:50:13.048755402,100043,254,99923,254,100083,254,99791,254,100103,100,99786,100,100107,100,99779,100,100134,100,99711,100,100228,100,99618,100,100485,100,99615,100,100961,100,99573,100,101189,100,99492,100,101202,100,99441,100
2019-06-28 09:50:20.000000000,100043,205,99923,205,100083,202,99791,202,100103,202,99786,202,100107,100,99779,100,100134,100,99711,100,100228,100,99618,100,100485,100,99615,100,100961,100,99573,100,101189,100,99492,100,101202,100,99441,100
2019-06-28 09:50:26.846628778,100043,205,99923,205,100083,202,99791,202,100103,202,99786,202,100107,100,99779,100,100134,100,99711,100,100228,100,99618,100,100485,100,99615,100,100894,100,99573,100,100961,100,99492,100,101189,100,99441,100
2019-06-28 09:50:30.000000000,100043,205,99923,205,100083,202,99791,202,100103,202,99786,202,100107,100,99779,100,100134,100,99711,100,100228,100,99618,100,100485,100,99615,100,100894,100,99573,100,100961,100,99492,100,101189,100,99441,100
2019-06-28 09:50:40.000000000,100043,254,99923,254,100083,254,99791,254,100103,100,99786,100,100107,100,99779,100,100134,100,99711,100,100228,100,99618,100,100485,100,99615,100,100894,100,99573,100,100961,100,99492,100,101189,100,99441,100
2019-06-28 09:50:50.000000000,100043,254,99923,254,100083,254,99791,254,100103,100,99786,100,100107,100,99779,100,100134,100,99711,100,100228,100,99618,100,100485,100,99615,100,100894,100,99573,100,100961,100,99492,100,101189,100,99441,100
2019-06-28 09:51:00.000000000,100043,205,99923,205,100083,202,99791,202,100103,202,99786,202,100107,100,99779,100,100134,100,99711,100,100228,100,99618,100,100485,100,99615,100,100894,100,99573,100,100961,100,99492,100,101189,100,99441,100
2019-06-28 09:51:10.000000000,100043,162,99923,162,100083,162,99791,162,100103,162,99786,162,100107,162,99779,162,100134,162,99711,162,100228,100,99618,100,100485,100,99615,100,100894,100,99573,100,100961,100,99492,100,101189,100,99441,100
2019-06-28 09:51:20.000000000,100043,205,99923,205,100083,202,99791,202,100103,202,99786,202,100107,100,99779,100,100134,100,99711,100,100228,100,99618,100,100485,100,99615,100,100894,100,99573,100,100961,100,99492,100,101189,100,99441,100
2019-06-28 09:51:30.000000000,100043,162,99923,162,100083,162,99791,162,100103,162,99786,162,100107,162,99779,162,100134,162,99711,162,100228,100,99618,100,100485,100,99615,100,100894,100,99573,100,100961,100,99492,100,101189,100,99441,100
2019-06-28 09:51:40.000000000,100043,162,99923,162,100083,162,99791,162,100103,162,99786,162,100107,162,99779,162,100134,162,99711,162,100228,100,99618,100,100485,100,99615,100,100894,100,99573,100,100961,100,99492,100,101189,100,99441,100
2019-06-28 09:51:50.000000000,100043,254,99923,254,100083,254,99791,254,100103,100,99786,100,100107,100,99779,100,100134,100,99711,100,100228,100,99618,100,100485,100,99615,100,100894,100,99573,100,100961,100,99492,100,101189,100,99441,100
2019-06-28 09:52:00.000000000,100043,162,99923,162,100083,162,99791,162,100103,162,99786,162,100107,162,99779,162,100134,162,99711,162,100228,100,99618,100,100485,100,99615,100,100894,100,99573,100,100961,100,99492,100,101189,100,99441,100
2019-06-28 09:52:02.933761178,100043,162,99923,162,100083,162,99791,162,100103,162,99786,162,100107,62,99779,162,100134,162,99711,162,100228,100,99618,100,100464,100,99615,100,100485,100,99573,100,100894,100,99492,100,100961,100,99441,100
2019-06-28 09:52:04.354202318,100043,162,99923,162,100083,62,99791,162,100103,162,99786,162,100107,62,99779,162,100134,162,99711,162,100228,100,99618,100,100407,100,99615,100,100464,100,99573,100,100485,100,99492,100,100894,100,99441,100
2019-06-28 09:52:10.000000000,100043,162,99923,162,100103,162,99791,162,100134,162,99786,162,100228,162,99779,162,100407,162,99711,162,100464,100,99618,100,100485,100,99615,100,100894,100,99573,100,100961,100,99492,100,101189,100,99441,100
2019-06-28 09:52:15.385880350,100043,162,99923,162,100103,162,99791,162,100134,162,99786,162,100189,100,99779,162,100228,162,99711,162,100407,162,99618,100,100464,100,99615,100,100485,100,99573,100,100894,100,99492,100,100961,100,99441,100
2019-06-28 09:52:19.054317816,100043,62,99923,162,100103,162,99791,162,100134,162,99786,162,100189,100,99779,162,100228,162,99711,162,100407,162,99618,100,100464,100,99615,100,100485,100,99573,100,100894,100,99441,100,100961,100,99323,100
2019-06-28 09:52:20.000000000,100103,162,99923,162,100134,162,99791,162,100189,162,99786,162,100228,162,99779,162,100407,162,99711,162,100464,100,99618,100,100485,100,99615,100,100894,100,99573,100,100961,100,99441,100,101189,100,99323,100
2019-06-28 09:52:27.417978426,100103,162,100042,100,100134,162,99923,62,100189,162,99791,162,100228,162,99786,162,100407,162,99779,162,100464,100,99711,162,100485,100,99618,100,100894,100,99615,100,100961,100,99573,100,101189,100,99441,100
2019-06-28 09:52:30.000000000,100103,162,100042,162,100134,162,99791,162,100189,162,99786,162,100228,162,99779,162,100407,162,99711,162,100464,100,99618,100,100485,100,99615,100,100894,100,99573,100,100961,100,99441,100,101189,100,99323,100
2019-06-28 09:52:30.585691627,100103,162,100066,100,100134,162,100042,162,100189,162,99791,162,100228,162,99786,162,100407,162,99779,162,100464,100,99711,62,100485,100,99618,100,100894,100,99615,100,100961,100,99573,100,101189,100,99441,100
2019-06-28 09:52:34.386352943,100103,162,100066,100,100134,162,100042,162,100189,162,100022,100,100228,162,99791,162,100407,162,99786,162,100464,100,99779,62,100485,100,99711,62,100894,100,99618,100,100961,100,99615,100,101189,100,99573,100
2019-06-28 09:52:40.000000000,100103,177,100066,177,100134,177,100042,177,100189,177,100022,177,100228,177,99791,177,100407,100,99786,100,100464,100,99618,100,100485,100,99615,100,100894,100,99573,100,100961,100,99441,100,101189,100,99323,100
2019-06-28 09:52:50.000000000,100103,408,100066,408,100134,100,100042,100,100189,100,100022,100,100228,100,99791,100,100407,100,99786,100,100464,100,99618,100,100485,100,99615,100,100894,100,99573,100,100961,100,99441,100,101189,100,99323,100
2019-06-28 09:53:00.000000000,100103,177,100066,177,100134,177,100042,177,100189,177,100022,177,100228,177,99791,177,100407,100,99786,100,100464,100,99618,100,100485,100,99615,100,100894,100,99573,100,100961,100,99441,100,101189,100,99323,100
2019-06-28 09:53:10.000000000,100103,177,100066,177,100134,177,100042,177,100189,177,100022,177,100228,177,99791,177,100407,100,99786,100,100464,100,99618,100,100485,100,99615,100,100894,100,99573,100,100961,100,99441,100,101189,100,99323,100
2019-06-28 09:53:20.000000000,100103,205,100066,205,100134,202,100042,202,100189,202,100022,202,100228,100,99791,100,100407,100,99786,100,100464,100,99618,100,100485,100,99615,100,100894,100,99573,100,100961,100,99441,100,101189,100,99323,100
2019-06-28 09:53:21.817325881,100103,205,100066,205,100134,202,100042,202,100189,202,100022,202,100228,100,99791,100,100407,100,99786,100,100464,100,99618,100,100485,100,99615,100,100546,100,99573,100,100894,100,99441,100,100961,100,99323,100
2019-06-28 09:53:30.000000000,100103,408,100066,408,100134,100,100042,100,100189,100,100022,100,100228,100,99791,100,100407,100,99786,100,100464,100,99618,100,100485,100,99615,100,100546,100,99573,100,100894,100,99441,100,100961,100,99323,100
2019-06-28 09:53:31.994168246,100103,408,100066,408,100134,100,100042,100,100189,100,100022,100,100228,100,99791,100,100407,100,99786,100,100464,100,99618,100,100468,100,99615,100,100485,100,99573,100,100546,100,99441,100,100894,100,99323,100
2019-06-28 09:53:40.000000000,100103,205,100066,205,100134,202,100042,202,100189,202,100022,202,100228,100,99791,100,100407,100,99786,100,100464,100,99618,100,100468,100,99615,100,100485,100,99573,100,100546,100,99441,100,100894,100,99323,100
2019-06-28 09:53:50.000000000,100103,205,100066,205,100134,202,100042,202,100189,202,100022,202,100228,100,99791,100,100407,100,99786,100,100464,100,99618,100,100468,100,99615,100,100485,100,99573,100,100546,100,99441,100,100894,100,99323,100
2019-06-28 09:54:00.000000000,100103,162,100066,162,100134,162,100042,162,100189,162,100022,162,100228,162,99791,162,100407,162,99786,162,100464,100,99618,100,100468,100,99615,100,100485,100,99573,100,100546,100,99441,100,100894,100,99323,100
2019-06-28 09:54:00.250353485,100103,162,100066,162,100134,162,100042,262,100189,162,100022,162,100228,162,99791,162,100407,162,99786,162,100464,100,99618,100,100468,100,99615,100,100485,100,99573,100,100546,100,99441,100,100894,100,99323,100
2019-06-28 09:54:10.000000000,100103,177,100066,177,100134,177,100042,277,100189,177,100022,177,100228,177,99791,177,100407,100,99786,100,100464,100,99618,100,100468,100,99615,100,100485,100,99573,100,100546,100,99441,100,100894,100,99323,100
2019-06-28 09:54:10.755156411,100103,177,100066,177,100134,177,100042,277,100189,177,100022,177,100228,177,99791,177,100407,100,99786,100,100464,100,99618,100,100468,100,99615,100,100485,100,99573,100,100526,100,99441,100,100546,100,99323,100
2019-06-28 09:54:16.195826535,100103,77,100066,177,100134,177,100042,277,100189,177,100022,177,100228,177,99791,177,100407,100,99786,100,100464,100,99618,100,100468,100,99615,100,100485,100,99573,100,100526,100,99441,100,100546,100,99323,100
2019-06-28 09:54:17.261978611,100103,77,100066,177,100134,177,100042,277,100189,177,100022,177,100228,177,99791,177,100371,100,99786,100,100407,100,99618,100,100464,100,99615,100,100468,100,99573,100,100485,100,99441,100,100526,100,99323,100
2019-06-28 09:54:20.000000000,100134,254,100066,254,100189,254,100042,354,100228,100,100022,100,100371,100,99791,100,100407,100,99786,100,100464,100,99618,100,100468,100,99615,100,100485,100,99573,100,100526,100,99441,100,100546,100,99323,100
2019-06-28 09:54:30.000000000,100134,408,100066,408,100189,100,100042,200,100228,100,100022,100,100371,100,99791,100,100407,100,99786,100,100464,100,99618,100,100468,100,99615,100,100485,100,99573,100,100526,100,99441,100,100546,100,99323,100
2019-06-28 09:54:40.000000000,100134,408,100066,408,100189,100,100042,200,100228,100,100022,100,100371,100,99791,100,100407,100,99786,100,100464,100,99618,100,100468,100,99615,100,100485,100,99573,100,100526,100,99441,100,100546,100,99323,100
2019-06-28 09:54:47.616783714,100134,408,100066,408,100189,100,100042,200,100228,100,100022,100,100371,100,99793,100,100407,100,99791,100,100464,100,99786,100,100468,100,99618,100,100485,100,99615,100,100526,100,99573,100,100546,100,99441,100
2019-06-28 09:54:50.000000000,100134,162,100066,162,100189,162,100042,262,100228,162,100022,162,100371,162,99793,162,100407,162,99791,162,100464,100,99786,100,100468,100,99618,100,100485,100,99615,100,100526,100,99573,100,100546,100,99441,100
2019-06-28 09:54:50.972451479,100134,162,100066,162,100189,162,100042,262,100228,162,100022,162,100371,162,99960,100,100407,162,99793,162,100464,100,99791,162,100468,100,99786,100,100485,100,99618,100,100526,100,99615,100,100546,100,99573,100
2019-06-28 09:54:59.160928604,100134,162,100066,162,100189,162,100043,100,100228,162,100042,262,100371,162,100022,162,100407,162,99960,100,100464,100,99793,162,100468,100,99791,162,100485,100,99786,100,100526,100,99618,100,100546,100,99615,100
2019-06-28 09:54:59.974099913,100134,162,100067,100,100189,162,100066,162,100228,162,100043,100,100371,162,100042,262,100407,162,100022,162,100464,100,99960,100,100468,100,99793,162,100485,100,99791,162,100526,100,99786,100,100546,100,99618,100
2019-06-28 09:55:00.000000000,100134,177,100067,177,100189,177,100066,177,100228,177,100043,177,100371,177,100042,277,100407,100,100022,100,100464,100,99960,100,100468,100,99793,100,100485,100,99791,100,100526,100,99786,100,100546,100,99618,100
2019-06-28 09:55:10.000000000,100134,177,100067,177,100189,177,100066,177,100228,177,100043,177,100371,177,100042,277,100407,100,100022,100,100464,100,99960,100,100468,100,99793,100,100485,100,99791,100,100526,100,99786,100,100546,100,99618,100
2019-06-28 09:55:20.000000000,100134,205,100067,205,100189,202,100066,202,100228,202,100043,202,100371,100,100042,200,100407,100,100022,100,100464,100,99960,100,100468,100,99793,100,100485,100,99791,100,100526,100,99786,100,100546,100,99618,100
2019-06-28 09:55:30.000000000,100134,162,100067,162,100189,162,100066,162,100228,162,100043,162,100371,162,100042,262,100407,162,100022,162,100464,100,99960,100,100468,100,99793,100,100485,100,99791,100,100526,100,99786,100,100546,100,99618,100
2019-06-28 09:55:40.000000000,100134,254,100067,254,100189,254,100066,254,100228,100,100043,100,100371,100,100042,200,100407,100,100022,100,100464,100,99960,100,100468,100,99793,100,100485,100,99791,100,100526,100,99786,100,100546,100,99618,100
2019-06-28 09:55:43.899846252,100134,254,100110,100,100189,254,100067,254,100228,100,100066,254,100371,100,100043,100,100407,100,100042,200,100464,100,100022,100,100468,100,99960,100,100485,100,99793,100,100526,100,99791,100,100546,100,99786,100
2019-06-28 09:55:50.000000000,100134,177,100110,177,100189,177,100067,177,100228,177,100066,177,100371,177,100043,177,100407,100,100042,200,100464,100,100022,100,100468,100,99960,100,100485,100,99793,100,100526,100,99791,100,100546,100,99786,100
2019-06-28 09:56:00.000000000,100134,254,100110,254,100189,254,100067,254,100228,100,100066,100,100371,100,100043,100,100407,100,100042,200,100464,100,100022,100,100468,100,99960,100,100485,100,99793,100,100526,100,99791,100,100546,100,99786,100
2019-06-28 09:56:07.826617568,100134,254,100110,254,100189,254,100067,254,100228,100,100066,100,100371,100,100043,100,100407,100,100042,200,100464,100,100022,100,100468,100,99960,100,100485,100,99793,100,100526,100,99791,100,100546,100,99786,100
2019-06-28 09:56:10.000000000,100134,177,100110,177,100189,177,100067,177,100228,177,100066,177,100371,177,100043,177,100407,100,100042,200,100464,100,100022,100,100468,100,99960,100,100485,100,99793,100,100526,100,99791,100,100546,100,99786,100
2019-06-28 09:56:15.515269732,100134,177,100110,177,100189,177,100067,177,100228,177,100066,177,100371,177,100043,177,100407,100,100042,200,100464,100,100022,100,100468,100,99793,100,100485,100,99791,100,100526,100,99786,100,100546,100,99745,100
2019-06-28 09:56:20.000000000,100134,205,100110,205,100189,202,100067,202,100228,202,100066,202,100371,100,100043,100,100407,100,100042,200,100464,100,100022,100,100468,100,99793,100,100485,100,99791,100,100526,100,99786,100,100546,100,99745,100
2019-06-28 09:56:20.554520316,100134,205,100110,105,100189,202,100067,202,100228,202,100066,202,100371,100,100043,100,100407,100,100042,200,100464,100,100022,100,100468,100,99793,100,100485,100,99791,100,100526,100,99786,100,100546,100,99745,100
2019-06-28 09:56:30.000000000,100134,254,100067,254,100189,254,100066,254,100228,100,100043,100,100371,100,100042,200,100407,100,100022,100,100464,100,99793,100,100468,100,99791,100,100485,100,99786,100,100526,100,99745,100,100546,100,99699,100
2019-06-28 09:56:40.000000000,100134,177,100067,177,100189,177,100066,177,100228,177,100043,177,100371,177,100042,277,100407,100,100022,100,100464,100,99793,100,100468,100,99791,100,100485,100,99786,100,100526,100,99745,100,100546,100,99699,100
2019-06-28 09:56:50.000000000,100134,177,100067,177,100189,177,100066,177,100228,177,100043,177,100371,177,100042,277,100407,100,100022,100,100464,100,99793,100,100468,100,99791,100,100485,100,99786,100,100526,100,99745,100,100546,100,99699,100
2019-06-28 09:56:58.342553043,100134,177,100067,177,100189,177,100066,177,100228,177,100043,177,100371,177,100042,277,100407,100,100022,100,100464,100,99906,100,100468,100,99793,100,100485,100,99791,100,100526,100,99786,100,100546,100,99745,100
2019-06-28 09:57:00.000000000,100134,162,100067,162,100189,162,100066,162,100228,162,100043,162,100371,162,100042,262,100407,162,100022,162,100464,100,99906,100,100468,100,99793,100,100485,100,99791,100,100526,100,99786,100,100546,100,99745,100
2019-06-28 09:57:00.085842590,100134,162,100067,162,100189,162,100066,162,100228,162,100043,162,100371,162,100042,262,100407,162,100024,100,100464,100,100022,162,100468,100,99906,100,100485,100,99793,100,100526,100,99791,100,100546,100,99786,100
2019-06-28 09:57:09.018719937,100119,100,100067,162,100134,162,100066,162,100189,162,100043,162,100228,162,100042,262,100371,162,100022,162,100407,162,99906,100,100464,100,99793,100,100468,100,99791,100,100485,100,99786,100,100526,100,99745,100
2019-06-28 09:57:10.000000000,100119,162,100067,162,100134,162,100066,162,100189,162,100043,162,100228,162,100042,262,100371,162,100022,162,100407,100,99906,100,100464,100,99793,100,100468,100,99791,100,100485,100,99786,100,100526,100,99745,100
2019-06-28 09:57:13.925721756,100102,100,100067,162,100119,162,100066,162,100134,162,100043,162,100189,162,100042,262,100228,162,100022,162,100371,162,99906,100,100407,100,99793,100,100464,100,99791,100,100468,100,99786,100,100485,100,99745,100
2019-06-28 09:57:20.000000000,100102,254,100067,254,100119,254,100066,254,100134,100,100043,100,100189,100,100042,200,100228,100,100022,100,100371,100,99906,100,100407,100,99793,100,100464,100,99791,100,100468,100,99786,100,100485,100,99745,100
2019-06-28 09:57:30.000000000,100102,408,100067,408,100119,100,100066,100,100134,100,100043,100,100189,100,100042,200,100228,100,100022,100,100371,100,99906,100,100407,100,99793,100,100464,100,99791,100,100468,100,99786,100,100485,100,99745,100
2019-06-28 09:57:35.062675162,100102,408,100078,100,100119,100,100067,408,100134,100,100066,100,100189,100,100043,100,100228,100,100042,200,100407,100,100022,100,100464,100,99906,100,100468,100,99793,100,100485,100,99791,100,100526,100,99786,100
2019-06-28 09:57:40.000000000,100102,205,100078,205,100119,202,100067,202,100134,202,100066,202,100189,100,100043,100,100228,100,100042,200,100407,100,100022,100,100464,100,99906,100,100468,100,99793,100,100485,100,99791,100,100526,100,99786,100
2019-06-28 09:57:50.000000000,100102,254,100078,254,100119,254,100067,254,100134,100,100066,100,100189,100,100043,100,100228,100,100042,200,100407,100,100022,100,100464,100,99906,100,100468,100,99793,100,100485,100,99791,100,100526,100,99786,100
2019-06-28 09:57:51.530016611,100102,254,100078,254,100119,254,100067,254,100134,100,100066,100,100189,100,100043,100,100228,100,100042,200,100407,100,100022,100,100464,100,99908,100,100468,100,99906,100,100485,100,99791,100,100526,100,99786,100
2019-06-28 09:57:52.714505969,100102,354,100078,254,100119,254,100067,254,100134,100,100066,100,100189,100,100043,100,100228,100,100042,200,100407,100,100022,100,100464,100,99908,100,100468,100,99906,100,100485,100,99791,100,100526,100,99786,100
2019-06-28 09:57:53.850635393,100102,354,100078,254,100119,254,100067,254,100134,100,100066,100,100189,100,100043,100,100228,100,100042,200,100234,100,100022,100,100407,100,99908,100,100464,100,99906,100,100468,100,99791,100,100485,100,99786,100
2019-06-28 09:57:59.758915159,100102,254,100078,254,100119,254,100067,254,100134,100,100066,100,100189,100,100043,100,100228,100,100042,200,100234,100,100022,100,100407,100,99908,100,100464,100,99906,100,100468,100,99791,100,100485,100,99786,100
2019-06-28 09:58:00.000000000,100102,254,100078,254,100119,254,100067,254,100134,100,100066,100,100189,100,100043,100,100228,100,100042,200,100234,100,100022,100,100407,100,99908,100,100464,100,99906,100,100468,100,99791,100,100485,100,99786,100
2019-06-28 09:58:10.000000000,100102,205,100078,205,100119,202,100067,202,100134,202,100066,202,100189,100,100043,100,100228,100,100042,200,100234,100,100022,100,100407,100,99908,100,100464,100,99906,100,100468,100,99791,100,100485,100,99786,100
2019-06-28 09:58:20.000000000,100102,177,100078,177,100119,177,100067,177,100134,177,100066,177,100189,177,100043,177,100228,100,100042,200,100234,100,100022,100,100407,100,99908,100,100464,100,99906,100,100468,100,99791,100,100485,100,99786,100
2019-06-28 09:58:24.653817030,100102,177,100078,177,100119,177,100067,177,100134,177,100066,177,100189,177,100043,177,100228,100,100042,200,100234,100,100022,100,100407,100,99957,100,100464,100,99908,100,100468,100,99791,100,100485,100,99786,100
2019-06-28 09:58:30.000000000,100102,408,100078,408,100119,100,100067,100,100134,100,100066,100,100189,100,100043,100,100228,100,100042,200,100234,100,100022,100,100407,100,99957,100,100464,100,99908,100,100468,100,99791,100,100485,100,99786,100
2019-06-28 09:58:40.000000000,100102,205,100078,205,100119,202,100067,202,100134,202,100066,202,100189,100,100043,100,100228,100,100042,200,100234,100,100022,100,100407,100,99957,100,100464,100,99908,100,100468,100,99791,100,100485,100,99786,100
2019-06-28 09:58:40.047165664,100101,100,100078,205,100102,205,100067,202,100119,202,100066,202,100134,202,100043,100,100189,100,100042,200,100228,100,100022,100,100234,100,99957,100,100407,100,99908,100,100464,100,99791,100,100468,100,99786,100
2019-06-28 09:58:44.978072096,100101,100,100078,105,100102,205,100067,202,100119,102,100066,202,100134,202,100043,100,100189,100,100042,200,100228,100,100022,100,100234,100,99957,100,100407,100,99908,100,100464,100,99791,100,100468,100,99786,100
2019-06-28 09:58:50.000000000,100101,177,100067,177,100102,177,100066,177,100134,177,100043,177,100189,177,100042,277,100228,100,100022,100,100234,100,99957,100,100407,100,99908,100,100464,100,99791,100,100468,100,99786,100,100485,100,99745,100
2019-06-28 09:58:51.981661770,100100,100,100067,177,100101,177,100066,177,100102,177,100043,177,100134,177,100042,277,100189,177,100022,100,100228,100,99957,100,100234,100,99908,100,100407,100,99791,100,100464,100,99786,100,100468,100,99745,100
2019-06-28 09:59:00.000000000,100100,205,100067,205,100101,202,100066,202,100102,202,100043,202,100134,100,100042,200,100189,100,100022,100,100228,100,99957,100,100234,100,99908,100,100407,100,99791,100,100464,100,99786,100,100468,100,99745,100
2019-06-28 09:59:10.000000000,100100,162,100067,162,100101,162,100066,162,100102,162,100043,162,100134,162,100042,262,100189,162,100022,162,100228,100,99957,100,100234,100,99908,100,100407,100,99791,100,100464,100,99786,100,100468,100,99745,100
2019-06-28 09:59:20.000000000,100100,177,100067,177,100101,177,100066,177,100102,177,100043,177,100134,177,100042,277,100189,100,100022,100,100228,100,99957,100,100234,100,99908,100,100407,100,99791,100,100464,100,99786,100,100468,100,99745,100
2019-06-28 09:59:30.000000000,100100,177,100067,177,100101,177,100066,177,100102,177,100043,177,100134,177,100042,277,100189,100,100022,100,100228,100,99957,100,100234,100,99908,100,100407,100,99791,100,100464,100,99786,100,100468,100,99745,100
2019-06-28 09:59:37.014527183,100100,177,100067,177,100101,177,100066,177,100102,177,100043,177,100134,177,100042,277,100189,100,100022,100,100228,100,99957,100,100234,100,99908,100,100331,100,99791,100,100407,100,99786,100,100464,100,99699,100
2019-06-28 09:59:37.457587845,100100,177,100067,177,100101,177,100066,177,100102,177,100043,177,100134,177,100042,277,100189,100,100022,100,100228,100,99957,100,100234,100,99908,100,100285,100,99791,100,100331,100,99786,100,100464,100,99699,100
2019-06-28 09:59:40.000000000,100100,408,100067,408,100101,100,100066,100,100102,100,100043,100,100134,100,100042,200,100189,100,100022,100,100228,100,99957,100,100234,100,99908,100,100285,100,99791,100,100331,100,99786,100,100464,100,99699,100
2019-06-28 09:59:43.877282791,100100,408,100067,308,100101,100,100066,100,100102,100,100043,100,100134,100,100042,200,100189,100,100022,100,100228,100,99957,100,100234,100,99908,100,100285,100,99791,100,100331,100,99786,100,100464,100,99699,100
2019-06-28 09:59:50.000000000,100100,177,100066,177,100101,177,100043,177,100102,177,100042,277,100134,177,100022,177,100189,100,99957,100,100228,100,99908,100,100234,100,99791,100,100285,100,99786,100,100331,100,99699,100,100464,100,99618,100
2019-06-28 10:00:00.000000000,100100,162,100066,162,100101,162,100043,162,100102,162,100042,262,100134,162,100022,162,100189,162,99957,162,100228,100,99908,100,100234,100,99791,100,100285,100,99786,100,100331,100,99699,100,100464,100,99618,100
2019-06-28 10:00:06.368286080,100100,162,100066,162,100101,162,100043,162,100102,162,100042,262,100134,162,100022,162,100189,162,99957,162,100228,100,99908,100,100234,100,99791,100,100285,100,99786,100,100302,100,99699,100,100331,100,99618,100
2019-06-28 10:00:10.000000000,100100,408,100066,408,100101,100,100043,100,100102,100,100042,200,100134,100,100022,100,100189,100,99957,100,100228,100,99908,100,100234,100,99791,100,100285,100,99786,100,100302,100,99699,100,100331,100,99618,100
2019-06-28 10:00:20.000000000,100100,254,100066,254,100101,254,100043,254,100102,100,100042,200,100134,100,100022,100,100189,100,99957,100,100228,100,99908,100,100234,100,99791,100,100285,100,99786,100,100302,100,99699,100,100331,100,99618,100
2019-06-28 10:00:30.000000000,100100,254,100066,254,100101,254,100043,254,100102,100,100042,200,100134,100,100022,100,100189,100,99957,100,100228,100,99908,100,100234,100,99791,100,100285,100,99786,100,100302,100,99699,100,100331,100,99618,100
2019-06-28 10:00:40.000000000,100100,408,100066,408,100101,100,100043,100,100102,100,100042,200,100134,100,100022,100,100189,100,99957,100,100228,100,99908,100,100234,100,99791,100,100285,100,99786,100,100302,100,99699,100,100331,100,99618,100
2019-06-28 10:00:45.990736766,100100,408,100066,408,100101,100,100043,100,100102,100,100042,200,100134,100,100022,100,100189,100,99957,100,100228,100,99908,100,100234,100,99791,100,100285,100,99786,100,100302,100,99699,100,100331,100,99618,100
2019-06-28 10:00:46.777493284,100100,408,100079,100,100101,100,100066,408,100102,100,100043,100,100134,100,100042,200,100189,100,100022,100,100228,100,99957,100,100234,100,99908,100,100285,100,99791,100,100302,100,99786,100,100331,100,99699,100
2019-06-28 10:00:50.000000000,100100,254,100079,254,100101,254,100066,254,100102,100,100043,100,100134,100,100042,200,100189,100,100022,100,100228,100,99957,100,100234,100,99908,100,100285,100,99791,100,100302,100,99786,100,100331,100,99699,100
2019-06-28 10:00:51.292162294,100100,254,100079,354,100101,254,100066,254,100102,100,100043,100,100134,100,100042,200,100189,100,100022,100,100228,100,99957,100,100234,100,99908,100,100285,100,99791,100,100302,100,99786,100,100331,100,99699,100
2019-06-28 10:01:00.000000000,100100,177,100079,277,100101,177,100066,177,100102,177,100043,177,100134,177,100042,277,100189,100,100022,100,100228,100,99957,100,100234,100,99908,100,100285,100,99791,100,100302,100,99786,100,100331,100,99699,100
2019-06-28 10:01:10.000000000,100100,408,100079,508,100101,100,100066,100,100102,100,100043,100,100134,100,100042,200,100189,100,100022,100,100228,100,99957,100,100234,100,99908,100,100285,100,99791,100,100302,100,99786,100,100331,100,99699,100
2019-06-28 10:01:13.483933248,100100,408,100079,508,100101,100,100066,100,100102,100,100043,100,100134,100,100042,200,100189,100,100022,100,100228,100,99957,100,100234,100,99908,100,100285,100,99791,100,100302,100,99786,100,100331,100,99699,100
2019-06-28 10:01:18.481003166,100100,408,100079,508,100101,100,100066,100,100102,100,100043,100,100134,100,100042,200,100189,100,99957,100,100228,100,99908,100,100234,100,99791,100,100285,100,99786,100,100287,100,99699,100,100302,100,99618,100
2019-06-28 10:01:19.048073047,100100,408,100079,508,100101,100,100066,100,100102,100,100043,100,100134,100,100042,200,100189,100,99957,100,100228,100,99908,100,100234,100,99791,100,100285,100,99786,100,100287,100,99699,100,100302,100,99618,100
2019-06-28 10:01:20.000000000,100100,162,100079,262,100101,162,100066,162,100102,162,100043,162,100134,162,100042,262,100189,162,99957,162,100228,100,99908,100,100234,100,99791,100,100285,100,99786,100,100287,100,99699,100,100302,100,99618,100
2019-06-28 10:01:30.000000000,100100,254,100079,354,100101,254,100066,254,100102,100,100043,100,100134,100,100042,200,100189,100,99957,100,100228,100,99908,100,100234,100,99791,100,100285,100,99786,100,100287,100,99699,100,100302,100,99618,100
2019-06-28 10:01:40.000000000,100100,177,100079,277,100101,177,100066,177,100102,177,100043,177,100134,177,100042,277,100189,100,99957,100,100228,100,99908,100,100234,100,99791,100,100285,100,99786,100,100287,100,99699,100,100302,100,99618,100
2019-06-28 10:01:50.000000000,100100,162,100079,262,100101,162,100066,162,100102,162,100043,162,100134,162,100042,262,100189,162,99957,162,100228,100,99908,100,100234,100,99791,100,100285,100,99786,100,100287,100,99699,100,100302,100,99618,100
2019-06-28 10:01:58.233531343,100100,62,100079,262,100101,162,100066,162,100102,162,100043,162,100134,162,100042,262,100189,162,99957,162,100228,100,99791,100,100234,100,99786,100,100285,100,99699,100,100287,100,99618,100,100302,100,99441,100
2019-06-28 10:02:00.000000000,100101,205,100079,305,100102,202,100066,202,100134,202,100043,202,100189,100,100042,200,100228,100,99957,100,100234,100,99791,100,100285,100,99786,100,100287,100,99699,100,100302,100,99618,100,100331,100,99441,100
2019-06-28 10:02:02.575049265,100101,105,100079,305,100102,202,100066,202,100134,202,100043,202,100189,100,100042,200,100228,100,99957,100,100234,100,99791,100,100285,100,99786,100,100302,100,99699,100,100331,100,99618,100,100355,100,99441,100
2019-06-28 10:02:10.000000000,100102,205,100079,305,100134,202,100066,202,100189,202,100043,202,100228,100,100042,200,100234,100,99957,100,100285,100,99791,100,100302,100,99786,100,100331,100,99699,100,100355,100,99618,100,100378,100,99441,100
2019-06-28 10:02:13.240721834,100102,105,100079,305,100134,202,100066,202,100189,202,100043,202,100228,100,100042,200,100234,100,99957,100,100285,100,99791,100,100302,100,99786,100,100331,100,99699,100,100355,100,99618,100,100378,100,99441,100
2019-06-28 10:02:19.524443033,100102,5,100079,305,100134,202,100066,202,100189,202,100043,202,100228,100,100042,200,100234,100,99957,100,100285,100,99791,100,100302,100,99786,100,100331,100,99699,100,100355,100,99618,100,100378,100,99441,100
2019-06-28 10:02:20.000000000,100134,254,100079,354,100189,254,100066,254,100228,100,100043,100,100234,100,100042,200,100285,100,99957,100,100302,100,99791,100,100331,100,99786,100,100355,100,99699,100,100378,100,99618,100,100460,100,99441,100
2019-06-28 10:02:23.803615785,100134,254,100079,354,100189,254,100066,254,100228,100,100043,100,100234,100,100042,200,100285,100,99957,100,100302,100,99791,100,100331,100,99786,100,100355,100,99699,100,100378,100,99441,100,100460,100,99323,100
2019-06-28 10:02:24.450207477,100134,254,100102,100,100189,254,100079,354,100228,100,100066,254,100234,100,100043,100,100285,100,100042,200,100302,100,99957,100,100331,100,99791,100,100355,100,99786,100,100378,100,99699,100,100460,100,99441,100
2019-06-28 10:02:30.000000000,100134,408,100102,408,100189,100,100079,200,100228,100,100066,100,100234,100,100043,100,100285,100,100042,200,100302,100,99957,100,100331,100,99791,100,100355,100,99786,100,100378,100,99699,100,100460,100,99441,100
2019-06-28 10:02:35.438115790,100134,408,100102,508,100189,100,100079,200,100228,100,100066,100,100234,100,100043,100,100285,100,100042,200,100302,100,99957,100,100331,100,99791,100,100355,100,99786,100,100378,100,99699,100,100460,100,99441,100
2019-06-28 10:02:38.603453687,100134,308,100102,508,100228,100,100079,200,100234,100,100066,100,100285,100,100043,100,100302,100,100042,200,100331,100,99957,100,100355,100,99791,100,100378,100,99786,100,100460,100,99699,100,100468,100,99441,100
2019-06-28 10:02:40.000000000,100228,254,100102,354,100234,254,100079,354,100285,100,100066,100,100302,100,100043,100,100331,100,100042,200,100355,100,99957,100,100378,100,99791,100,100460,100,99786,100,100468,100,99699,100,100485,100,99441,100
2019-06-28 10:02:50.000000000,100228,162,100102,262,100234,162,100079,262,100285,162,100066,162,100302,162,100043,162,100331,162,100042,262,100355,100,99957,100,100378,100,99791,100,100460,100,99786,100,100468,100,99699,100,100485,100,99441,100
2019-06-28 10:02:50.323822499,100228,62,100102,262,100234,162,100079,262,100285,162,100066,162,100302,162,100043,162,100331,162,100042,262,100355,100,99957,100,100378,100,99791,100,100460,100,99786,100,100468,100,99699,100,100485,100,99441,100
2019-06-28 10:03:00.000000000,100234,162,100102,262,100285,162,100079,262,100302,162,100066,162,100331,162,100043,162,100355,162,100042,262,100378,100,99957,100,100460,100,99791,100,100468,100,99786,100,100485,100,99699,100,100504,100,99441,100
2019-06-28 10:03:03.467256697,100234,162,100134,100,100285,162,100102,262,100302,162,100079,162,100331,162,100066,162,100355,162,100043,162,100378,100,100042,262,100460,100,99957,100,100468,100,99791,100,100485,100,99786,100,100504,100,99699,100
2019-06-28 10:03:10.000000000,100234,205,100134,205,100285,202,100102,302,100302,202,100079,202,100331,100,100066,100,100355,100,100043,100,100378,100,100042,200,100460,100,99957,100,100468,100,99791,100,100485,100,99786,100,100504,100,99699,100
2019-06-28 10:03:15.500903597,100228,100,100134,205,100234,205,100102,202,100285,202,100079,202,100302,202,100066,100,100331,100,100043,100,100355,100,100042,200,100378,100,99957,100,100460,100,99791,100,100468,100,99786,100,100485,100,99699,100
2019-06-28 10:03:20.000000000,100228,408,100134,408,100234,100,100102,100,100285,100,100079,100,100302,100,100066,100,100331,100,100043,100,100355,100,100042,200,100378,100,99957,100,100460,100,99791,100,100468,100,99786,100,100485,100,99699,100
2019-06-28 10:03:26.879885034,100228,408,100134,408,100234,100,100102,100,100285,100,100079,100,100331,100,100066,100,100355,100,100043,100,100378,100,100042,200,100412,100,99957,100,100460,100,99791,100,100468,100,99786,100,100485,100,99699,100
2019-06-28 10:03:30.000000000,100228,162,100134,162,100234,162,100102,162,100285,162,100079,162,100331,162,100066,162,100355,162,100043,162,100378,100,100042,200,100412,100,99957,100,100460,100,99791,100,100468,100,99786,100,100485,100,99699,100
2019-06-28 10:03:32.247503353,100228,162,100134,162,100234,162,100102,162,100285,162,100079,162,100327,100,100066,162,100331,162,100043,162,100355,162,100042,200,100378,100,99957,100,100460,100,99791,100,100468,100,99786,100,100485,100,99699,100
2019-06-28 10:03:40.000000000,100228,205,100134,205,100234,202,100102,202,100285,202,100079,202,100327,100,100066,100,100331,100,100043,100,100355,100,100042,200,100378,100,99957,100,100460,100,99791,100,100468,100,99786,100,100485,100,99699,100
2019-06-28 10:03:41.525568034,100228,205,100134,305,100234,202,100102,202,100285,202,100079,202,100327,100,100066,100,100331,100,100043,100,100355,100,100042,200,100378,100,99957,100,100460,100,99791,100,100468,100,99786,100,100485,100,99699,100
2019-06-28 10:03:50.000000000,100228,254,100134,354,100234,254,100102,254,100285,100,100079,100,100327,100,100066,100,100331,100,100043,100,100355,100,100042,200,100378,100,99957,100,100460,100,99791,100,100468,100,99786,100,100485,100,99699,100
2019-06-28 10:03:52.603198613,100228,254,100134,454,100234,254,100102,254,100285,100,100079,100,100327,100,100066,100,100331,100,100043,100,100355,100,100042,200,100378,100,99957,100,100460,100,99791,100,100468,100,99786,100,100485,100,99699,100
2019-06-28 10:04:00.000000000,100228,162,100134,362,100234,162,100102,162,100285,162,100079,162,100327,162,100066,162,100331,162,100043,162,100355,100,100042,200,100378,100,99957,100,100460,100,99791,100,100468,100,99786,100,100485,100,99699,100
2019-06-28 10:04:10.000000000,100228,162,100134,362,100234,162,100102,162,100285,162,100079,162,100327,162,100066,162,100331,162,100043,162,100355,100,100042,200,100378,100,99957,100,100460,100,99791,100,100468,100,99786,100,100485,100,99699,100
2019-06-28 10:04:12.608784330,100228,162,100134,462,100234,162,100102,162,100285,162,100079,162,100327,162,100066,162,100331,162,100043,162,100355,100,100042,200,100378,100,99957,100,100460,100,99791,100,100468,100,99786,100,100485,100,99699,100
2019-06-28 10:04:18.814549249,100228,162,100134,462,100234,162,100102,162,100285,162,100079,162,100327,162,100066,162,100331,162,100043,162,100355,100,100042,200,100378,100,100003,100,100460,100,99957,100,100468,100,99791,100,100485,100,99786,100
2019-06-28 10:04:20.000000000,100228,205,100134,505,100234,202,100102,202,100285,202,100079,202,100327,100,100066,100,100331,100,100043,100,100355,100,100042,200,100378,100,100003,100,100460,100,99957,100,100468,100,99791,100,100485,100,99786,100
2019-06-28 10:04:30.000000000,100228,205,100134,505,100234,202,100102,202,100285,202,100079,202,100327,100,100066,100,100331,100,100043,100,100355,100,100042,200,100378,100,100003,100,100460,100,99957,100,100468,100,99791,100,100485,100,99786,100
2019-06-28 10:04:40.000000000,100228,205,100134,505,100234,202,100102,202,100285,202,100079,202,100327,100,100066,100,100331,100,100043,100,100355,100,100042,200,100378,100,100003,100,100460,100,99957,100,100468,100,99791,100,100485,100,99786,100
2019-06-28 10:04:43.975463588,100228,205,100222,100,100234,202,100134,505,100285,202,100102,202,100327,100,100079,202,100331,100,100066,100,100355,100,100043,100,100378,100,100042,200,100460,100,100003,100,100468,100,99957,100,100485,100,99791,100
2019-06-28 10:04:49.425859714,100228,205,100222,100,100234,202,100134,505,100246,100,100102,202,100285,202,100079,202,100327,100,100066,100,100331,100,100043,100,100355,100,100042,200,100378,100,100003,100,100460,100,99957,100,100468,100,99791,100
2019-06-28 10:04:50.000000000,100228,408,100222,408,100234,100,100134,400,100246,100,100102,100,100285,100,100079,100,100327,100,100066,100,100331,100,100043,100,100355,100,100042,200,100378,100,100003,100,100460,100,99957,100,100468,100,99791,100
2019-06-28 10:05:00.000000000,100228,408,100222,408,100234,100,100134,400,100246,100,100102,100,100285,100,100079,100,100327,100,100066,100,100331,100,100043,100,100355,100,100042,200,100378,100,100003,100,100460,100,99957,100,100468,100,99791,100
2019-06-28 10:05:00.963173472,100228,408,100222,408,100234,100,100166,100,100246,100,100134,400,100285,100,100102,100,100327,100,100079,100,100331,100,100066,100,100355,100,100043,100,100378,100,100042,200,100460,100,100003,100,100468,100,99957,100
2019-06-28 10:05:09.539890023,100228,408,100222,308,100234,100,100166,100,100246,100,100134,400,100285,100,100102,100,100327,100,100086,100,100331,100,100079,100,100355,100,100066,100,100378,100,100043,100,100460,100,100042,200,100468,100,100003,100
2019-06-28 10:05:10.000000000,100228,162,100166,162,100234,162,100134,462,100246,162,100102,162,100285,162,100086,162,100327,162,100079,162,100331,100,100066,100,100355,100,100043,100,100378,100,100042,200,100460,100,100003,100,100468,100,99957,100
2019-06-28 10:05:16.387565262,100181,100,100166,162,100228,162,100134,462,100234,162,100102,162,100246,162,100086,162,100285,162,100079,162,100327,62,100066,100,100331,100,100043,100,100355,100,100042,200,100378,100,100003,100,100460,100,99957,100
2019-06-28 10:05:18.657063858,100181,100,100166,62,100228,162,100134,462,100234,162,100102,162,100246,162,100086,162,100285,162,100079,162,100327,62,100066,100,100331,100,100043,100,100355,100,100042,200,100378,100,100003,100,100460,100,99957,100
2019-06-28 10:05:20.000000000,100181,254,100134,554,100228,254,100102,254,100234,100,100086,100,100246,100,100079,100,100285,100,100066,100,100331,100,100043,100,100355,100,100042,200,100378,100,100003,100,100460,100,99957,100,100468,100,99791,100
2019-06-28 10:05:30.000000000,100181,254,100134,554,100228,254,100102,254,100234,100,100086,100,100246,100,100079,100,100285,100,100066,100,100331,100,100043,100,100355,100,100042,200,100378,100,100003,100,100460,100,99957,100,100468,100,99791,100
2019-06-28 10:05:32.125505396,100181,154,100134,554,100228,254,100102,254,100234,100,100086,100,100246,100,100079,100,100285,100,100066,100,100331,100,100043,100,100378,100,100042,200,100460,100,100003,100,100468,100,99957,100,100485,100,99791,100
2019-06-28 10:05:40.000000000,100228,162,100134,462,100234,162,100102,162,100246,162,100086,162,100285,162,100079,162,100331,162,100066,162,100378,100,100043,100,100460,100,100042,200,100468,100,100003,100,100485,100,99957,100,100504,100,99791,100
2019-06-28 10:05:45.260400027,100228,162,100134,462,100234,162,100126,100,100246,162,100102,162,100285,162,100086,162,100331,162,100079,162,100378,100,100066,162,100460,100,100043,100,100468,100,100042,200,100485,100,100003,100,100504,100,99957,100
2019-06-28 10:05:48.811682517,100180,100,100134,362,100228,162,100126,100,100234,162,100102,162,100246,162,100086,162,100285,162,100079,162,100331,162,100066,162,100378,100,100043,100,100460,100,100042,200,100468,100,100003,100,100485,100,99957,100
2019-06-28 10:05:50.000000000,100180,177,100134,377,100228,177,100126,177,100234,177,100102,177,100246,177,100086,177,100285,100,100079,100,100331,100,100066,100,100378,100,100043,100,100460,100,100042,200,100468,100,100003,100,100485,100,99957,100
2019-06-28 10:06:00.000000000,100180,205,100134,405,100228,202,100126,202,100234,202,100102,202,100246,100,100086,100,100285,100,100079,100,100331,100,100066,100,100378,100,100043,100,100460,100,100042,200,100468,100,100003,100,100485,100,99957,100
2019-06-28 10:06:07.602695191,100180,205,100134,405,100228,202,100126,202,100234,202,100102,202,100246,100,100086,100,100285,100,100079,100,100331,100,100066,100,100378,100,100043,100,100460,100,100042,200,100468,100,100003,100,100485,100,99957,100
2019-06-28 10:06:10.000000000,100180,205,100134,405,100228,202,100126,202,100234,202,100102,202,100246,100,100086,100,100285,100,100079,100,100331,100,100066,100,100378,100,100043,100,100460,100,100042,200,100468,100,100003,100,100485,100,99957,100
2019-06-28 10:06:20.000000000,100180,177,100134,377,100228,177,100126,177,100234,177,100102,177,100246,177,100086,177,100285,100,100079,100,100331,100,100066,100,100378,100,100043,100,100460,100,100042,200,100468,100,100003,100,100485,100,99957,100
2019-06-28 10:06:30.000000000,100180,408,100134,608,100228,100,100126,100,100234,100,100102,100,100246,100,100086,100,100285,100,100079,100,100331,100,100066,100,100378,100,100043,100,100460,100,100042,200,100468,100,100003,100,100485,100,99957,100
2019-06-28 10:06:40.000000000,100180,162,100134,362,100228,162,100126,162,100234,162,100102,162,100246,162,100086,162,100285,162,100079,162,100331,100,100066,100,100378,100,100043,100,100460,100,100042,200,100468,100,100003,100,100485,100,99957,100
2019-06-28 10:06:46.955202373,100180,62,100134,362,100228,162,100126,162,100234,162,100102,162,100246,162,100086,162,100285,162,100079,162,100331,100,100066,100,100378,100,100043,100,100460,100,100042,200,100468,100,100003,100,100485,100,99957,100
2019-06-28 10:06:50.000000000,100228,162,100134,362,100234,162,100126,162,100246,162,100102,162,100285,162,100086,162,100331,162,100079,162,100378,100,100066,100,100460,100,100043,100,100468,100,100042,200,100485,100,100003,100,100489,100,99957,100
2019-06-28 10:07:00.000000000,100228,205,100134,405,100234,202,100126,202,100246,202,100102,202,100285,100,100086,100,100331,100,100079,100,100378,100,100066,100,100460,100,100043,100,100468,100,100042,200,100485,100,100003,100,100489,100,99957,100
2019-06-28 10:07:10.000000000,100228,205,100134,405,100234,202,100126,202,100246,202,100102,202,100285,100,100086,100,100331,100,100079,100,100378,100,100066,100,100460,100,100043,100,100468,100,100042,200,100485,100,100003,100,100489,100,99957,100
2019-06-28 10:07:14.363735799,100228,205,100180,100,100234,202,100134,305,100246,202,100126,202,100285,100,100102,202,100331,100,100086,100,100378,100,100079,100,100460,100,100066,100,100468,100,100043,100,100485,100,100042,200,100489,100,100003,100
2019-06-28 10:07:20.000000000,100228,254,100180,254,100234,254,100134,354,100246,100,100126,100,100285,100,100102,100,100331,100,100086,100,100378,100,100079,100,100460,100,100066,100,100468,100,100043,100,100485,100,100042,200,100489,100,100003,100
