,ask_price_1,ask_size_1,bid_price_1,bid_size_1,ask_price_2,ask_size_2,bid_price_2,bid_size_2,ask_price_3,ask_size_3,bid_price_3,bid_size_3,ask_price_4,ask_size_4,bid_price_4,bid_size_4,ask_price_5,ask_size_5,bid_price_5,bid_size_5,ask_price_6,ask_size_6,bid_price_6,bid_size_6,ask_price_7,ask_size_7,bid_price_7,bid_size_7,ask_price_8,ask_size_8,bid_price_8,bid_size_8,ask_price_9,ask_size_9,bid_price_9,bid_size_9,ask_price_10,ask_size_10,bid_price_10,bid_size_10
2019-06-28 09:30:00.000000000,100145,100,100063,100,,,99854,100,,,,,,,,,,,,,,,,,,,,,,,,,,,,,,,,
2019-06-28 09:30:00.000000001,100145,100,99854,100,,,,,,,,,,,,,,,,,,,,,,,,,,,,,,,,,,,,
2019-06-28 09:30:00.000000005,100145,100,99982,100,,,99854,100,,,,,,,,,,,,,,,,,,,,,,,,,,,,,,,,
2019-06-28 09:30:00.000000006,100145,100,99982,100,,,99953,100,,,99854,100,,,,,,,,,,,,,,,,,,,,,,,,,,,,
2019-06-28 09:30:00.000000008,100028,100,99982,100,100145,100,99953,100,,,99854,100,,,,,,,,,,,,,,,,,,,,,,,,,,,,
2019-06-28 09:30:00.000000009,100028,100,99982,100,100145,100,99953,200,,,99854,100,,,,,,,,,,,,,,,,,,,,,,,,,,,,
2019-06-28 09:30:00.000000010,100010,100,99982,100,100028,100,99953,200,100145,100,99854,100,,,99853,100,,,,,,,,,,,,,,,,,,,,,,,,
2019-06-28 09:30:00.000000011,100010,100,99953,200,100028,100,99884,100,100145,100,99854,100,,,99853,100,,,,,,,,,,,,,,,,,,,,,,,,
2019-06-28 09:30:00.000000012,100010,100,99953,200,100028,100,99940,100,100145,100,99884,100,,,99854,100,,,99853,100,,,,,,,,,,,,,,,,,,,,
2019-06-28 09:30:00.000000014,100010,100,99953,200,100028,100,99940,100,100145,100,99919,100,,,99884,100,,,99854,100,,,99853,100,,,,,,,,,,,,,,,,
2019-06-28 09:30:00.000000016,99976,100,99953,200,100010,100,99940,100,100028,100,99919,100,100145,100,99884,100,,,99854,100,,,99853,100,,,,,,,,,,,,,,,,
2019-06-28 09:30:00.000000017,99976,100,99964,100,100010,100,99953,200,100028,100,99940,100,100145,100,99919,100,,,99884,100,,,99854,100,,,99853,100,,,,,,,,,,,,
2019-06-28 09:30:00.000000020,99976,100,99964,100,100010,100,99953,200,100028,100,99940,100,100145,100,99919,100,,,99907,100,,,99884,100,,,99854,100,,,99853,100,,,,,,,,
2019-06-28 09:30:00.000000021,99976,100,99964,100,100010,100,99953,200,100028,100,99940,100,100061,100,99919,100,100145,100,99907,100,,,99884,100,,,99854,100,,,99853,100,,,,,,,,
2019-06-28 09:30:00.000000027,99976,100,99964,100,100010,100,99954,100,100028,100,99953,200,100061,100,99940,100,100145,100,99919,100,,,99907,100,,,99884,100,,,99854,100,,,99853,100,,,,
2019-06-28 09:30:00.000000029,99976,100,99964,100,100010,100,99954,100,100028,100,99953,200,100061,100,99940,100,100145,100,99919,100,,,99907,100,,,99895,100,,,99884,100,,,99854,100,,,99853,100
2019-06-28 09:30:00.000000032,100010,100,99964,100,100028,100,99954,100,100061,100,99953,200,100142,100,99940,100,100145,100,99919,100,,,99907,100,,,99895,100,,,99884,100,,,99854,100,,,99853,100
2019-06-28 09:30:00.000000033,99982,100,99964,100,100010,100,99954,100,100028,100,99953,200,100061,100,99940,100,100142,100,99929,100,100145,100,99919,100,,,99907,100,,,99895,100,,,99884,100,,,99854,100
2019-06-28 09:30:00.000000034,100010,100,99964,100,100028,100,99954,100,100061,100,99953,200,100142,100,99940,100,100145,100,99929,100,,,99919,100,,,99907,100,,,99895,100,,,99884,100,,,99854,100
2019-06-28 09:30:00.000000036,100028,100,99964,100,100061,100,99954,100,100142,100,99953,200,100145,100,99940,100,,,99929,100,,,99919,100,,,99907,100,,,99895,100,,,99884,100,,,99854,100
2019-06-28 09:30:00.000000037,100061,100,99964,100,100142,100,99954,100,100145,100,99953,200,,,99940,100,,,99929,100,,,99919,100,,,99907,100,,,99895,100,,,99884,100,,,99854,100
2019-06-28 09:30:00.000000042,100056,100,99964,100,100061,100,99954,100,100142,100,99953,200,100145,100,99940,100,,,99929,100,,,99919,100,,,99907,100,,,99895,100,,,99884,100,,,99854,100
2019-06-28 09:30:00.000000045,100044,100,99964,100,100056,100,99954,100,100061,100,99953,200,100142,100,99940,100,100145,100,99929,100,,,99919,100,,,99907,100,,,99895,100,,,99884,100,,,99854,100
2019-06-28 09:30:00.000000047,100044,100,99964,100,100056,100,99954,100,100061,100,99953,200,100126,100,99940,100,100142,100,99929,100,100145,100,99919,100,,,99907,100,,,99895,100,,,99884,100,,,99854,100
2019-06-28 09:30:00.000000050,100044,100,99964,100,100056,100,99954,100,100061,100,99953,200,100126,100,99940,100,100142,100,99929,100,100145,100,99922,100,,,99919,100,,,99907,100,,,99895,100,,,99884,100
2019-06-28 09:30:00.000000054,100028,100,99964,100,100044,100,99954,100,100056,100,99953,200,100061,100,99946,100,100126,100,99940,100,100142,100,99929,100,100145,100,99922,100,,,99919,100,,,99907,100,,,99895,100
2019-06-28 09:30:00.000000058,99998,100,99964,100,100028,100,99954,100,100044,100,99953,200,100056,100,99946,100,100061,100,99940,100,100126,100,99929,100,100142,100,99922,100,100145,100,99919,100,,,99907,100,,,99895,100
2019-06-28 09:30:00.000000061,99998,100,99964,100,100028,100,99954,100,100044,100,99953,200,100056,100,99947,100,100061,100,99946,100,100126,100,99940,100,100142,100,99929,100,100145,100,99922,100,,,99919,100,,,99907,100
2019-06-28 09:30:00.000000063,100028,100,99964,100,100044,100,99954,100,100056,100,99953,200,100061,100,99947,100,100126,100,99946,100,100142,100,99940,100,100145,100,99929,100,,,99922,100,,,99919,100,,,99907,100
2019-06-28 09:30:00.000000065,100028,100,99964,100,100033,100,99954,100,100044,100,99953,200,100056,100,99947,100,100061,100,99946,100,100126,100,99940,100,100142,100,99929,100,100145,100,99922,100,,,99919,100,,,99907,100
2019-06-28 09:30:00.000000066,100028,100,99964,100,100033,100,99954,100,100044,100,99953,200,100056,100,99947,100,100061,100,99946,100,100126,100,99940,100,100142,100,99934,100,100145,100,99929,100,100166,200,99922,100,,,99919,100
2019-06-28 09:30:00.000000067,100028,100,99977,100,100033,100,99964,100,100044,100,99954,100,100056,100,99953,200,100061,100,99947,100,100126,100,99946,100,100142,100,99940,100,100145,100,99934,100,100166,200,99929,100,,,99922,100
2019-06-28 09:30:00.000000069,100028,100,99977,100,100033,100,99964,100,100044,100,99954,100,100056,100,99953,200,100061,100,99947,100,100126,100,99946,100,100142,100,99940,100,100145,100,99934,200,100166,200,99929,100,,,99922,100
2019-06-28 09:30:00.000000072,100028,100,99980,100,100033,100,99977,100,100044,100,99969,100,100056,100,99964,100,100061,100,99954,100,100126,100,99953,200,100142,100,99947,100,100145,100,99946,100,100166,200,99942,100,,,99940,100
2019-06-28 09:30:00.000000074,100028,100,99980,100,100033,100,99977,100,100044,100,99969,100,100056,100,99964,100,100061,200,99954,100,100126,100,99953,200,100142,100,99947,100,100145,100,99946,100,100166,200,99942,100,,,99940,100
2019-06-28 09:30:00.000000075,100028,100,99980,100,100033,100,99977,100,100035,100,99969,100,100044,100,99964,100,100056,100,99954,100,100061,200,99953,200,100126,100,99947,100,100142,100,99946,100,100145,100,99942,100,100166,200,99940,100
2019-06-28 09:30:00.000000076,100028,100,99977,100,100033,100,99969,100,100035,100,99964,100,100044,100,99954,100,100056,100,99953,200,100061,200,99947,100,100126,100,99946,100,100142,100,99942,100,100145,100,99940,100,100166,200,99934,200
2019-06-28 09:30:00.000000077,100028,100,99980,100,100033,100,99977,100,100035,100,99969,100,100044,100,99964,100,100056,100,99954,100,100061,200,99953,200,100105,100,99947,100,100126,100,99946,100,100142,100,99942,100,100145,100,99940,100
2019-06-28 09:30:00.000000080,100028,100,99980,100,100033,100,99977,100,100035,100,99969,100,100044,100,99964,100,100056,100,99954,100,100061,200,99953,200,100105,100,99947,100,100115,100,99946,100,100126,100,99942,100,100142,100,99940,100
2019-06-28 09:30:00.000000081,100028,100,99980,100,100033,100,99977,100,100035,100,99976,100,100044,100,99969,100,100056,100,99964,100,100061,200,99954,100,100105,100,99953,200,100115,100,99947,100,100126,100,99946,100,100142,100,99942,100
2019-06-28 09:30:00.000000082,100033,100,99980,100,100035,100,99977,100,100044,100,99976,100,100056,100,99969,100,100061,200,99964,100,100105,100,99954,100,100115,100,99953,200,100126,100,99947,100,100142,100,99946,100,100145,100,99942,100
2019-06-28 09:30:00.000000085,100028,100,99980,100,100033,100,99977,100,100035,100,99976,100,100044,100,99969,100,100056,100,99964,100,100061,200,99954,100,100105,100,99953,200,100115,100,99947,100,100126,100,99946,100,100142,100,99942,100
2019-06-28 09:30:00.000000088,100028,200,99980,100,100033,100,99977,100,100035,100,99976,100,100044,100,99969,100,100056,100,99964,100,100061,200,99954,100,100105,100,99953,200,100115,100,99947,100,100126,100,99946,100,100142,100,99942,100
2019-06-28 09:30:00.000000093,100028,300,99980,100,100033,100,99977,100,100035,100,99976,100,100044,100,99969,100,100056,100,99964,100,100061,200,99954,100,100105,100,99953,200,100115,100,99947,100,100126,100,99946,100,100142,100,99942,100
2019-06-28 09:30:00.000000095,100009,100,99981,100,100028,400,99980,100,100033,100,99977,100,100035,100,99976,100,100044,100,99969,100,100056,100,99964,100,100061,200,99954,100,100105,100,99953,200,100115,100,99947,100,100126,100,99946,100
2019-06-28 09:30:00.000000097,100009,100,99981,100,100028,400,99980,100,100033,100,99977,100,100035,100,99976,100,100044,100,99969,100,100055,100,99964,100,100056,100,99954,100,100061,200,99953,200,100105,100,99947,100,100115,100,99946,100
2019-06-28 09:30:00.000000098,100009,100,99981,100,100028,500,99980,200,100033,100,99977,100,100035,100,99976,100,100044,100,99969,100,100055,100,99964,100,100056,100,99954,100,100061,200,99953,200,100105,100,99947,100,100115,100,99946,100
2019-06-28 09:30:10.000000000,100009,157,99981,157,100028,557,99980,257,100033,157,99977,157,100035,157,99976,157,100044,157,99969,157,100055,100,99964,100,100056,100,99954,100,100061,200,99953,200,100105,100,99947,100,100115,100,99946,100
2019-06-28 09:30:14.780529626,100009,157,99981,157,100028,557,99980,257,100033,157,99977,157,100035,157,99976,157,100044,157,99969,157,100055,100,99964,100,100056,100,99954,100,100061,200,99953,200,100105,100,99947,100,100115,100,99946,100
2019-06-28 09:30:15.454344636,100009,157,99981,257,100028,457,99980,257,100033,157,99977,157,100035,157,99976,157,100044,157,99969,157,100055,100,99964,100,100056,100,99954,100,100061,200,99953,200,100105,100,99947,100,100115,100,99946,100
2019-06-28 09:30:18.698940019,100009,157,99981,257,100028,457,99980,257,100033,157,99977,157,100035,157,99976,157,100044,157,99969,157,100055,100,99964,100,100056,100,99954,100,100061,200,99953,200,100105,100,99947,100,100115,100,99946,100
2019-06-28 09:30:20.000000000,100009,243,99981,343,100028,543,99980,343,100033,100,99977,100,100035,100,99976,100,100044,100,99969,100,100055,100,99964,100,100056,100,99954,100,100061,200,99953,200,100105,100,99947,100,100115,100,99946,100
2019-06-28 09:30:30.000000000,100009,386,99981,486,100028,400,99980,200,100033,100,99977,100,100035,100,99976,100,100044,100,99969,100,100055,100,99964,100,100056,100,99954,100,100061,200,99953,200,100105,100,99947,100,100115,100,99946,100
2019-06-28 09:30:37.412078589,100009,386,99981,486,100028,400,99980,200,100033,100,99977,100,100035,100,99976,100,100044,100,99969,100,100055,100,99964,100,100056,100,99954,100,100061,200,99953,200,100109,100,99947,100,100115,100,99946,100
2019-06-28 09:30:37.585726291,100009,386,99981,486,100028,400,99980,200,100033,100,99977,100,100035,100,99976,100,100044,100,99969,100,100055,100,99964,100,100056,100,99954,100,100061,200,99953,200,100109,100,99947,100,100115,100,99946,100
2019-06-28 09:30:40.000000000,100009,157,99981,257,100028,457,99980,257,100033,157,99977,157,100035,157,99976,157,100044,157,99969,157,100055,100,99964,100,100056,100,99954,100,100061,200,99953,200,100109,100,99947,100,100115,100,99946,100
2019-06-28 09:30:42.065377914,100009,157,99981,257,100028,457,99980,257,100033,157,99977,157,100035,157,99976,57,100044,157,99969,157,100055,100,99964,100,100056,100,99954,100,100061,200,99953,200,100109,100,99947,100,100115,100,99946,100
2019-06-28 09:30:50.000000000,100009,172,99981,272,100028,472,99980,272,100033,172,99977,172,100035,172,99969,172,100044,100,99964,100,100055,100,99954,100,100056,100,99953,200,100061,200,99947,100,100109,100,99946,100,100115,100,99942,100
2019-06-28 09:31:00.000000000,100009,197,99981,297,100028,494,99980,294,100033,194,99977,194,100035,100,99969,100,100044,100,99964,100,100055,100,99954,100,100056,100,99953,200,100061,200,99947,100,100109,100,99946,100,100115,100,99942,100
2019-06-28 09:31:10.000000000,100009,157,99981,257,100028,457,99980,257,100033,157,99977,157,100035,157,99969,157,100044,157,99964,157,100055,100,99954,100,100056,100,99953,200,100061,200,99947,100,100109,100,99946,100,100115,100,99942,100
2019-06-28 09:31:20.000000000,100009,157,99981,257,100028,457,99980,257,100033,157,99977,157,100035,157,99969,157,100044,157,99964,157,100055,100,99954,100,100056,100,99953,200,100061,200,99947,100,100109,100,99946,100,100115,100,99942,100
2019-06-28 09:31:30.000000000,100009,157,99981,257,100028,457,99980,257,100033,157,99977,157,100035,157,99969,157,100044,157,99964,157,100055,100,99954,100,100056,100,99953,200,100061,200,99947,100,100109,100,99946,100,100115,100,99942,100
2019-06-28 09:31:40.000000000,100009,243,99981,343,100028,543,99980,343,100033,100,99977,100,100035,100,99969,100,100044,100,99964,100,100055,100,99954,100,100056,100,99953,200,100061,200,99947,100,100109,100,99946,100,100115,100,99942,100
2019-06-28 09:31:50.000000000,100009,386,99981,486,100028,400,99980,200,100033,100,99977,100,100035,100,99969,100,100044,100,99964,100,100055,100,99954,100,100056,100,99953,200,100061,200,99947,100,100109,100,99946,100,100115,100,99942,100
2019-06-28 09:32:00.000000000,100009,386,99981,486,100028,400,99980,200,100033,100,99977,100,100035,100,99969,100,100044,100,99964,100,100055,100,99954,100,100056,100,99953,200,100061,200,99947,100,100109,100,99946,100,100115,100,99942,100
2019-06-28 09:32:05.467000557,100009,386,99981,486,100028,400,99980,200,100033,100,99977,100,100035,100,99969,100,100044,100,99964,100,100055,100,99954,100,100056,100,99953,200,100061,200,99947,100,100109,100,99946,100,100115,100,99942,100
2019-06-28 09:32:10.000000000,100009,243,99981,343,100028,543,99980,343,100033,100,99977,100,100035,100,99969,100,100044,100,99964,100,100055,100,99954,100,100056,100,99953,200,100061,200,99947,100,100109,100,99946,100,100115,100,99942,100
2019-06-28 09:32:11.470595332,100009,243,99981,343,100028,543,99980,343,100033,100,99977,100,100035,100,99969,100,100044,100,99964,100,100055,100,99954,100,100056,100,99953,200,100061,200,99947,100,100109,100,99946,100,100115,100,99942,100
2019-06-28 09:32:20.000000000,100009,386,99981,486,100028,400,99980,200,100033,100,99977,100,100035,100,99969,100,100044,100,99964,100,100055,100,99954,100,100056,100,99953,200,100061,200,99947,100,100109,100,99946,100,100115,100,99942,100
2019-06-28 09:32:20.959381002,100009,386,99981,486,100028,400,99980,200,100033,100,99977,100,100035,100,99969,100,100044,100,99964,100,100055,100,99954,100,100056,100,99953,200,100061,200,99947,100,100109,100,99946,100,100115,100,99942,100
2019-06-28 09:32:22.771091338,100009,386,99981,486,100028,400,99980,200,100033,100,99977,100,100035,100,99969,100,100044,100,99964,100,100055,100,99954,100,100056,100,99953,200,100061,200,99947,100,100109,100,99946,100,100115,100,99942,100
2019-06-28 09:32:26.626179823,100009,386,99981,486,100028,300,99980,200,100033,100,99977,100,100035,100,99969,100,100044,100,99964,100,100055,100,99954,100,100056,100,99953,200,100061,200,99947,100,100109,100,99946,100,100115,100,99942,100
2019-06-28 09:32:29.805098217,100009,386,99981,586,100028,300,99980,200,100033,100,99977,100,100035,100,99969,100,100044,100,99964,100,100055,100,99954,100,100056,100,99953,200,100061,200,99947,100,100109,100,99946,100,100115,100,99942,100
2019-06-28 09:32:30.000000000,100009,197,99981,397,100028,394,99980,294,100033,194,99977,194,100035,100,99969,100,100044,100,99964,100,100055,100,99954,100,100056,100,99953,200,100061,200,99947,100,100109,100,99946,100,100115,100,99942,100
2019-06-28 09:32:40.000000000,100009,157,99981,357,100028,357,99980,257,100033,157,99977,157,100035,157,99969,157,100044,157,99964,157,100055,100,99954,100,100056,100,99953,200,100061,200,99947,100,100109,100,99946,100,100115,100,99942,100
2019-06-28 09:32:44.290895466,100009,157,99981,357,100028,357,99980,257,100033,157,99977,157,100035,57,99969,157,100044,157,99964,157,100055,100,99954,100,100056,100,99953,200,100061,200,99947,100,100109,100,99946,100,100115,100,99942,100
2019-06-28 09:32:49.953789198,100009,57,99981,357,100028,357,99980,257,100033,157,99977,157,100035,57,99969,157,100044,157,99964,157,100055,100,99954,100,100056,100,99953,200,100061,200,99947,100,100109,100,99946,100,100115,100,99942,100
2019-06-28 09:32:50.000000000,100028,397,99981,397,100033,194,99980,294,100044,194,99977,194,100055,100,99969,100,100056,100,99964,100,100061,200,99954,100,100109,100,99953,200,100115,100,99947,100,100126,100,99946,100,100142,100,99942,100
2019-06-28 09:33:00.000000000,100028,586,99981,586,100033,100,99980,200,100044,100,99977,100,100055,100,99969,100,100056,100,99964,100,100061,200,99954,100,100109,100,99953,200,100115,100,99947,100,100126,100,99946,100,100142,100,99942,100
2019-06-28 09:33:06.754595573,100028,586,99981,586,100033,100,99980,200,100044,100,99977,100,100055,100,99969,100,100056,100,99964,100,100061,200,99954,100,100109,100,99953,200,100115,100,99947,100,100126,100,99946,100,100142,100,99942,100
2019-06-28 09:33:10.000000000,100028,372,99981,372,100033,172,99980,272,100044,172,99977,172,100055,172,99969,172,100056,100,99964,100,100061,200,99954,100,100109,100,99953,200,100115,100,99947,100,100126,100,99946,100,100142,100,99942,100
2019-06-28 09:33:17.671192238,100028,372,100009,100,100033,172,99981,372,100044,172,99980,272,100055,172,99977,172,100056,100,99969,172,100061,200,99964,100,100109,100,99954,100,100115,100,99953,200,100126,100,99947,100,100142,100,99946,100
2019-06-28 09:33:20.000000000,100028,397,100009,197,100033,194,99981,394,100044,194,99980,294,100055,100,99977,100,100056,100,99969,100,100061,200,99964,100,100109,100,99954,100,100115,100,99953,200,100126,100,99947,100,100142,100,99946,100
2019-06-28 09:33:30.000000000,100028,443,100009,243,100033,243,99981,443,100044,100,99980,200,100055,100,99977,100,100056,100,99969,100,100061,200,99964,100,100109,100,99954,100,100115,100,99953,200,100126,100,99947,100,100142,100,99946,100
2019-06-28 09:33:38.486172792,100028,343,100009,243,100033,243,99981,443,100044,100,99980,200,100055,100,99977,100,100056,100,99969,100,100061,200,99964,100,100109,100,99954,100,100115,100,99953,200,100126,100,99947,100,100142,100,99946,100
2019-06-28 09:33:40.000000000,100028,272,100009,172,100033,172,99981,372,100044,172,99980,272,100055,172,99977,172,100056,100,99969,100,100061,200,99964,100,100109,100,99954,100,100115,100,99953,200,100126,100,99947,100,100142,100,99946,100
2019-06-28 09:33:50.000000000,100028,272,100009,172,100033,172,99981,372,100044,172,99980,272,100055,172,99977,172,100056,100,99969,100,100061,200,99964,100,100109,100,99954,100,100115,100,99953,200,100126,100,99947,100,100142,100,99946,100
2019-06-28 09:33:57.913964620,100028,172,100009,172,100033,172,99981,372,100044,172,99980,272,100055,172,99977,172,100056,100,99969,100,100061,200,99964,100,100109,100,99954,100,100115,100,99953,200,100126,100,99947,100,100142,100,99946,100
2019-06-28 09:34:00.000000000,100028,197,100009,197,100033,194,99981,394,100044,194,99980,294,100055,100,99977,100,100056,100,99969,100,100061,200,99964,100,100109,100,99954,100,100115,100,99953,200,100126,100,99947,100,100142,100,99946,100
2019-06-28 09:34:04.723970018,100028,97,100009,197,100033,194,99981,394,100044,194,99980,194,100055,100,99977,100,100056,100,99969,100,100061,200,99964,100,100109,100,99954,100,100115,100,99953,200,100126,100,99947,100,100142,100,99946,100
2019-06-28 09:34:07.135814114,100033,194,100028,3,100044,194,100009,197,100055,100,99981,394,100056,100,99980,194,100061,200,99977,100,100109,100,99969,100,100115,100,99964,100,100126,100,99954,100,100142,100,99953,200,100145,100,99947,100
2019-06-28 09:34:07.602135233,100033,194,100028,3,100044,194,100009,197,100055,100,99981,394,100056,100,99980,194,100061,200,99977,100,100109,100,99969,100,100126,100,99964,100,100142,100,99954,100,100145,100,99953,200,100166,100,99947,100
2019-06-28 09:34:10.000000000,100033,197,100028,100,100044,194,100009,194,100055,194,99981,394,100056,100,99980,100,100061,200,99977,100,100109,100,99969,100,100126,100,99964,100,100142,100,99954,100,100145,100,99953,200,100166,100,99947,100
2019-06-28 09:34:20.000000000,100033,197,100028,100,100044,194,100009,194,100055,194,99981,394,100056,100,99980,100,100061,200,99977,100,100109,100,99969,100,100126,100,99964,100,100142,100,99954,100,100145,100,99953,200,100166,100,99947,100
2019-06-28 09:34:30.000000000,100033,172,100028,75,100044,172,100009,172,100055,172,99981,372,100056,172,99980,172,100061,200,99977,100,100109,100,99969,100,100126,100,99964,100,100142,100,99954,100,100145,100,99953,200,100166,100,99947,100
2019-06-28 09:34:38.221151593,100033,172,100028,172,100044,172,100009,172,100055,172,99981,372,100056,172,99980,172,100061,200,99977,100,100109,100,99969,100,100126,100,99964,100,100142,100,99954,100,100145,100,99953,200,100166,100,99947,100
2019-06-28 09:34:40.000000000,100033,386,100028,386,100044,100,100009,100,100055,100,99981,300,100056,100,99980,100,100061,200,99977,100,100109,100,99969,100,100126,100,99964,100,100142,100,99954,100,100145,100,99953,200,100166,100,99947,100
2019-06-28 09:34:40.325151558,100033,386,100028,386,100044,100,100009,100,100055,100,99981,300,100056,100,99980,100,100061,200,99977,100,100109,100,99969,100,100126,100,99964,100,100145,100,99954,100,100166,100,99953,200,100255,100,99947,100
2019-06-28 09:34:41.758260201,100033,386,100028,386,100044,100,100009,100,100055,100,99981,300,100056,100,99980,100,100061,100,99977,100,100109,100,99969,100,100126,100,99964,100,100145,100,99954,100,100166,100,99953,200,100255,100,99947,100
2019-06-28 09:34:49.766146361,100033,386,100028,386,100044,100,100009,100,100055,100,99981,300,100056,100,99980,100,100061,100,99977,100,100109,100,99969,100,100126,100,99964,100,100145,100,99954,100,100166,100,99953,200,100255,100,99946,100
2019-06-28 09:34:50.000000000,100033,197,100028,197,100044,194,100009,194,100055,194,99981,394,100056,100,99980,100,100061,100,99977,100,100109,100,99969,100,100126,100,99964,100,100145,100,99954,100,100166,100,99953,200,100255,100,99946,100
2019-06-28 09:34:51.490449554,100033,197,100028,297,100044,194,100009,194,100055,194,99981,394,100056,100,99980,100,100061,100,99977,100,100109,100,99969,100,100126,100,99964,100,100145,100,99954,100,100166,100,99953,200,100255,100,99946,100
2019-06-28 09:35:00.000000000,100033,157,100028,257,100044,157,100009,157,100055,157,99981,357,100056,157,99980,157,100061,157,99977,157,100109,100,99969,100,100126,100,99964,100,100145,100,99954,100,100166,100,99953,200,100255,100,99946,100
2019-06-28 09:35:06.231589818,100033,57,100028,257,100044,157,100009,157,100055,157,99981,357,100056,157,99980,157,100061,157,99977,157,100109,100,99969,100,100126,100,99964,100,100145,100,99954,100,100166,100,99953,200,100255,100,99946,100
2019-06-28 09:35:10.000000000,100044,386,100028,486,100055,100,100009,100,100056,100,99981,300,100061,100,99980,100,100109,100,99977,100,100126,100,99969,100,100145,100,99964,100,100166,100,99954,100,100255,100,99953,200,100345,100,99946,100
2019-06-28 09:35:20.000000000,100044,157,100028,257,100055,157,100009,157,100056,157,99981,357,100061,157,99980,157,100109,157,99977,157,100126,100,99969,100,100145,100,99964,100,100166,100,99954,100,100255,100,99953,200,100345,100,99946,100
2019-06-28 09:35:23.406346205,100044,57,100028,257,100055,157,100009,157,100056,157,99981,357,100061,157,99980,157,100109,157,99977,157,100126,100,99969,100,100145,100,99964,100,100166,100,99954,100,100255,100,99953,200,100345,100,99946,100
2019-06-28 09:35:27.396205674,100044,57,100028,257,100055,157,100009,157,100056,157,99981,357,100061,157,99980,157,100109,157,99977,157,100126,100,99969,100,100145,100,99964,100,100166,100,99954,100,100255,100,99953,200,100345,100,99946,100
2019-06-28 09:35:30.000000000,100055,157,100028,257,100056,157,100009,157,100061,157,99981,357,100109,157,99980,157,100126,157,99977,157,100145,100,99969,100,100166,100,99964,100,100255,100,99954,100,100345,100,99953,200,100385,100,99946,100
2019-06-28 09:35:40.000000000,100055,386,100028,486,100056,100,100009,100,100061,100,99981,300,100109,100,99980,100,100126,100,99977,100,100145,100,99969,100,100166,100,99964,100,100255,100,99954,100,100345,100,99953,200,100385,100,99946,100
2019-06-28 09:35:42.153495974,100055,386,100033,100,100056,100,100028,486,100061,100,100009,100,100109,100,99981,300,100126,100,99980,100,100145,100,99977,100,100166,100,99969,100,100255,100,99964,100,100345,100,99954,100,100385,100,99953,200
2019-06-28 09:35:50.000000000,100055,197,100033,197,100056,194,100028,294,100061,194,100009,194,100109,100,99981,300,100126,100,99980,100,100145,100,99977,100,100166,100,99969,100,100255,100,99964,100,100345,100,99954,100,100385,100,99953,200
2019-06-28 09:35:58.405351717,100055,197,100033,197,100056,194,100028,294,100061,194,100009,194,100109,100,99981,300,100126,100,99980,100,100145,100,99977,100,100255,100,99969,100,100345,100,99964,100,100385,100,99954,100,100573,100,99953,200
2019-06-28 09:36:00.000000000,100055,157,100033,157,100056,157,100028,257,100061,157,100009,157,100109,157,99981,357,100126,157,99980,157,100145,100,99977,100,100255,100,99969,100,100345,100,99964,100,100385,100,99954,100,100573,100,99953,200
2019-06-28 09:36:10.000000000,100055,172,100033,172,100056,172,100028,272,100061,172,100009,172,100109,172,99981,372,100126,100,99980,100,100145,100,99977,100,100255,100,99969,100,100345,100,99964,100,100385,100,99954,100,100573,100,99953,200
2019-06-28 09:36:20.000000000,100055,243,100033,243,100056,243,100028,343,100061,100,100009,100,100109,100,99981,300,100126,100,99980,100,100145,100,99977,100,100255,100,99969,100,100345,100,99964,100,100385,100,99954,100,100573,100,99953,200
2019-06-28 09:36:27.263329466,100055,243,100033,343,100056,243,100028,343,100061,100,100009,100,100109,100,99981,300,100126,100,99980,100,100145,100,99977,100,100255,100,99969,100,100345,100,99964,100,100385,100,99954,100,100573,100,99953,200
2019-06-28 09:36:30.000000000,100055,172,100033,272,100056,172,100028,272,100061,172,100009,172,100109,172,99981,372,100126,100,99980,100,100145,100,99977,100,100255,100,99969,100,100345,100,99964,100,100385,100,99954,100,100573,100,99953,200
2019-06-28 09:36:40.000000000,100055,243,100033,343,100056,243,100028,343,100061,100,100009,100,100109,100,99981,300,100126,100,99980,100,100145,100,99977,100,100255,100,99969,100,100345,100,99964,100,100385,100,99954,100,100573,100,99953,200
2019-06-28 09:36:44.026463180,100055,143,100033,343,100056,243,100028,343,100061,100,100009,100,100109,100,99981,300,100126,100,99980,100,100145,100,99977,100,100255,100,99969,100,100345,100,99964,100,100385,100,99954,100,100611,100,99953,200
2019-06-28 09:36:50.000000000,100056,172,100033,272,100061,172,100028,272,100109,172,100009,172,100126,172,99981,372,100145,100,99980,100,100255,100,99977,100,100345,100,99969,100,100385,100,99964,100,100611,100,99954,100,100675,100,99953,200
2019-06-28 09:37:00.000000000,100056,386,100033,486,100061,100,100028,200,100109,100,100009,100,100126,100,99981,300,100145,100,99980,100,100255,100,99977,100,100345,100,99969,100,100385,100,99964,100,100611,100,99954,100,100675,100,99953,200
2019-06-28 09:37:02.837625042,100056,386,100033,486,100061,100,100028,200,100109,100,100009,100,100126,100,99981,300,100145,100,99980,100,100255,100,99969,100,100345,100,99964,100,100385,100,99954,100,100611,100,99953,200,100675,100,99946,100
2019-06-28 09:37:10.000000000,100056,197,100033,297,100061,194,100028,294,100109,194,100009,194,100126,100,99981,300,100145,100,99980,100,100255,100,99969,100,100345,100,99964,100,100385,100,99954,100,100611,100,99953,200,100675,100,99946,100
2019-06-28 09:37:19.858060958,100056,97,100033,297,100061,194,100028,294,100109,194,100009,194,100126,100,99981,300,100145,100,99980,100,100255,100,99969,100,100345,100,99964,100,100385,100,99954,100,100611,100,99953,200,100675,100,99946,100
2019-06-28 09:37:20.000000000,100061,157,100033,257,100109,157,100028,257,100126,157,100009,157,100145,157,99981,357,100255,157,99980,157,100345,100,99969,100,100385,100,99964,100,100611,100,99954,100,100675,100,99953,200,100810,100,99946,100
2019-06-28 09:37:30.000000000,100061,172,100033,272,100109,172,100028,272,100126,172,100009,172,100145,172,99981,372,100255,100,99980,100,100345,100,99969,100,100385,100,99964,100,100611,100,99954,100,100675,100,99953,200,100810,100,99946,100
2019-06-28 09:37:34.230854714,100061,72,100033,272,100109,172,100028,272,100126,172,100009,172,100145,172,99981,372,100255,100,99980,100,100345,100,99969,100,100385,100,99964,100,100611,100,99954,100,100675,100,99953,100,100810,100,99946,100
2019-06-28 09:37:35.377919841,100109,172,100061,28,100126,172,100033,272,100145,172,100028,272,100255,100,100009,172,100345,100,99981,372,100385,100,99980,100,100611,100,99969,100,100675,100,99964,100,100810,100,99954,100,100852,100,99953,100
2019-06-28 09:37:40.000000000,100109,197,100061,125,100126,194,100033,294,100145,194,100028,294,100255,100,100009,100,100345,100,99981,300,100385,100,99980,100,100611,100,99969,100,100675,100,99964,100,100810,100,99954,100,100852,100,99953,100
2019-06-28 09:37:50.000000000,100109,243,100061,171,100126,243,100033,343,100145,100,100028,200,100255,100,100009,100,100345,100,99981,300,100385,100,99980,100,100611,100,99969,100,100675,100,99964,100,100810,100,99954,100,100852,100,99953,100
2019-06-28 09:37:51.888159359,100109,143,100061,171,100126,243,100033,343,100145,100,100028,200,100255,100,100009,100,100345,100,99981,300,100385,100,99980,100,100611,100,99969,100,100675,100,99964,100,100810,100,99954,100,100852,100,99953,100
2019-06-28 09:37:58.430651272,100109,143,100061,171,100126,243,100033,343,100145,100,100028,200,100255,100,100009,100,100345,100,99981,300,100385,100,99980,100,100611,100,99969,100,100675,100,99964,100,100810,100,99954,100,100852,100,99953,100
2019-06-28 09:38:00.000000000,100126,172,100061,100,100145,172,100033,272,100255,172,100028,272,100345,172,100009,172,100385,100,99981,300,100611,100,99980,100,100675,100,99969,100,100810,100,99964,100,100852,100,99954,100,100965,100,99953,100
2019-06-28 09:38:09.326620522,100145,172,100126,28,100255,172,100061,100,100345,172,100033,272,100385,100,100028,272,100611,100,100009,172,100675,100,99981,300,100810,100,99980,100,100852,100,99969,100,100965,100,99964,100,101085,100,99954,100
2019-06-28 09:38:10.000000000,100145,386,100126,314,100255,100,100061,28,100345,100,100033,200,100385,100,100028,200,100611,100,100009,100,100675,100,99981,300,100810,100,99980,100,100852,100,99969,100,100965,100,99964,100,101085,100,99954,100
2019-06-28 09:38:20.000000000,100145,243,100126,171,100255,243,100061,171,100345,100,100033,200,100385,100,100028,200,100611,100,100009,100,100675,100,99981,300,100810,100,99980,100,100852,100,99969,100,100965,100,99964,100,101085,100,99954,100
2019-06-28 09:38:30.000000000,100145,157,100126,85,100255,157,100061,85,100345,157,100033,257,100385,157,100028,257,100611,157,100009,157,100675,100,99981,300,100810,100,99980,100,100852,100,99969,100,100965,100,99964,100,101085,100,99954,100
2019-06-28 09:38:40.000000000,100145,172,100126,100,100255,172,100061,100,100345,172,100033,272,100385,172,100028,272,100611,100,100009,100,100675,100,99981,300,100810,100,99980,100,100852,100,99969,100,100965,100,99964,100,101085,100,99954,100
2019-06-28 09:38:50.000000000,100145,172,100126,100,100255,172,100061,100,100345,172,100033,272,100385,172,100028,272,100611,100,100009,100,100675,100,99981,300,100810,100,99980,100,100852,100,99969,100,100965,100,99964,100,101085,100,99954,100
2019-06-28 09:38:50.420934632,100145,172,100126,100,100255,172,100061,100,100345,172,100033,272,100385,172,100028,272,100611,100,100009,100,100675,100,99981,300,100810,100,99969,100,100852,100,99964,100,100965,100,99954,100,101085,100,99953,100
2019-06-28 09:39:00.000000000,100145,243,100126,171,100255,243,100061,171,100345,100,100033,200,100385,100,100028,200,100611,100,100009,100,100675,100,99981,300,100810,100,99969,100,100852,100,99964,100,100965,100,99954,100,101085,100,99953,100
2019-06-28 09:39:10.000000000,100145,386,100126,314,100255,100,100061,28,100345,100,100033,200,100385,100,100028,200,100611,100,100009,100,100675,100,99981,300,100810,100,99969,100,100852,100,99964,100,100965,100,99954,100,101085,100,99953,100
2019-06-28 09:39:10.166664196,100145,386,100126,314,100255,100,100061,28,100345,100,100033,200,100385,100,100028,200,100611,100,100009,100,100675,100,99981,300,100810,100,99969,100,100852,100,99964,100,100965,100,99954,100,101085,100,99953,100
2019-06-28 09:39:20.000000000,100145,172,100126,100,100255,172,100061,100,100345,172,100033,272,100385,172,100028,272,100611,100,100009,100,100675,100,99981,300,100810,100,99969,100,100852,100,99964,100,100965,100,99954,100,101085,100,99953,100
2019-06-28 09:39:20.321401311,100145,72,100126,100,100255,172,100061,100,100345,172,100033,272,100385,172,100028,272,100611,100,100009,100,100675,100,99981,300,100810,100,99969,100,100852,100,99964,100,100965,100,99954,100,101085,100,99953,100
2019-06-28 09:39:30.000000000,100255,197,100126,125,100345,194,100061,122,100385,194,100033,294,100611,100,100028,200,100675,100,100009,100,100810,100,99981,300,100852,100,99969,100,100965,100,99964,100,101085,100,99954,100,101132,100,99953,100
2019-06-28 09:39:37.416913159,100255,197,100127,100,100345,194,100126,125,100385,194,100061,122,100611,100,100033,294,100675,100,100028,200,100810,100,100009,100,100852,100,99981,300,100965,100,99969,100,101085,100,99964,100,101132,100,99954,100
2019-06-28 09:39:40.000000000,100255,386,100127,386,100345,100,100126,28,100385,100,100061,28,100611,100,100033,200,100675,100,100028,200,100810,100,100009,100,100852,100,99981,300,100965,100,99969,100,101085,100,99964,100,101132,100,99954,100
2019-06-28 09:39:50.000000000,100255,157,100127,157,100345,157,100126,85,100385,157,100061,85,100611,157,100033,257,100675,157,100028,257,100810,100,100009,100,100852,100,99981,300,100965,100,99969,100,101085,100,99964,100,101132,100,99954,100
2019-06-28 09:40:00.000000000,100255,243,100127,243,100345,243,100126,171,100385,100,100061,28,100611,100,100033,200,100675,100,100028,200,100810,100,100009,100,100852,100,99981,300,100965,100,99969,100,101085,100,99964,100,101132,100,99954,100
2019-06-28 09:40:10.000000000,100255,386,100127,386,100345,100,100126,28,100385,100,100061,28,100611,100,100033,200,100675,100,100028,200,100810,100,100009,100,100852,100,99981,300,100965,100,99969,100,101085,100,99964,100,101132,100,99954,100
2019-06-28 09:40:20.000000000,100255,172,100127,172,100345,172,100126,100,100385,172,100061,100,100611,172,100033,272,100675,100,100028,200,100810,100,100009,100,100852,100,99981,300,100965,100,99969,100,101085,100,99964,100,101132,100,99954,100
2019-06-28 09:40:30.000000000,100255,172,100127,172,100345,172,100126,100,100385,172,100061,100,100611,172,100033,272,100675,100,100028,200,100810,100,100009,100,100852,100,99981,300,100965,100,99969,100,101085,100,99964,100,101132,100,99954,100
2019-06-28 09:40:40.000000000,100255,386,100127,386,100345,100,100126,28,100385,100,100061,28,100611,100,100033,200,100675,100,100028,200,100810,100,100009,100,100852,100,99981,300,100965,100,99969,100,101085,100,99964,100,101132,100,99954,100
2019-06-28 09:40:50.000000000,100255,197,100127,197,100345,194,100126,122,100385,194,100061,122,100611,100,100033,200,100675,100,100028,200,100810,100,100009,100,100852,100,99981,300,100965,100,99969,100,101085,100,99964,100,101132,100,99954,100
2019-06-28 09:40:52.083209728,100255,97,100127,197,100345,194,100126,122,100385,194,100061,122,100611,100,100033,200,100675,100,100028,200,100810,100,100009,100,100852,100,99981,300,100965,100,99969,100,101085,100,99964,100,101132,100,99954,100
2019-06-28 09:41:00.000000000,100345,243,100127,243,100385,243,100126,171,100611,100,100061,28,100675,100,100033,200,100810,100,100028,200,100852,100,100009,100,100965,100,99981,300,101085,100,99969,100,101132,100,99964,100,101142,100,99954,100
2019-06-28 09:41:04.753700265,100345,243,100127,243,100385,243,100126,171,100611,100,100061,28,100675,100,100033,200,100810,100,100028,200,100852,100,100009,100,100965,100,99981,300,101085,100,99969,100,101132,100,99964,100,101142,100,99954,100
2019-06-28 09:41:10.000000000,100345,197,100127,197,100385,194,100126,122,100611,194,100061,122,100675,100,100033,200,100810,100,100028,200,100852,100,100009,100,100965,100,99981,300,101085,100,99969,100,101132,100,99964,100,101142,100,99954,100
2019-06-28 09:41:12.174322199,100345,197,100127,197,100385,194,100126,122,100611,194,100061,94,100675,100,100033,200,100810,100,100028,200,100852,100,100009,100,100965,100,99981,300,101085,100,99969,100,101132,100,99964,100,101142,100,99954,100
2019-06-28 09:41:13.725600794,100345,197,100127,197,100385,194,100126,122,100611,194,100061,94,100675,100,100033,200,100810,100,100028,200,100852,100,100009,100,100965,100,99981,300,101085,100,99969,100,101132,100,99964,100,101142,100,99954,100
2019-06-28 09:41:20.000000000,100345,386,100127,386,100385,100,100126,28,100611,100,100033,200,100675,100,100028,200,100810,100,100009,100,100852,100,99981,300,100965,100,99969,100,101085,100,99964,100,101132,100,99954,100,101142,100,99953,100
2019-06-28 09:41:26.624977938,100345,286,100127,386,100385,100,100126,28,100611,100,100033,200,100675,100,100028,200,100810,100,100009,100,100852,100,99981,300,100965,100,99969,100,101085,100,99964,100,101132,100,99954,100,101142,100,99953,100
2019-06-28 09:41:30.000000000,100385,157,100127,157,100611,157,100126,85,100675,157,100033,257,100810,157,100028,257,100852,157,100009,157,100965,100,99981,300,101085,100,99969,100,101132,100,99964,100,101142,100,99954,100,101190,100,99953,100
2019-06-28 09:41:30.213937797,100385,57,100127,157,100611,157,100126,85,100675,157,100033,257,100810,157,100028,257,100852,157,100009,157,100965,100,99981,300,101085,100,99969,100,101132,100,99964,100,101142,100,99954,100,101190,100,99953,100
2019-06-28 09:41:31.141589190,100611,157,100385,43,100675,157,100127,157,100810,157,100126,85,100852,157,100033,257,100965,100,100028,257,101085,100,100009,157,101132,100,99981,300,101142,100,99969,100,101190,100,99964,100,101214,100,99954,100
2019-06-28 09:41:40.000000000,100611,172,100385,115,100675,172,100127,172,100810,172,100126,100,100852,172,100033,272,100965,100,100028,200,101085,100,100009,100,101132,100,99981,300,101142,100,99969,100,101190,100,99964,100,101214,100,99954,100
2019-06-28 09:41:50.000000000,100611,243,100385,186,100675,243,100127,243,100810,100,100126,28,100852,100,100033,200,100965,100,100028,200,101085,100,100009,100,101132,100,99981,300,101142,100,99969,100,101190,100,99964,100,101214,100,99954,100
2019-06-28 09:41:59.545449430,100611,243,100385,186,100675,243,100127,243,100810,100,100126,28,100852,100,100033,200,100877,100,100028,200,101085,100,100009,100,101132,100,99981,300,101142,100,99969,100,101190,100,99964,100,101214,100,99954,100
2019-06-28 09:42:00.000000000,100611,197,100385,140,100675,194,100127,194,100810,194,100126,122,100852,100,100033,200,100877,100,100028,200,101085,100,100009,100,101132,100,99981,300,101142,100,99969,100,101190,100,99964,100,101214,100,99954,100
2019-06-28 09:42:05.829251325,100611,197,100385,140,100675,194,100127,194,100810,194,100126,122,100818,100,100033,200,100852,100,100028,200,100877,100,100009,100,101085,100,99981,300,101132,100,99969,100,101142,100,99954,100,101190,100,99953,100
2019-06-28 09:42:09.530484178,100611,97,100385,140,100675,194,100127,194,100810,194,100126,122,100818,100,100033,200,100852,100,100028,200,100877,100,100009,100,101085,100,99981,300,101132,100,99969,100,101142,100,99954,100,101190,100,99953,100
2019-06-28 09:42:10.000000000,100675,157,100385,100,100810,157,100127,157,100818,157,100126,85,100852,157,100033,257,100877,157,100028,257,101085,100,100009,100,101132,100,99981,300,101142,100,99969,100,101190,100,99954,100,101214,100,99953,100
2019-06-28 09:42:20.000000000,100675,197,100385,140,100810,194,100127,194,100818,194,100126,122,100852,100,100033,200,100877,100,100028,200,101085,100,100009,100,101132,100,99981,300,101142,100,99969,100,101190,100,99954,100,101214,100,99953,100
2019-06-28 09:42:30.000000000,100675,243,100385,186,100810,243,100127,243,100818,100,100126,28,100852,100,100033,200,100877,100,100028,200,101085,100,100009,100,101132,100,99981,300,101142,100,99969,100,101190,100,99954,100,101214,100,99953,100
2019-06-28 09:42:33.264369368,100675,243,100385,186,100810,243,100127,143,100818,100,100126,28,100852,100,100033,200,100877,100,100028,200,101085,100,100009,100,101132,100,99981,300,101142,100,99969,100,101190,100,99954,100,101214,100,99953,100
2019-06-28 09:42:40.000000000,100675,197,100385,140,100810,194,100126,122,100818,194,100033,294,100852,100,100028,200,100877,100,100009,100,101085,100,99981,300,101132,100,99969,100,101142,100,99954,100,101190,100,99953,100,101214,100,99946,100
2019-06-28 09:42:43.384335125,100675,197,100386,100,100810,194,100385,140,100818,194,100126,122,100852,100,100033,294,100877,100,100028,200,101085,100,100009,100,101132,100,99981,300,101142,100,99969,100,101190,100,99954,100,101214,100,99953,100
2019-06-28 09:42:50.000000000,100675,243,100386,243,100810,243,100385,186,100818,100,100126,28,100852,100,100033,200,100877,100,100028,200,101085,100,100009,100,101132,100,99981,300,101142,100,99969,100,101190,100,99954,100,101214,100,99953,100
2019-06-28 09:42:57.209647234,100675,243,100386,243,100787,100,100385,186,100810,243,100126,28,100818,100,100033,200,100852,100,100028,200,100877,100,100009,100,101085,100,99981,300,101132,100,99969,100,101142,100,99954,100,101190,100,99953,100
2019-06-28 09:43:00.000000000,100675,172,100386,172,100787,172,100385,115,100810,172,100126,100,100818,172,100033,272,100852,100,100028,200,100877,100,100009,100,101085,100,99981,300,101132,100,99969,100,101142,100,99954,100,101190,100,99953,100
2019-06-28 09:43:10.000000000,100675,172,100386,172,100787,172,100385,115,100810,172,100126,100,100818,172,100033,272,100852,100,100028,200,100877,100,100009,100,101085,100,99981,300,101132,100,99969,100,101142,100,99954,100,101190,100,99953,100
2019-06-28 09:43:17.173330074,100675,172,100386,172,100766,100,100385,115,100787,172,100126,100,100810,172,100033,272,100818,172,100028,200,100852,100,100009,100,100877,100,99981,300,101085,100,99969,100,101132,100,99954,100,101142,100,99953,100
2019-06-28 09:43:19.862874294,100675,172,100402,100,100766,100,100386,172,100787,172,100385,115,100810,172,100126,100,100818,172,100033,272,100852,100,100028,200,100877,100,100009,100,101085,100,99981,300,101132,100,99969,100,101142,100,99954,100
2019-06-28 09:43:20.000000000,100675,197,100402,197,100766,194,100386,194,100787,194,100385,137,100810,100,100126,28,100818,100,100033,200,100852,100,100028,200,100877,100,100009,100,101085,100,99981,300,101132,100,99969,100,101142,100,99954,100
2019-06-28 09:43:27.856133211,100675,197,100402,197,100766,194,100386,194,100787,194,100385,137,100810,100,100126,28,100818,100,100033,200,100852,100,100028,200,100877,100,100009,100,101085,100,99981,300,101132,100,99969,100,101142,100,99953,100
2019-06-28 09:43:30.000000000,100675,157,100402,157,100766,157,100386,157,100787,157,100385,100,100810,157,100126,85,100818,157,100033,257,100852,100,100028,200,100877,100,100009,100,101085,100,99981,300,101132,100,99969,100,101142,100,99953,100
2019-06-28 09:43:37.696636243,100675,157,100402,157,100766,157,100386,157,100779,100,100385,100,100787,157,100126,85,100810,157,100033,257,100818,157,100028,200,100852,100,100009,100,100877,100,99981,300,101085,100,99969,100,101132,100,99953,100
2019-06-28 09:43:40.000000000,100675,386,100402,386,100766,100,100386,100,100779,100,100385,43,100787,100,100126,28,100810,100,100033,200,100818,100,100028,200,100852,100,100009,100,100877,100,99981,300,101085,100,99969,100,101132,100,99953,100
2019-06-28 09:43:43.857876098,100675,386,100402,386,100724,100,100386,100,100766,100,100385,43,100779,100,100126,28,100787,100,100033,200,100810,100,100028,200,100818,100,100009,100,100852,100,99981,300,100877,100,99969,100,101085,100,99953,100
2019-06-28 09:43:46.516147852,100675,386,100402,386,100707,100,100386,100,100724,100,100385,43,100766,100,100126,28,100779,100,100033,200,100787,100,100028,200,100810,100,100009,100,100818,100,99981,300,100852,100,99953,100,100877,100,99946,100
2019-06-28 09:43:48.603097539,100505,100,100402,386,100675,386,100386,100,100707,100,100385,43,100724,100,100126,28,100766,100,100033,200,100779,100,100028,200,100787,100,100009,100,100810,100,99981,300,100818,100,99953,100,100852,100,99946,100
2019-06-28 09:43:50.000000000,100505,243,100402,243,100675,243,100386,243,100707,100,100385,43,100724,100,100126,28,100766,100,100033,200,100779,100,100028,200,100787,100,100009,100,100810,100,99981,300,100818,100,99953,100,100852,100,99946,100
2019-06-28 09:43:58.578479805,100465,100,100402,243,100505,243,100386,243,100675,243,100385,43,100707,100,100126,28,100724,100,100033,200,100766,100,100028,200,100779,100,100009,100,100787,100,99981,300,100810,100,99953,100,100818,100,99946,100
2019-06-28 09:44:00.000000000,100465,386,100402,386,100505,100,100386,100,100675,100,100385,43,100707,100,100126,28,100724,100,100033,200,100766,100,100028,200,100779,100,100009,100,100787,100,99981,300,100810,100,99953,100,100818,100,99946,100
2019-06-28 09:44:10.000000000,100465,386,100402,386,100505,100,100386,100,100675,100,100385,43,100707,100,100126,28,100724,100,100033,200,100766,100,100028,200,100779,100,100009,100,100787,100,99981,300,100810,100,99953,100,100818,100,99946,100
2019-06-28 09:44:20.000000000,100465,172,100402,172,100505,172,100386,172,100675,172,100385,115,100707,172,100126,100,100724,100,100033,200,100766,100,100028,200,100779,100,100009,100,100787,100,99981,300,100810,100,99953,100,100818,100,99946,100
2019-06-28 09:44:21.258226349,100465,172,100402,172,100480,100,100386,172,100505,172,100385,115,100675,172,100126,100,100707,172,100033,200,100724,100,100028,200,100766,100,100009,100,100779,100,99981,300,100787,100,99953,100,100810,100,99946,100
2019-06-28 09:44:30.000000000,100465,172,100402,172,100480,172,100386,172,100505,172,100385,115,100675,172,100126,100,100707,100,100033,200,100724,100,100028,200,100766,100,100009,100,100779,100,99981,300,100787,100,99953,100,100810,100,99946,100
2019-06-28 09:44:40.000000000,100465,157,100402,157,100480,157,100386,157,100505,157,100385,100,100675,157,100126,85,100707,157,100033,257,100724,100,100028,200,100766,100,100009,100,100779,100,99981,300,100787,100,99953,100,100810,100,99946,100
2019-06-28 09:44:45.760806504,100427,100,100402,157,100465,157,100386,157,100480,157,100385,100,100505,157,100126,85,100675,157,100033,257,100707,157,100028,200,100724,100,100009,100,100766,100,99981,300,100779,100,99953,100,100787,100,99946,100
2019-06-28 09:44:50.000000000,100427,386,100402,386,100465,100,100386,100,100480,100,100385,43,100505,100,100126,28,100675,100,100033,200,100707,100,100028,200,100724,100,100009,100,100766,100,99981,300,100779,100,99953,100,100787,100,99946,100
2019-06-28 09:45:00.000000000,100427,243,100402,243,100465,243,100386,243,100480,100,100385,43,100505,100,100126,28,100675,100,100033,200,100707,100,100028,200,100724,100,100009,100,100766,100,99981,300,100779,100,99953,100,100787,100,99946,100
2019-06-28 09:45:10.000000000,100427,157,100402,157,100465,157,100386,157,100480,157,100385,100,100505,157,100126,85,100675,157,100033,257,100707,100,100028,200,100724,100,100009,100,100766,100,99981,300,100779,100,99953,100,100787,100,99946,100
2019-06-28 09:45:12.823798389,100427,157,100402,157,100465,157,100386,157,100480,157,100385,100,100505,157,100126,85,100675,157,100033,257,100707,100,100028,200,100724,100,100009,100,100766,100,99981,300,100779,100,99953,100,100787,100,99946,100
2019-06-28 09:45:16.298878515,100427,157,100426,100,100465,157,100402,157,100480,157,100386,157,100505,157,100385,100,100675,157,100126,85,100707,100,100033,257,100724,100,100028,200,100766,100,100009,100,100779,100,99981,300,100787,100,99953,100
2019-06-28 09:45:20.000000000,100427,243,100426,243,100465,243,100402,243,100480,100,100386,100,100505,100,100385,43,100675,100,100126,28,100707,100,100033,200,100724,100,100028,200,100766,100,100009,100,100779,100,99981,300,100787,100,99953,100
2019-06-28 09:45:21.366545261,100427,143,100426,243,100465,243,100402,243,100480,100,100386,100,100505,100,100385,43,100675,100,100126,28,100707,100,100033,200,100724,100,100028,200,100766,100,100009,100,100779,100,99981,300,100787,100,99953,100
2019-06-28 09:45:30.000000000,100465,386,100426,386,100480,100,100402,100,100505,100,100386,100,100675,100,100385,43,100707,100,100126,28,100724,100,100033,200,100766,100,100028,200,100779,100,100009,100,100787,100,99981,300,100810,100,99953,100
2019-06-28 09:45:40.000000000,100465,172,100426,172,100480,172,100402,172,100505,172,100386,172,100675,172,100385,115,100707,100,100126,28,100724,100,100033,200,100766,100,100028,200,100779,100,100009,100,100787,100,99981,300,100810,100,99953,100
2019-06-28 09:45:47.347209344,100465,172,100426,172,100480,172,100402,172,100505,172,100386,172,100675,172,100385,115,100707,100,100126,28,100724,100,100033,200,100766,100,100028,200,100779,100,99981,300,100787,100,99953,100,100810,100,99946,100
2019-06-28 09:45:50.000000000,100465,386,100426,386,100480,100,100402,100,100505,100,100386,100,100675,100,100385,43,100707,100,100126,28,100724,100,100033,200,100766,100,100028,200,100779,100,99981,300,100787,100,99953,100,100810,100,99946,100
2019-06-28 09:46:00.000000000,100465,157,100426,157,100480,157,100402,157,100505,157,100386,157,100675,157,100385,100,100707,157,100126,85,100724,100,100033,200,100766,100,100028,200,100779,100,99981,300,100787,100,99953,100,100810,100,99946,100
2019-06-28 09:46:03.004452824,100465,157,100426,157,100480,157,100402,157,100505,157,100386,157,100675,157,100385,100,100707,157,100372,100,100724,100,100126,85,100766,100,100033,200,100779,100,100028,200,100787,100,99981,300,100810,100,99953,100
2019-06-28 09:46:09.123588999,100465,157,100426,157,100480,157,100402,157,100505,157,100386,157,100530,100,100385,100,100675,157,100372,100,100707,157,100126,85,100724,100,100033,200,100766,100,100028,200,100779,100,99981,300,100787,100,99953,100
2019-06-28 09:46:10.000000000,100465,172,100426,172,100480,172,100402,172,100505,172,100386,172,100530,172,100385,115,100675,100,100372,100,100707,100,100126,28,100724,100,100033,200,100766,100,100028,200,100779,100,99981,300,100787,100,99953,100
2019-06-28 09:46:15.622295935,100465,172,100427,100,100480,172,100426,172,100505,172,100402,172,100530,172,100386,172,100675,100,100385,115,100707,100,100372,100,100724,100,100126,28,100766,100,100033,200,100779,100,100028,200,100787,100,99981,300
2019-06-28 09:46:18.270854750,100465,172,100427,100,100480,172,100426,172,100505,172,100404,100,100530,172,100402,172,100675,100,100386,172,100707,100,100385,115,100724,100,100372,100,100766,100,100126,28,100779,100,100033,200,100810,100,100028,200
2019-06-28 09:46:20.000000000,100465,172,100427,172,100480,172,100426,172,100505,172,100404,172,100530,172,100402,172,100675,100,100386,100,100707,100,100385,43,100724,100,100372,100,100766,100,100126,28,100779,100,100033,200,100810,100,100028,200
2019-06-28 09:46:30.000000000,100465,197,100427,197,100480,194,100426,194,100505,194,100404,194,100530,100,100402,100,100675,100,100386,100,100707,100,100385,43,100724,100,100372,100,100766,100,100126,28,100779,100,100033,200,100810,100,100028,200
2019-06-28 09:46:30.475703774,100452,100,100427,197,100465,197,100426,194,100480,194,100404,194,100505,194,100402,100,100530,100,100386,100,100675,100,100385,43,100707,100,100372,100,100724,100,100126,28,100766,100,100033,200,100779,100,100028,200
2019-06-28 09:46:40.000000000,100452,197,100427,197,100465,194,100426,194,100480,194,100404,194,100505,100,100402,100,100530,100,100386,100,100675,100,100385,43,100707,100,100372,100,100724,100,100126,28,100766,100,100033,200,100779,100,100028,200
2019-06-28 09:46:49.113724439,100452,197,100427,197,100465,194,100426,194,100480,194,100404,194,100505,100,100402,100,100530,100,100386,100,100675,100,100385,43,100707,100,100372,100,100724,100,100192,100,100766,100,100126,28,100779,100,100033,200
2019-06-28 09:46:50.000000000,100452,243,100427,243,100465,243,100426,243,100480,100,100404,100,100505,100,100402,100,100530,100,100386,100,100675,100,100385,43,100707,100,100372,100,100724,100,100192,100,100766,100,100126,28,100779,100,100033,200
2019-06-28 09:46:53.342268485,100452,243,100427,143,100465,243,100426,243,100480,100,100404,100,100505,100,100402,100,100530,100,100386,100,100675,100,100385,43,100707,100,100372,100,100724,100,100192,100,100766,100,100126,28,100779,100,100033,200
2019-06-28 09:47:00.000000000,100452,197,100426,197,100465,194,100404,194,100480,194,100402,194,100505,100,100386,100,100530,100,100385,43,100675,100,100372,100,100707,100,100192,100,100724,100,100126,28,100766,100,100033,200,100779,100,100028,200
2019-06-28 09:47:01.071737851,100452,197,100428,100,100465,194,100426,197,100480,194,100404,194,100505,100,100402,194,100530,100,100386,100,100675,100,100385,43,100707,100,100372,100,100724,100,100192,100,100766,100,100126,28,100779,100,100033,100
2019-06-28 09:47:10.000000000,100452,157,100428,157,100465,157,100426,157,100480,157,100404,157,100505,157,100402,157,100530,157,100386,157,100675,100,100385,43,100707,100,100372,100,100724,100,100192,100,100766,100,100126,28,100779,100,100033,100
2019-06-28 09:47:14.678233150,100452,157,100428,157,100465,157,100426,157,100480,157,100404,157,100504,100,100402,157,100505,157,100386,157,100530,157,100385,43,100707,100,100372,100,100724,100,100192,100,100766,100,100126,28,100779,100,100033,100
2019-06-28 09:47:20.000000000,100452,243,100428,243,100465,243,100426,243,100480,100,100404,100,100504,100,100402,100,100505,100,100386,100,100530,100,100385,43,100707,100,100372,100,100724,100,100192,100,100766,100,100126,28,100779,100,100033,100
2019-06-28 09:47:30.000000000,100452,243,100428,243,100465,243,100426,243,100480,100,100404,100,100504,100,100402,100,100505,100,100386,100,100530,100,100385,43,100707,100,100372,100,100724,100,100192,100,100766,100,100126,28,100779,100,100033,100
2019-06-28 09:47:40.000000000,100452,172,100428,172,100465,172,100426,172,100480,172,100404,172,100504,172,100402,172,100505,100,100386,100,100530,100,100385,43,100707,100,100372,100,100724,100,100192,100,100766,100,100126,28,100779,100,100033,100
2019-06-28 09:47:50.000000000,100452,157,100428,157,100465,157,100426,157,100480,157,100404,157,100504,157,100402,157,100505,157,100386,157,100530,100,100385,43,100707,100,100372,100,100724,100,100192,100,100766,100,100126,28,100779,100,100033,100
2019-06-28 09:48:00.000000000,100452,197,100428,197,100465,194,100426,194,100480,194,100404,194,100504,100,100402,100,100505,100,100386,100,100530,100,100385,43,100707,100,100372,100,100724,100,100192,100,100766,100,100126,28,100779,100,100033,100
2019-06-28 09:48:10.000000000,100452,157,100428,157,100465,157,100426,157,100480,157,100404,157,100504,157,100402,157,100505,157,100386,157,100530,100,100385,43,100707,100,100372,100,100724,100,100192,100,100766,100,100126,28,100779,100,100033,100
2019-06-28 09:48:18.358010661,100452,157,100428,57,100465,157,100426,157,100480,157,100404,157,100504,157,100402,157,100505,157,100386,157,100530,100,100385,43,100707,100,100372,100,100724,100,100192,100,100766,100,100126,28,100779,100,100033,100
2019-06-28 09:48:20.000000000,100452,386,100426,386,100465,100,100404,100,100480,100,100402,100,100504,100,100386,100,100505,100,100385,43,100530,100,100372,100,100707,100,100192,100,100724,100,100126,28,100766,100,100033,100,100779,100,100028,200
2019-06-28 09:48:30.000000000,100452,157,100426,157,100465,157,100404,157,100480,157,100402,157,100504,157,100386,157,100505,157,100385,100,100530,100,100372,100,100707,100,100192,100,100724,100,100126,28,100766,100,100033,100,100779,100,100028,200
2019-06-28 09:48:40.000000000,100452,157,100426,157,100465,157,100404,157,100480,157,100402,157,100504,157,100386,157,100505,157,100385,100,100530,100,100372,100,100707,100,100192,100,100724,100,100126,28,100766,100,100033,100,100779,100,100028,200
2019-06-28 09:48:44.433371549,100452,157,100426,157,100465,157,100404,157,100480,157,100402,157,100504,157,100386,157,100505,157,100385,100,100530,100,100372,100,100707,100,100192,100,100724,100,100126,28,100766,100,100033,100,100779,100,100028,200
2019-06-28 09:48:45.914939221,100428,100,100426,157,100452,157,100404,157,100465,157,100402,157,100480,157,100386,157,100504,157,100385,100,100505,157,100372,100,100530,100,100192,100,100707,100,100126,28,100724,100,100033,100,100766,100,100028,200
2019-06-28 09:48:50.000000000,100428,157,100426,157,100452,157,100404,157,100465,157,100402,157,100480,157,100386,157,100504,157,100385,100,100505,100,100372,100,100530,100,100192,100,100707,100,100126,28,100724,100,100033,100,100766,100,100028,200
2019-06-28 09:49:00.000000000,100428,157,100426,157,100452,157,100404,157,100465,157,100402,157,100480,157,100386,157,100504,157,100385,100,100505,100,100372,100,100530,100,100192,100,100707,100,100126,28,100724,100,100033,100,100766,100,100028,200
2019-06-28 09:49:04.962204525,100428,257,100426,157,100452,157,100404,157,100465,157,100402,157,100480,157,100386,157,100504,157,100385,100,100505,100,100372,100,100530,100,100192,100,100707,100,100126,28,100724,100,100033,100,100766,100,100028,200
2019-06-28 09:49:09.141493570,100428,257,100426,57,100452,157,100404,157,100465,157,100402,157,100480,157,100386,157,100504,157,100385,100,100505,100,100372,100,100530,100,100192,100,100707,100,100126,28,100724,100,100033,100,100766,100,100028,200
2019-06-28 09:49:10.000000000,100428,297,100404,197,100452,194,100402,194,100465,194,100386,194,100480,100,100385,43,100504,100,100372,100,100505,100,100192,100,100530,100,100126,28,100707,100,100033,100,100724,100,100028,200,100766,100,100027,100
2019-06-28 09:49:20.000000000,100428,486,100404,386,100452,100,100402,100,100465,100,100386,100,100480,100,100385,43,100504,100,100372,100,100505,100,100192,100,100530,100,100126,28,100707,100,100033,100,100724,100,100028,200,100766,100,100027,100
2019-06-28 09:49:28.081086264,100428,486,100404,386,100452,100,100402,100,100465,100,100386,100,100480,100,100385,43,100504,100,100372,100,100505,100,100192,100,100530,100,100126,28,100707,100,100033,100,100724,100,100028,200,100766,100,100027,100
2019-06-28 09:49:30.000000000,100428,343,100404,243,100452,243,100402,243,100465,100,100386,100,100480,100,100385,43,100504,100,100372,100,100505,100,100192,100,100530,100,100126,28,100707,100,100033,100,100724,100,100028,200,100766,100,100027,100
2019-06-28 09:49:40.000000000,100428,486,100404,386,100452,100,100402,100,100465,100,100386,100,100480,100,100385,43,100504,100,100372,100,100505,100,100192,100,100530,100,100126,28,100707,100,100033,100,100724,100,100028,200,100766,100,100027,100
2019-06-28 09:49:50.000000000,100428,486,100404,386,100452,100,100402,100,100465,100,100386,100,100480,100,100385,43,100504,100,100372,100,100505,100,100192,100,100530,100,100126,28,100707,100,100033,100,100724,100,100028,200,100766,100,100027,100
2019-06-28 09:49:52.356849619,100428,486,100404,386,100452,100,100402,100,100465,100,100386,100,100480,100,100385,43,100504,100,100372,100,100505,100,100192,100,100530,100,100126,28,100707,100,100060,100,100724,100,100033,100,100766,100,100028,200
2019-06-28 09:49:52.788234293,100428,486,100404,286,100452,100,100402,100,100465,100,100386,100,100480,100,100385,43,100504,100,100372,100,100505,100,100192,100,100530,100,100126,28,100707,100,100060,100,100724,100,100033,100,100766,100,100028,200
2019-06-28 09:49:56.599054262,100428,486,100404,286,100452,100,100402,100,100465,100,100386,100,100480,100,100385,43,100504,100,100372,100,100505,100,100192,100,100530,100,100126,28,100707,100,100060,100,100724,100,100033,100,100766,100,100028,200
2019-06-28 09:49:59.386391989,100428,486,100404,286,100452,100,100402,100,100465,100,100386,100,100480,100,100385,43,100504,100,100372,100,100505,100,100192,100,100530,100,100126,28,100707,100,100060,100,100724,100,100035,100,100766,100,100033,100
2019-06-28 09:50:00.000000000,100428,297,100402,197,100452,194,100386,194,100465,194,100385,137,100480,100,100372,100,100504,100,100192,100,100505,100,100126,28,100530,100,100060,100,100707,100,100035,100,100724,100,100033,100,100766,100,100028,200
2019-06-28 09:50:10.000000000,100428,297,100402,197,100452,194,100386,194,100465,194,100385,137,100480,100,100372,100,100504,100,100192,100,100505,100,100126,28,100530,100,100060,100,100707,100,100035,100,100724,100,100033,100,100766,100,100028,200
2019-06-28 09:50:15.537301518,100428,297,100402,197,100452,194,100386,194,100465,194,100385,137,100480,100,100372,100,100504,100,100192,100,100505,100,100126,28,100530,100,100060,100,100707,100,100035,100,100724,100,100033,100,100766,100,100028,200
2019-06-28 09:50:18.841684706,100428,297,100402,197,100452,194,100386,194,100465,194,100385,137,100480,100,100372,100,100505,100,100192,100,100530,100,100126,28,100707,100,100060,100,100724,100,100035,100,100766,100,100033,100,100779,100,100028,200
2019-06-28 09:50:20.000000000,100428,297,100402,197,100452,194,100386,194,100465,194,100385,137,100480,100,100372,100,100505,100,100192,100,100530,100,100126,28,100707,100,100060,100,100724,100,100035,100,100766,100,100033,100,100779,100,100028,200
2019-06-28 09:50:29.398195339,100428,297,100402,197,100452,194,100386,194,100465,194,100385,137,100480,100,100372,100,100505,100,100192,100,100530,100,100126,28,100707,100,100060,100,100724,100,100035,100,100766,100,100033,100,100779,100,100028,200
2019-06-28 09:50:30.000000000,100428,297,100402,197,100452,194,100386,194,100465,194,100385,137,100480,100,100372,100,100505,100,100192,100,100530,100,100126,28,100707,100,100060,100,100724,100,100035,100,100766,100,100033,100,100779,100,100028,200
2019-06-28 09:50:35.347520290,100428,297,100402,97,100452,194,100386,194,100465,194,100385,137,100480,100,100372,100,100505,100,100192,100,100530,100,100126,28,100707,100,100060,100,100724,100,100035,100,100766,100,100033,100,100779,100,100028,200
2019-06-28 09:50:36.053694100,100404,100,100402,97,100428,297,100386,194,100452,194,100385,137,100465,194,100372,100,100480,100,100192,100,100505,100,100126,28,100530,100,100060,100,100707,100,100035,100,100724,100,100033,100,100766,100,100028,200
2019-06-28 09:50:40.000000000,100404,243,100386,243,100428,343,100385,186,100452,100,100372,100,100465,100,100192,100,100480,100,100126,28,100505,100,100060,100,100530,100,100035,100,100707,100,100033,100,100724,100,100028,200,100766,100,100027,100
2019-06-28 09:50:50.000000000,100404,157,100386,157,100428,257,100385,100,100452,157,100372,157,100465,157,100192,157,100480,157,100126,85,100505,100,100060,100,100530,100,100035,100,100707,100,100033,100,100724,100,100028,200,100766,100,100027,100
2019-06-28 09:50:50.206760195,100404,157,100386,157,100428,257,100385,100,100452,157,100372,157,100465,157,100192,157,100480,157,100126,85,100505,100,100060,100,100530,100,100035,100,100707,100,100033,100,100724,100,100028,200,100766,100,100027,100
2019-06-28 09:50:57.404403692,100404,157,100386,57,100428,257,100385,57,100452,157,100372,157,100465,157,100192,157,100480,157,100126,85,100505,100,100060,100,100530,100,100035,100,100707,100,100033,100,100724,100,100028,200,100766,100,100027,100
2019-06-28 09:50:58.048074529,100404,157,100386,57,100428,257,100385,57,100452,157,100372,57,100465,157,100192,157,100480,157,100126,85,100505,100,100060,100,100530,100,100035,100,100707,100,100033,100,100724,100,100028,200,100766,100,100027,100
2019-06-28 09:51:00.000000000,100404,386,100192,386,100428,200,100126,28,100452,100,100060,100,100465,100,100035,100,100480,100,100033,100,100505,100,100028,200,100530,100,100027,100,100707,100,100024,100,100724,100,99981,200,100766,100,99953,100
2019-06-28 09:51:04.674038260,100404,386,100192,286,100428,200,100126,28,100452,100,100060,100,100465,100,100035,100,100480,100,100033,100,100505,100,100028,200,100530,100,100027,100,100707,100,100024,100,100724,100,99981,200,100766,100,99953,100
2019-06-28 09:51:10.000000000,100404,386,100126,314,100428,200,100060,100,100452,100,100035,100,100465,100,100033,100,100480,100,100028,200,100505,100,100027,100,100530,100,100024,100,100707,100,99981,200,100724,100,99953,100,100766,100,99922,100
2019-06-28 09:51:10.381792781,100404,386,100126,214,100428,200,100060,100,100452,100,100035,100,100465,100,100033,100,100480,100,100028,200,100505,100,100027,100,100530,100,100024,100,100707,100,99981,200,100724,100,99953,100,100766,100,99922,100
2019-06-28 09:51:19.170471146,100192,100,100126,214,100404,386,100060,100,100428,200,100035,100,100452,100,100033,100,100465,100,100028,200,100480,100,100027,100,100505,100,100024,100,100530,100,99981,200,100707,100,99953,100,100724,100,99922,100
2019-06-28 09:51:20.000000000,100192,157,100060,157,100404,157,100035,157,100428,257,100033,157,100452,157,100028,257,100465,157,100027,157,100480,100,100024,100,100505,100,99981,200,100530,100,99953,100,100707,100,99922,100,100724,100,99919,100
2019-06-28 09:51:23.542765965,100192,157,100060,157,100404,157,100035,157,100428,257,100033,157,100452,157,100028,257,100465,157,100027,157,100480,100,100024,100,100505,100,99981,200,100530,100,99953,100,100707,100,99922,100,100724,100,99919,100
2019-06-28 09:51:27.050905937,100192,157,100060,157,100404,157,100035,157,100428,257,100033,157,100452,157,100028,257,100465,157,100027,57,100480,100,100024,100,100505,100,99981,200,100530,100,99953,100,100707,100,99922,100,100724,100,99919,100
2019-06-28 09:51:30.000000000,100192,172,100060,172,100404,172,100035,172,100428,272,100033,172,100452,172,100028,272,100465,100,100024,100,100480,100,99981,200,100505,100,99953,100,100530,100,99922,100,100707,100,99919,100,100724,100,99884,100
2019-06-28 09:51:37.070583412,100192,172,100060,172,100404,172,100035,172,100428,272,100033,172,100452,172,100028,272,100465,100,100024,100,100480,100,99981,200,100505,100,99953,100,100530,100,99922,100,100707,100,99919,100,100724,100,99884,100
2019-06-28 09:51:40.000000000,100192,157,100060,157,100404,157,100035,157,100428,257,100033,157,100452,157,100028,257,100465,157,100024,157,100480,100,99981,200,100505,100,99953,100,100530,100,99922,100,100707,100,99919,100,100724,100,99884,100
2019-06-28 09:51:42.876517410,100192,257,100060,157,100404,157,100035,157,100428,257,100033,157,100452,157,100028,257,100465,157,100024,157,100480,100,99981,200,100505,100,99953,100,100530,100,99922,100,100707,100,99919,100,100724,100,99884,100
2019-06-28 09:51:50.000000000,100192,257,100060,157,100404,157,100035,157,100428,257,100033,157,100452,157,100028,257,100465,157,100024,157,100480,100,99981,200,100505,100,99953,100,100530,100,99922,100,100707,100,99919,100,100724,100,99884,100
2019-06-28 09:52:00.000000000,100192,343,100060,243,100404,243,100035,243,100428,200,100033,100,100452,100,100028,200,100465,100,100024,100,100480,100,99981,200,100505,100,99953,100,100530,100,99922,100,100707,100,99919,100,100724,100,99884,100
2019-06-28 09:52:01.589734882,100192,343,100060,243,100404,243,100035,243,100428,200,100033,100,100452,100,100028,200,100465,100,100024,100,100480,100,99981,200,100505,100,99953,100,100530,100,99922,100,100707,100,99919,100,100724,100,99884,100
2019-06-28 09:52:10.000000000,100192,297,100060,197,100404,194,100035,194,100428,294,100033,194,100452,100,100028,200,100465,100,100024,100,100480,100,99981,200,100505,100,99953,100,100530,100,99922,100,100707,100,99919,100,100724,100,99884,100
2019-06-28 09:52:20.000000000,100192,257,100060,157,100404,157,100035,157,100428,257,100033,157,100452,157,100028,257,100465,157,100024,157,100480,100,99981,200,100505,100,99953,100,100530,100,99922,100,100707,100,99919,100,100724,100,99884,100
2019-06-28 09:52:25.841080434,100192,257,100060,57,100404,157,100035,157,100428,257,100033,157,100452,157,100028,257,100465,157,100024,157,100480,100,99981,200,100505,100,99953,100,100530,100,99922,100,100707,100,99919,100,100724,100,99884,100
2019-06-28 09:52:30.000000000,100192,297,100035,197,100404,194,100033,194,100428,294,100028,294,100452,100,100024,100,100465,100,99981,200,100480,100,99953,100,100505,100,99922,100,100530,100,99919,100,100707,100,99884,100,100724,100,99798,100
2019-06-28 09:52:40.000000000,100192,343,100035,243,100404,243,100033,243,100428,200,100028,200,100452,100,100024,100,100465,100,99981,200,100480,100,99953,100,100505,100,99922,100,100530,100,99919,100,100707,100,99884,100,100724,100,99798,100
2019-06-28 09:52:50.000000000,100192,272,100035,172,100404,172,100033,172,100428,272,100028,272,100452,172,100024,172,100465,100,99981,200,100480,100,99953,100,100505,100,99922,100,100530,100,99919,100,100707,100,99884,100,100724,100,99798,100
2019-06-28 09:52:52.827892991,100126,100,100035,172,100192,272,100033,172,100404,172,100028,272,100428,272,100024,172,100452,172,99981,200,100465,100,99953,100,100480,100,99922,100,100505,100,99919,100,100530,100,99884,100,100707,100,99798,100
2019-06-28 09:53:00.000000000,100126,157,100035,157,100192,257,100033,157,100404,157,100028,257,100428,257,100024,157,100452,157,99981,257,100465,100,99953,100,100480,100,99922,100,100505,100,99919,100,100530,100,99884,100,100707,100,99798,100
2019-06-28 09:53:10.000000000,100126,197,100035,197,100192,294,100033,194,100404,194,100028,294,100428,200,100024,100,100452,100,99981,200,100465,100,99953,100,100480,100,99922,100,100505,100,99919,100,100530,100,99884,100,100707,100,99798,100
2019-06-28 09:53:13.561702810,100126,197,100084,100,100192,294,100035,197,100404,194,100033,194,100428,200,100028,294,100452,100,100024,100,100465,100,99981,200,100480,100,99953,100,100505,100,99922,100,100530,100,99919,100,100707,100,99884,100
2019-06-28 09:53:20.000000000,100126,243,100084,243,100192,343,100035,243,100404,100,100033,100,100428,200,100028,200,100452,100,100024,100,100465,100,99981,200,100480,100,99953,100,100505,100,99922,100,100530,100,99919,100,100707,100,99884,100
2019-06-28 09:53:22.674026986,100126,243,100084,243,100192,343,100035,243,100313,100,100033,100,100404,100,100028,200,100428,200,100024,100,100452,100,99981,200,100465,100,99953,100,100480,100,99922,100,100505,100,99919,100,100530,100,99884,100
2019-06-28 09:53:29.761799599,100126,243,100084,243,100165,100,100035,243,100192,343,100033,100,100313,100,100028,200,100404,100,100024,100,100428,200,99981,200,100452,100,99953,100,100465,100,99922,100,100480,100,99919,100,100505,100,99884,100
2019-06-28 09:53:30.000000000,100126,243,100084,243,100165,243,100035,243,100192,200,100033,100,100313,100,100028,200,100404,100,100024,100,100428,200,99981,200,100452,100,99953,100,100465,100,99922,100,100480,100,99919,100,100505,100,99884,100
2019-06-28 09:53:32.281014217,100126,343,100084,243,100165,243,100035,243,100192,200,100033,100,100313,100,100028,200,100404,100,100024,100,100428,200,99981,200,100452,100,99953,100,100465,100,99922,100,100480,100,99919,100,100505,100,99884,100
2019-06-28 09:53:37.776236755,100126,343,100084,243,100165,243,100035,243,100192,200,100033,100,100313,100,100028,200,100333,100,100024,100,100404,100,99981,200,100428,200,99953,100,100452,100,99922,100,100465,100,99919,100,100480,100,99884,100
2019-06-28 09:53:40.000000000,100126,343,100084,243,100165,243,100035,243,100192,200,100033,100,100313,100,100028,200,100333,100,100024,100,100404,100,99981,200,100428,200,99953,100,100452,100,99922,100,100465,100,99919,100,100480,100,99884,100
2019-06-28 09:53:48.929861763,100126,343,100084,243,100165,243,100035,243,100192,200,100033,100,100313,100,100028,200,100333,100,100024,100,100386,100,99981,200,100404,100,99953,100,100428,200,99922,100,100452,100,99919,100,100465,100,99884,100
2019-06-28 09:53:50.000000000,100126,257,100084,157,100165,157,100035,157,100192,257,100033,157,100313,157,100028,257,100333,157,100024,157,100386,100,99981,200,100404,100,99953,100,100428,200,99922,100,100452,100,99919,100,100465,100,99884,100
2019-06-28 09:54:00.000000000,100126,257,100084,157,100165,157,100035,157,100192,257,100033,157,100313,157,100028,257,100333,157,100024,157,100386,100,99981,200,100404,100,99953,100,100428,200,99922,100,100452,100,99919,100,100465,100,99884,100
2019-06-28 09:54:00.056508963,100126,257,100084,157,100165,157,100061,100,100192,257,100035,157,100313,157,100033,157,100333,157,100028,257,100386,100,100024,157,100404,100,99981,200,100428,200,99953,100,100452,100,99922,100,100465,100,99919,100
2019-06-28 09:54:10.000000000,100126,297,100084,197,100165,194,100061,194,100192,294,100035,194,100313,100,100033,100,100333,100,100028,200,100386,100,100024,100,100404,100,99981,200,100428,200,99953,100,100452,100,99922,100,100465,100,99919,100
2019-06-28 09:54:20.000000000,100126,257,100084,157,100165,157,100061,157,100192,257,100035,157,100313,157,100033,157,100333,157,100028,257,100386,100,100024,100,100404,100,99981,200,100428,200,99953,100,100452,100,99922,100,100465,100,99919,100
2019-06-28 09:54:22.508871503,100126,257,100084,57,100165,157,100061,157,100192,257,100035,157,100313,157,100033,157,100333,157,100028,257,100386,100,100024,100,100404,100,99981,200,100428,200,99953,100,100452,100,99922,100,100465,100,99919,100
2019-06-28 09:54:30.000000000,100126,343,100061,243,100165,243,100035,243,100192,200,100033,100,100313,100,100028,200,100333,100,100024,100,100386,100,99981,200,100404,100,99953,100,100428,200,99922,100,100452,100,99919,100,100465,100,99884,100
2019-06-28 09:54:35.262532787,100072,100,100061,243,100126,343,100035,243,100165,243,100033,100,100192,200,100028,200,100313,100,100024,100,100333,100,99981,200,100386,100,99953,100,100404,100,99922,100,100428,200,99919,100,100452,100,99884,100
2019-06-28 09:54:40.000000000,100072,172,100061,172,100126,272,100035,172,100165,172,100033,172,100192,272,100028,272,100313,100,100024,100,100333,100,99981,200,100386,100,99953,100,100404,100,99922,100,100428,200,99919,100,100452,100,99884,100
2019-06-28 09:54:44.174175034,100072,172,100061,172,100126,272,100035,172,100165,172,100033,172,100192,272,100028,272,100313,100,100024,100,100333,100,99981,200,100386,100,99953,100,100404,100,99922,100,100414,100,99919,100,100428,200,99884,100
2019-06-28 09:54:49.219455651,100072,172,100061,172,100126,272,100060,100,100165,172,100035,172,100192,272,100033,172,100313,100,100028,272,100333,100,100024,100,100386,100,99981,200,100404,100,99953,100,100414,100,99922,100,100428,200,99919,100
2019-06-28 09:54:50.000000000,100072,243,100061,243,100126,343,100060,243,100165,100,100035,100,100192,200,100033,100,100313,100,100028,200,100333,100,100024,100,100386,100,99981,200,100404,100,99953,100,100414,100,99922,100,100428,200,99919,100
2019-06-28 09:54:56.534261983,100072,243,100061,243,100126,343,100060,243,100165,100,100035,100,100192,200,100028,200,100313,100,100024,100,100333,100,99981,200,100386,100,99953,100,100404,100,99922,100,100414,100,99919,100,100428,200,99884,100
2019-06-28 09:55:00.000000000,100072,386,100061,386,100126,200,100060,100,100165,100,100035,100,100192,200,100028,200,100313,100,100024,100,100333,100,99981,200,100386,100,99953,100,100404,100,99922,100,100414,100,99919,100,100428,200,99884,100
2019-06-28 09:55:08.412834602,100072,386,100061,386,100126,200,100060,100,100165,100,100035,100,100192,200,100028,200,100313,100,100024,100,100333,100,99981,200,100386,100,99953,100,100404,100,99922,100,100414,100,99919,100,100428,200,99884,100
2019-06-28 09:55:10.000000000,100072,172,100061,172,100126,272,100060,172,100165,172,100035,172,100192,272,100028,272,100313,100,100024,100,100333,100,99981,200,100386,100,99953,100,100404,100,99922,100,100414,100,99919,100,100428,200,99884,100
2019-06-28 09:55:20.000000000,100072,386,100061,386,100126,200,100060,100,100165,100,100035,100,100192,200,100028,200,100313,100,100024,100,100333,100,99981,200,100386,100,99953,100,100404,100,99922,100,100414,100,99919,100,100428,200,99884,100
2019-06-28 09:55:30.000000000,100072,243,100061,243,100126,343,100060,243,100165,100,100035,100,100192,200,100028,200,100313,100,100024,100,100333,100,99981,200,100386,100,99953,100,100404,100,99922,100,100414,100,99919,100,100428,200,99884,100
2019-06-28 09:55:35.633958110,100072,243,100061,243,100126,343,100060,243,100165,100,100035,100,100192,200,100028,200,100313,100,100024,100,100333,100,99981,200,100386,100,99953,100,100404,100,99922,100,100414,100,99919,100,100428,200,99884,100
2019-06-28 09:55:37.572517398,100072,243,100061,243,100084,100,100060,243,100126,343,100035,100,100165,100,100028,200,100192,200,100024,100,100313,100,99981,200,100333,100,99953,100,100386,100,99922,100,100404,100,99919,100,100414,100,99884,100
2019-06-28 09:55:40.000000000,100072,243,100061,243,100084,243,100060,243,100126,200,100035,100,100165,100,100028,200,100192,200,100024,100,100313,100,99981,200,100333,100,99953,100,100386,100,99922,100,100404,100,99919,100,100414,100,99884,100
2019-06-28 09:55:45.484613267,100072,243,100061,243,100084,243,100060,243,100126,200,100035,100,100165,100,100028,200,100192,200,100024,100,100313,100,99981,200,100333,100,99953,100,100386,100,99922,100,100404,100,99919,100,100414,100,99884,100
2019-06-28 09:55:50.000000000,100072,197,100061,197,100084,194,100060,194,100126,294,100035,194,100165,100,100028,200,100192,200,100024,100,100313,100,99981,200,100333,100,99953,100,100386,100,99922,100,100404,100,99919,100,100414,100,99884,100
2019-06-28 09:56:00.000000000,100072,243,100061,243,100084,243,100060,243,100126,200,100035,100,100165,100,100028,200,100192,200,100024,100,100313,100,99981,200,100333,100,99953,100,100386,100,99922,100,100404,100,99919,100,100414,100,99884,100
2019-06-28 09:56:07.474088778,100072,243,100061,143,100084,243,100060,243,100126,200,100035,100,100165,100,100028,200,100192,200,100024,100,100313,100,99981,200,100333,100,99953,100,100386,100,99922,100,100404,100,99919,100,100414,100,99884,100
2019-06-28 09:56:07.892322708,100072,243,100061,43,100084,243,100060,243,100126,200,100035,100,100165,100,100028,200,100192,200,100024,100,100313,100,99981,200,100333,100,99953,100,100386,100,99922,100,100404,100,99919,100,100414,100,99884,100
2019-06-28 09:56:10.000000000,100072,243,100060,243,100084,243,100035,243,100126,200,100028,200,100165,100,100024,100,100192,200,99981,200,100313,100,99953,100,100333,100,99922,100,100386,100,99919,100,100404,100,99884,100,100414,100,99798,100
2019-06-28 09:56:19.390139595,100072,243,100060,243,100084,243,100035,243,100126,200,100028,200,100165,100,100024,100,100192,200,99981,200,100313,100,99953,100,100333,100,99922,100,100404,100,99919,100,100414,100,99884,100,100428,200,99798,100
2019-06-28 09:56:20.000000000,100072,157,100060,157,100084,157,100035,157,100126,257,100028,257,100165,157,100024,157,100192,257,99981,257,100313,100,99953,100,100333,100,99922,100,100404,100,99919,100,100414,100,99884,100,100428,200,99798,100
2019-06-28 09:56:30.000000000,100072,172,100060,172,100084,172,100035,172,100126,272,100028,272,100165,172,100024,172,100192,200,99981,200,100313,100,99953,100,100333,100,99922,100,100404,100,99919,100,100414,100,99884,100,100428,200,99798,100
2019-06-28 09:56:35.104883996,100072,172,100060,172,100084,172,100035,172,100126,272,100028,272,100165,172,100024,172,100192,200,99981,200,100313,100,99953,100,100333,100,99934,100,100404,100,99922,100,100414,100,99919,100,100428,200,99884,100
2019-06-28 09:56:36.895004836,100072,172,100060,172,100084,172,100035,172,100126,272,100028,272,100165,172,100024,172,100192,200,99981,200,100313,100,99953,100,100333,100,99934,100,100404,100,99922,100,100414,100,99919,100,100428,200,99884,100
2019-06-28 09:56:40.000000000,100072,386,100060,386,100084,100,100035,100,100126,200,100028,200,100165,100,100024,100,100192,200,99981,200,100313,100,99953,100,100333,100,99934,100,100404,100,99922,100,100414,100,99919,100,100428,200,99884,100
2019-06-28 09:56:42.981029263,100072,386,100060,286,100084,100,100035,100,100126,200,100028,200,100165,100,100024,100,100192,200,99981,200,100313,100,99953,100,100333,100,99922,100,100404,100,99919,100,100414,100,99884,100,100428,200,99798,100
2019-06-28 09:56:43.713070871,100072,386,100060,186,100084,100,100035,100,100126,200,100028,200,100165,100,100024,100,100192,200,99981,200,100313,100,99953,100,100333,100,99922,100,100404,100,99919,100,100414,100,99884,100,100428,200,99798,100
2019-06-28 09:56:45.967642408,100072,386,100060,86,100126,200,100035,100,100165,100,100028,200,100192,200,100024,100,100313,100,99981,200,100333,100,99953,100,100404,100,99922,100,100414,100,99919,100,100428,200,99884,100,100452,100,99798,100
2019-06-28 09:56:50.000000000,100072,386,100035,386,100126,200,100028,200,100165,100,100024,100,100192,200,99981,200,100313,100,99953,100,100333,100,99922,100,100404,100,99919,100,100414,100,99884,100,100428,200,99798,100,100452,100,99790,100
2019-06-28 09:57:00.000000000,100072,157,100035,157,100126,257,100028,257,100165,157,100024,157,100192,257,99981,257,100313,157,99953,157,100333,100,99922,100,100404,100,99919,100,100414,100,99884,100,100428,200,99798,100,100452,100,99790,100
2019-06-28 09:57:10.000000000,100072,157,100035,157,100126,257,100028,257,100165,157,100024,157,100192,257,99981,257,100313,157,99953,157,100333,100,99922,100,100404,100,99919,100,100414,100,99884,100,100428,200,99798,100,100452,100,99790,100
2019-06-28 09:57:13.395850757,100072,157,100035,157,100126,257,100028,257,100165,157,100024,157,100192,257,99981,257,100313,157,99953,157,100333,100,99922,100,100404,100,99884,100,100414,100,99798,100,100428,200,99790,100,100452,100,99774,100
2019-06-28 09:57:20.000000000,100072,197,100035,197,100126,294,100028,294,100165,194,100024,194,100192,200,99981,200,100313,100,99953,100,100333,100,99922,100,100404,100,99884,100,100414,100,99798,100,100428,200,99790,100,100452,100,99774,100
2019-06-28 09:57:24.180959603,100072,97,100035,197,100126,294,100028,294,100165,194,100024,194,100192,200,99981,200,100313,100,99953,100,100333,100,99922,100,100404,100,99884,100,100414,100,99798,100,100428,200,99790,100,100452,100,99774,100
2019-06-28 09:57:30.000000000,100126,257,100035,157,100165,157,100028,257,100192,257,100024,157,100313,157,99981,257,100333,157,99953,157,100404,100,99922,100,100414,100,99884,100,100428,200,99798,100,100452,100,99790,100,100480,100,99774,100
2019-06-28 09:57:40.000000000,100126,486,100035,386,100165,100,100028,200,100192,200,100024,100,100313,100,99981,200,100333,100,99953,100,100404,100,99922,100,100414,100,99884,100,100428,200,99798,100,100452,100,99790,100,100480,100,99774,100
2019-06-28 09:57:40.240068329,100126,486,100035,386,100165,100,100028,200,100192,200,100024,100,100313,100,99981,200,100333,100,99953,100,100404,100,99884,100,100414,100,99798,100,100428,200,99790,100,100452,100,99774,100,100480,100,99773,100
2019-06-28 09:57:50.000000000,100126,486,100035,386,100165,100,100028,200,100192,200,100024,100,100313,100,99981,200,100333,100,99953,100,100404,100,99884,100,100414,100,99798,100,100428,200,99790,100,100452,100,99774,100,100480,100,99773,100
2019-06-28 09:57:53.295667810,100126,386,100035,386,100165,100,100028,200,100192,200,100024,100,100313,100,99981,200,100333,100,99953,100,100404,100,99884,100,100414,100,99798,100,100428,200,99790,100,100452,100,99774,100,100480,100,99773,100
2019-06-28 09:58:00.000000000,100126,172,100035,172,100165,172,100028,272,100192,272,100024,172,100313,172,99981,272,100333,100,99953,100,100404,100,99884,100,100414,100,99798,100,100428,200,99790,100,100452,100,99774,100,100480,100,99773,100
2019-06-28 09:58:01.359157093,100126,172,100035,172,100165,172,100028,272,100192,272,100024,172,100313,172,99981,272,100333,100,99953,100,100404,100,99884,100,100414,100,99798,100,100428,200,99790,100,100452,100,99774,100,100480,100,99773,100
2019-06-28 09:58:10.000000000,100126,386,100035,386,100165,100,100028,200,100192,200,100024,100,100313,100,99981,200,100333,100,99953,100,100404,100,99884,100,100414,100,99798,100,100428,200,99790,100,100452,100,99774,100,100480,100,99773,100
2019-06-28 09:58:20.000000000,100126,157,100035,157,100165,157,100028,257,100192,257,100024,157,100313,157,99981,257,100333,157,99953,157,100404,100,99884,100,100414,100,99798,100,100428,200,99790,100,100452,100,99774,100,100480,100,99773,100
2019-06-28 09:58:30.000000000,100126,197,100035,197,100165,194,100028,294,100192,294,100024,194,100313,100,99981,200,100333,100,99953,100,100404,100,99884,100,100414,100,99798,100,100428,200,99790,100,100452,100,99774,100,100480,100,99773,100
2019-06-28 09:58:33.278921768,100126,97,100035,197,100165,194,100028,294,100192,294,100024,194,100313,100,99981,200,100333,100,99953,100,100404,100,99884,100,100414,100,99798,100,100428,200,99790,100,100452,100,99774,100,100480,100,99773,100
2019-06-28 09:58:40.000000000,100165,157,100035,157,100192,257,100028,257,100313,157,100024,157,100333,157,99981,257,100404,157,99953,157,100414,100,99884,100,100428,200,99798,100,100452,100,99790,100,100480,100,99774,100,100530,100,99773,100
2019-06-28 09:58:50.000000000,100165,172,100035,172,100192,272,100028,272,100313,172,100024,172,100333,172,99981,272,100404,100,99953,100,100414,100,99884,100,100428,200,99798,100,100452,100,99790,100,100480,100,99774,100,100530,100,99773,100
2019-06-28 09:59:00.000000000,100165,172,100035,172,100192,272,100028,272,100313,172,100024,172,100333,172,99981,272,100404,100,99953,100,100414,100,99884,100,100428,200,99798,100,100452,100,99790,100,100480,100,99774,100,100530,100,99773,100
2019-06-28 09:59:04.406807071,100165,172,100035,172,100192,272,100028,272,100230,100,100024,172,100313,172,99981,272,100333,72,99953,100,100404,100,99884,100,100414,100,99798,100,100428,200,99790,100,100452,100,99774,100,100480,100,99773,100
2019-06-28 09:59:10.000000000,100165,157,100035,157,100192,257,100028,257,100230,157,100024,157,100313,157,99981,257,100404,157,99953,157,100414,100,99884,100,100428,200,99798,100,100452,100,99790,100,100480,100,99774,100,100530,100,99773,100
2019-06-28 09:59:20.000000000,100165,243,100035,243,100192,343,100028,343,100230,100,100024,100,100313,100,99981,200,100404,100,99953,100,100414,100,99884,100,100428,200,99798,100,100452,100,99790,100,100480,100,99774,100,100530,100,99773,100
2019-06-28 09:59:26.903988104,100165,243,100126,100,100192,343,100035,243,100230,100,100028,343,100313,100,100024,100,100404,100,99981,200,100414,100,99953,100,100428,200,99884,100,100452,100,99798,100,100480,100,99790,100,100530,100,99774,100
2019-06-28 09:59:30.000000000,100165,243,100126,243,100192,343,100035,243,100230,100,100028,200,100313,100,100024,100,100404,100,99981,200,100414,100,99953,100,100428,200,99884,100,100452,100,99798,100,100480,100,99790,100,100530,100,99774,100
2019-06-28 09:59:39.307230348,100165,243,100126,243,100192,343,100123,100,100230,100,100035,243,100313,100,100028,200,100404,100,100024,100,100414,100,99981,200,100428,200,99953,100,100452,100,99884,100,100480,100,99798,100,100530,100,99790,100
2019-06-28 09:59:40.000000000,100165,197,100126,197,100192,294,100123,194,100230,194,100035,194,100313,100,100028,200,100404,100,100024,100,100414,100,99981,200,100428,200,99953,100,100452,100,99884,100,100480,100,99798,100,100530,100,99790,100
2019-06-28 09:59:41.569863019,100165,197,100126,97,100192,294,100123,194,100230,194,100035,194,100313,100,100028,200,100404,100,100024,100,100414,100,99981,200,100428,200,99953,100,100452,100,99884,100,100480,100,99798,100,100530,100,99790,100
2019-06-28 09:59:50.000000000,100165,386,100123,386,100192,200,100035,100,100230,100,100028,200,100313,100,100024,100,100404,100,99981,200,100414,100,99953,100,100428,200,99884,100,100452,100,99798,100,100480,100,99790,100,100530,100,99774,100
2019-06-28 10:00:00.000000000,100165,243,100123,243,100192,343,100035,243,100230,100,100028,200,100313,100,100024,100,100404,100,99981,200,100414,100,99953,100,100428,200,99884,100,100452,100,99798,100,100480,100,99790,100,100530,100,99774,100
2019-06-28 10:00:10.000000000,100165,197,100123,197,100192,294,100035,194,100230,194,100028,294,100313,100,100024,100,100404,100,99981,200,100414,100,99953,100,100428,200,99884,100,100452,100,99798,100,100480,100,99790,100,100530,100,99774,100
2019-06-28 10:00:20.000000000,100165,197,100123,197,100192,294,100035,194,100230,194,100028,294,100313,100,100024,100,100404,100,99981,200,100414,100,99953,100,100428,200,99884,100,100452,100,99798,100,100480,100,99790,100,100530,100,99774,100
2019-06-28 10:00:30.000000000,100165,243,100123,243,100192,343,100035,243,100230,100,100028,200,100313,100,100024,100,100404,100,99981,200,100414,100,99953,100,100428,200,99884,100,100452,100,99798,100,100480,100,99790,100,100530,100,99774,100
2019-06-28 10:00:40.000000000,100165,172,100123,172,100192,272,100035,172,100230,172,100028,272,100313,172,100024,172,100404,100,99981,200,100414,100,99953,100,100428,200,99884,100,100452,100,99798,100,100480,100,99790,100,100530,100,99774,100
2019-06-28 10:00:46.714032753,100165,172,100127,100,100192,272,100123,172,100230,172,100035,172,100313,172,100028,272,100404,100,100024,172,100414,100,99981,200,100428,200,99953,100,100452,100,99884,100,100480,100,99798,100,100530,100,99790,100
2019-06-28 10:00:50.000000000,100165,172,100127,172,100192,272,100123,172,100230,172,100035,172,100313,172,100028,272,100404,100,100024,100,100414,100,99981,200,100428,200,99953,100,100452,100,99884,100,100480,100,99798,100,100530,100,99790,100
2019-06-28 10:00:51.888239233,100165,172,100127,172,100192,272,100123,172,100230,172,100035,172,100313,172,100028,272,100323,100,100024,100,100404,100,99981,200,100414,100,99953,100,100428,200,99884,100,100452,100,99798,100,100480,100,99790,100
2019-06-28 10:01:00.000000000,100165,197,100127,197,100192,294,100123,194,100230,194,100035,194,100313,100,100028,200,100323,100,100024,100,100404,100,99981,200,100414,100,99953,100,100428,200,99884,100,100452,100,99798,100,100480,100,99790,100
2019-06-28 10:01:10.000000000,100165,243,100127,243,100192,343,100123,243,100230,100,100035,100,100313,100,100028,200,100323,100,100024,100,100404,100,99981,200,100414,100,99953,100,100428,200,99884,100,100452,100,99798,100,100480,100,99790,100
2019-06-28 10:01:20.000000000,100165,172,100127,172,100192,272,100123,172,100230,172,100035,172,100313,172,100028,272,100323,100,100024,100,100404,100,99981,200,100414,100,99953,100,100428,200,99884,100,100452,100,99798,100,100480,100,99790,100
2019-06-28 10:01:24.652449304,100165,172,100127,72,100192,272,100123,172,100230,172,100035,172,100313,172,100028,272,100323,100,100024,100,100404,100,99981,200,100414,100,99953,100,100428,200,99884,100,100452,100,99798,100,100480,100,99790,100
2019-06-28 10:01:30.000000000,100165,197,100123,197,100192,294,100035,194,100230,194,100028,294,100313,100,100024,100,100323,100,99981,200,100404,100,99953,100,100414,100,99884,100,100428,200,99798,100,100452,100,99790,100,100480,100,99774,100
2019-06-28 10:01:31.395437687,100125,100,100123,197,100165,197,100035,194,100192,294,100028,194,100230,194,100024,100,100313,100,99981,200,100323,100,99953,100,100404,100,99884,100,100414,100,99798,100,100428,200,99790,100,100452,100,99774,100
2019-06-28 10:01:40.000000000,100125,172,100123,172,100165,172,100035,172,100192,272,100028,172,100230,172,100024,172,100313,100,99981,200,100323,100,99953,100,100404,100,99884,100,100414,100,99798,100,100428,200,99790,100,100452,100,99774,100
2019-06-28 10:01:50.000000000,100125,197,100123,197,100165,194,100035,194,100192,294,100028,194,100230,100,100024,100,100313,100,99981,200,100323,100,99953,100,100404,100,99884,100,100414,100,99798,100,100428,200,99790,100,100452,100,99774,100
2019-06-28 10:01:56.889407906,100125,197,100123,197,100165,194,100035,194,100192,294,100028,194,100230,100,99981,200,100313,100,99953,100,100323,100,99884,100,100404,100,99817,100,100414,100,99798,100,100428,200,99790,100,100452,100,99774,100
2019-06-28 10:02:00.000000000,100125,172,100123,172,100165,172,100035,172,100192,272,100028,172,100230,172,99981,272,100313,100,99953,100,100323,100,99884,100,100404,100,99817,100,100414,100,99798,100,100428,200,99790,100,100452,100,99774,100
2019-06-28 10:02:10.000000000,100125,243,100123,243,100165,243,100035,243,100192,200,100028,100,100230,100,99981,200,100313,100,99953,100,100323,100,99884,100,100404,100,99817,100,100414,100,99798,100,100428,200,99790,100,100452,100,99774,100
2019-06-28 10:02:20.000000000,100125,197,100123,197,100165,194,100035,194,100192,294,100028,194,100230,100,99981,200,100313,100,99953,100,100323,100,99884,100,100404,100,99817,100,100414,100,99798,100,100428,200,99790,100,100452,100,99774,100
2019-06-28 10:02:30.000000000,100125,157,100123,157,100165,157,100035,157,100192,257,100028,157,100230,157,99981,257,100313,157,99953,157,100323,100,99884,100,100404,100,99817,100,100414,100,99798,100,100428,200,99790,100,100452,100,99774,100
2019-06-28 10:02:32.121933004,100125,157,100123,157,100165,157,100035,157,100192,257,100028,157,100230,157,100001,100,100313,157,99981,257,100323,100,99953,157,100404,100,99884,100,100414,100,99817,100,100428,200,99798,100,100452,100,99790,100
2019-06-28 10:02:38.681940277,100125,157,100123,157,100165,157,100035,157,100192,257,100028,157,100230,157,100001,100,100313,157,99981,257,100323,100,99953,157,100404,100,99929,100,100414,100,99884,100,100428,200,99817,100,100452,100,99798,100
2019-06-28 10:02:39.738895674,100125,157,100123,157,100154,100,100035,157,100165,157,100028,157,100192,257,100001,100,100230,157,99981,257,100313,157,99953,157,100323,100,99929,100,100404,100,99884,100,100414,100,99817,100,100428,200,99798,100
2019-06-28 10:02:40.000000000,100125,157,100123,157,100154,157,100035,157,100165,157,100028,157,100192,257,100001,157,100230,157,99981,257,100313,100,99953,100,100323,100,99929,100,100404,100,99884,100,100414,100,99817,100,100428,200,99798,100
2019-06-28 10:02:50.000000000,100125,243,100123,243,100154,243,100035,243,100165,100,100028,100,100192,200,100001,100,100230,100,99981,200,100313,100,99953,100,100323,100,99929,100,100404,100,99884,100,100414,100,99817,100,100428,200,99798,100
2019-06-28 10:03:00.000000000,100125,386,100123,386,100154,100,100035,100,100165,100,100028,100,100192,200,100001,100,100230,100,99981,200,100313,100,99953,100,100323,100,99929,100,100404,100,99884,100,100414,100,99817,100,100428,200,99798,100
2019-06-28 10:03:00.385804299,100125,386,100123,286,100154,100,100035,100,100165,100,100028,100,100192,200,100001,100,100230,100,99981,200,100313,100,99953,100,100323,100,99929,100,100404,100,99884,100,100414,100,99817,100,100428,200,99798,100
2019-06-28 10:03:10.000000000,100125,157,100035,157,100154,157,100028,157,100165,157,100001,157,100192,257,99981,257,100230,157,99953,157,100313,100,99929,100,100323,100,99884,100,100404,100,99817,100,100414,100,99798,100,100428,200,99790,100
2019-06-28 10:03:20.000000000,100125,197,100035,197,100154,194,100028,194,100165,194,100001,194,100192,200,99981,200,100230,100,99953,100,100313,100,99929,100,100323,100,99884,100,100404,100,99817,100,100414,100,99798,100,100428,200,99790,100
2019-06-28 10:03:30.000000000,100125,243,100035,243,100154,243,100028,243,100165,100,100001,100,100192,200,99981,200,100230,100,99953,100,100313,100,99929,100,100323,100,99884,100,100404,100,99817,100,100414,100,99798,100,100428,200,99790,100
2019-06-28 10:03:40.000000000,100125,197,100035,197,100154,194,100028,194,100165,194,100001,194,100192,200,99981,200,100230,100,99953,100,100313,100,99929,100,100323,100,99884,100,100404,100,99817,100,100414,100,99798,100,100428,200,99790,100
2019-06-28 10:03:50.000000000,100125,172,100035,172,100154,172,100028,172,100165,172,100001,172,100192,272,99981,272,100230,100,99953,100,100313,100,99929,100,100323,100,99884,100,100404,100,99817,100,100414,100,99798,100,100428,200,99790,100
2019-06-28 10:03:57.030178540,100125,172,100035,72,100154,172,100028,172,100165,172,100001,172,100192,272,99981,272,100230,100,99953,100,100313,100,99929,100,100323,100,99884,100,100404,100,99817,100,100414,100,99798,100,100428,200,99790,100
2019-06-28 10:04:00.000000000,100125,243,100028,243,100154,243,100001,243,100165,100,99981,200,100192,200,99953,100,100230,100,99929,100,100313,100,99884,100,100323,100,99817,100,100404,100,99798,100,100414,100,99790,100,100428,200,99730,100
2019-06-28 10:04:01.200627125,100125,243,100028,243,100154,243,100001,243,100165,100,99981,200,100192,200,99953,100,100230,100,99929,100,100313,100,99884,100,100323,100,99817,100,100404,100,99805,100,100414,100,99798,100,100428,200,99790,100
2019-06-28 10:04:10.000000000,100125,172,100028,172,100154,172,100001,172,100165,172,99981,272,100192,272,99953,172,100230,100,99929,100,100313,100,99884,100,100323,100,99817,100,100404,100,99805,100,100414,100,99798,100,100428,200,99790,100
2019-06-28 10:04:20.000000000,100125,243,100028,243,100154,243,100001,243,100165,100,99981,200,100192,200,99953,100,100230,100,99929,100,100313,100,99884,100,100323,100,99817,100,100404,100,99805,100,100414,100,99798,100,100428,200,99790,100
2019-06-28 10:04:30.000000000,100125,386,100028,386,100154,100,100001,100,100165,100,99981,200,100192,200,99953,100,100230,100,99929,100,100313,100,99884,100,100323,100,99817,100,100404,100,99805,100,100414,100,99798,100,100428,200,99790,100
2019-06-28 10:04:40.000000000,100125,197,100028,197,100154,194,100001,194,100165,194,99981,294,100192,200,99953,100,100230,100,99929,100,100313,100,99884,100,100323,100,99817,100,100404,100,99805,100,100414,100,99798,100,100428,200,99790,100
2019-06-28 10:04:50.000000000,100125,172,100028,172,100154,172,100001,172,100165,172,99981,272,100192,272,99953,172,100230,100,99929,100,100313,100,99884,100,100323,100,99817,100,100404,100,99805,100,100414,100,99798,100,100428,200,99790,100
2019-06-28 10:05:00.000000000,100125,386,100028,386,100154,100,100001,100,100165,100,99981,200,100192,200,99953,100,100230,100,99929,100,100313,100,99884,100,100323,100,99817,100,100404,100,99805,100,100414,100,99798,100,100428,200,99790,100
2019-06-28 10:05:07.728946750,100124,100,100028,386,100125,386,100001,100,100154,100,99981,200,100165,100,99953,100,100192,100,99929,100,100230,100,99884,100,100313,100,99817,100,100323,100,99805,100,100404,100,99798,100,100414,100,99790,100
2019-06-28 10:05:10.000000000,100124,197,100028,197,100125,194,100001,194,100154,194,99981,294,100165,100,99953,100,100192,100,99929,100,100230,100,99884,100,100313,100,99817,100,100323,100,99805,100,100404,100,99798,100,100414,100,99790,100
2019-06-28 10:05:20.000000000,100124,157,100028,157,100125,157,100001,157,100154,157,99981,257,100165,157,99953,157,100192,157,99929,157,100230,100,99884,100,100313,100,99817,100,100323,100,99805,100,100404,100,99798,100,100414,100,99790,100
2019-06-28 10:05:29.947401455,100124,157,100028,157,100125,157,100001,157,100154,157,99981,257,100165,157,99953,157,100192,157,99929,157,100230,100,99884,100,100313,100,99817,100,100323,100,99805,100,100404,100,99798,100,100414,100,99790,100
2019-06-28 10:05:30.000000000,100124,243,100028,243,100125,243,100001,243,100154,100,99981,200,100165,100,99953,100,100192,100,99929,100,100230,100,99884,100,100313,100,99817,100,100323,100,99805,100,100404,100,99798,100,100414,100,99790,100
2019-06-28 10:05:36.184830344,100124,243,100028,143,100125,243,100001,243,100154,100,99981,200,100165,100,99953,100,100192,100,99929,100,100230,100,99884,100,100313,100,99817,100,100323,100,99798,100,100404,100,99790,100,100414,100,99730,100
2019-06-28 10:05:40.000000000,100124,197,100001,197,100125,194,99981,294,100154,194,99953,194,100165,100,99929,100,100192,100,99884,100,100230,100,99817,100,100313,100,99798,100,100323,100,99790,100,100404,100,99730,100,100414,100,99667,100
