,ask_price_1,ask_size_1,bid_price_1,bid_size_1,ask_price_2,ask_size_2,bid_price_2,bid_size_2,ask_price_3,ask_size_3,bid_price_3,bid_size_3,ask_price_4,ask_size_4,bid_price_4,bid_size_4,ask_price_5,ask_size_5,bid_price_5,bid_size_5,ask_price_6,ask_size_6,bid_price_6,bid_size_6,ask_price_7,ask_size_7,bid_price_7,bid_size_7,ask_price_8,ask_size_8,bid_price_8,bid_size_8,ask_price_9,ask_size_9,bid_price_9,bid_size_9,ask_price_10,ask_size_10,bid_price_10,bid_size_10
2019-06-28 09:30:00.000000002,,,100054,100,,,99965,100,,,,,,,,,,,,,,,,,,,,,,,,,,,,,,,,
2019-06-28 09:30:00.000000006,,,100054,100,,,99986,100,,,99965,100,,,,,,,,,,,,,,,,,,,,,,,,,,,,
2019-06-28 09:30:00.000000009,,,99986,100,,,99965,100,,,99888,100,,,,,,,,,,,,,,,,,,,,,,,,,,,,
2019-06-28 09:30:00.000000010,,,99986,100,,,99965,100,,,99952,100,,,99888,100,,,,,,,,,,,,,,,,,,,,,,,,
2019-06-28 09:30:00.000000014,,,99986,100,,,99965,100,,,99952,100,,,99888,100,,,99843,100,,,,,,,,,,,,,,,,,,,,
2019-06-28 09:30:00.000000015,100109,100,99986,100,,,99965,100,,,99952,100,,,99888,100,,,99843,100,,,,,,,,,,,,,,,,,,,,
2019-06-28 09:30:00.000000016,100109,100,99986,100,,,99965,100,,,99952,100,,,99888,100,,,99872,100,,,99843,100,,,,,,,,,,,,,,,,
2019-06-28 09:30:00.000000018,100109,100,99965,100,,,99952,100,,,99888,100,,,99872,100,,,99843,100,,,,,,,,,,,,,,,,,,,,
2019-06-28 09:30:00.000000021,100104,100,99965,100,100109,100,99952,100,,,99888,100,,,99872,100,,,99843,100,,,,,,,,,,,,,,,,,,,,
2019-06-28 09:30:00.000000022,100104,100,99986,100,100109,100,99965,100,,,99952,100,,,99888,100,,,99872,100,,,99843,100,,,,,,,,,,,,,,,,
2019-06-28 09:30:00.000000023,100104,100,99986,100,100109,100,99965,100,100121,100,99952,100,,,99888,100,,,99872,100,,,99843,100,,,,,,,,,,,,,,,,
2019-06-28 09:30:00.000000024,100043,100,99986,100,100104,100,99965,100,100109,100,99952,100,100121,100,99888,100,,,99872,100,,,99843,100,,,,,,,,,,,,,,,,
2019-06-28 09:30:00.000000025,100043,100,99986,100,100104,100,99965,100,100109,100,99952,100,100121,100,99888,100,,,99872,100,,,99856,100,,,99843,100,,,,,,,,,,,,
2019-06-28 09:30:00.000000026,100043,100,99986,100,100104,100,99965,100,100109,100,99952,100,100121,100,99888,100,,,99872,100,,,99857,100,,,99856,100,,,99843,100,,,,,,,,
2019-06-28 09:30:00.000000029,100043,100,99986,100,100104,100,99965,100,100109,100,99952,100,100121,100,99932,100,,,99888,100,,,99872,100,,,99857,100,,,99856,100,,,99843,100,,,,
2019-06-28 09:30:00.000000030,100043,100,99986,100,100104,100,99965,100,100109,100,99952,100,100121,100,99932,100,100188,100,99888,100,,,99872,100,,,99857,100,,,99856,100,,,99843,100,,,,
2019-06-28 09:30:00.000000034,100043,100,99986,200,100104,100,99965,100,100109,100,99952,100,100121,100,99932,100,100188,100,99888,100,,,99872,100,,,99857,100,,,99856,100,,,99843,100,,,,
2019-06-28 09:30:00.000000037,100043,100,99996,100,100104,100,99986,300,100109,100,99965,100,100121,100,99952,100,100188,100,99932,100,,,99888,100,,,99872,100,,,99857,100,,,99856,100,,,99843,100
2019-06-28 09:30:00.000000041,100043,100,99996,100,100051,100,99986,300,100104,100,99965,100,100109,100,99952,100,100121,100,99932,100,100188,100,99888,100,,,99872,100,,,99857,100,,,99856,100,,,99843,100
2019-06-28 09:30:00.000000042,100043,100,99996,100,100051,100,99986,300,100074,100,99965,100,100104,100,99952,100,100109,100,99932,100,100121,100,99888,100,100188,100,99872,100,,,99857,100,,,99856,100,,,99843,100
2019-06-28 09:30:00.000000043,100043,100,99996,100,100051,100,99986,300,100074,100,99969,100,100104,100,99965,100,100109,100,99952,100,100121,100,99932,100,100188,100,99888,100,,,99872,100,,,99857,100,,,99856,100
2019-06-28 09:30:00.000000047,100043,100,99996,100,100051,100,99986,400,100074,100,99969,100,100104,100,99965,100,100109,100,99952,100,100121,100,99932,100,100188,100,99888,100,,,99872,100,,,99857,100,,,99856,100
2019-06-28 09:30:00.000000051,100043,100,99996,100,100051,100,99986,400,100074,100,99969,100,100104,100,99965,100,100109,100,99952,100,100121,100,99932,100,100188,100,99895,100,,,99888,100,,,99872,100,,,99857,100
2019-06-28 09:30:00.000000052,100043,100,99996,100,100051,100,99986,400,100068,100,99969,100,100074,100,99968,100,100104,100,99965,100,100109,100,99952,100,100121,100,99932,100,100188,100,99895,100,,,99888,100,,,99872,100
2019-06-28 09:30:00.000000054,100043,100,99996,100,100051,100,99986,500,100068,100,99969,100,100074,100,99968,100,100104,100,99965,100,100109,100,99952,100,100121,100,99932,100,100188,100,99895,100,,,99888,100,,,99872,100
2019-06-28 09:30:00.000000055,100043,100,99996,100,100051,100,99986,600,100068,100,99969,100,100074,100,99968,100,100093,100,99965,100,100104,100,99952,100,100109,100,99932,100,100121,100,99895,100,100188,100,99888,100,,,99872,100
2019-06-28 09:30:00.000000057,100043,100,100040,100,100051,100,99996,100,100068,100,99986,600,100074,100,99969,100,100093,100,99968,100,100104,100,99965,100,100109,100,99952,100,100121,100,99932,100,100188,100,99895,100,,,99888,100
2019-06-28 09:30:00.000000059,100043,100,100040,100,100051,100,99996,100,100068,100,99986,600,100074,100,99969,100,100093,100,99968,100,100104,100,99965,100,100109,100,99952,100,100121,100,99932,100,100188,100,99895,100,,,99888,100
2019-06-28 09:30:00.000000064,100043,100,100040,100,100051,100,99996,100,100068,100,99986,600,100074,100,99969,100,100093,100,99968,100,100104,100,99965,100,100109,100,99952,100,100121,100,99932,100,100188,100,99918,100,,,99895,100
2019-06-28 09:30:00.000000067,100043,100,99996,100,100051,100,99986,600,100068,100,99969,100,100074,100,99968,100,100093,100,99965,100,100104,100,99952,100,100109,100,99932,100,100121,100,99918,100,100188,100,99895,100,,,99888,100
2019-06-28 09:30:00.000000068,100027,100,99996,100,100040,100,99987,100,100043,100,99986,600,100051,100,99969,100,100068,100,99968,100,100074,100,99965,100,100093,100,99952,100,100104,100,99932,100,100109,100,99918,100,100121,100,99895,100
2019-06-28 09:30:00.000000069,100027,100,100008,100,100040,100,99996,100,100043,100,99987,100,100051,100,99986,600,100068,100,99969,100,100074,100,99968,100,100093,100,99965,100,100104,100,99952,100,100109,100,99932,100,100121,100,99918,100
2019-06-28 09:30:00.000000071,100027,100,100008,100,100040,100,99997,100,100043,100,99996,100,100051,100,99987,100,100068,100,99986,600,100074,100,99969,100,100093,100,99968,100,100104,100,99965,100,100109,100,99952,100,100121,100,99932,100
2019-06-28 09:30:00.000000073,100027,100,100008,100,100040,100,99997,100,100043,100,99996,100,100051,100,99987,100,100068,100,99986,600,100074,100,99969,100,100093,100,99968,100,100104,100,99965,100,100108,100,99952,100,100109,100,99932,100
2019-06-28 09:30:00.000000074,100027,100,100008,100,100040,100,99997,100,100043,100,99996,100,100051,100,99987,100,100068,100,99986,600,100074,100,99969,100,100093,100,99968,100,100104,100,99965,100,100108,100,99955,100,100109,100,99952,100
2019-06-28 09:30:00.000000076,100027,100,100008,100,100040,200,99997,100,100043,100,99996,100,100051,100,99987,100,100068,100,99986,600,100074,100,99969,100,100093,100,99968,100,100104,100,99965,100,100108,100,99955,100,100109,100,99952,100
2019-06-28 09:30:00.000000078,100027,100,100008,100,100040,200,100006,100,100043,100,99997,100,100051,100,99996,100,100068,100,99987,100,100074,100,99986,600,100093,100,99969,100,100104,100,99968,100,100108,100,99965,100,100109,100,99955,100
2019-06-28 09:30:00.000000080,100027,100,100008,100,100029,100,100006,100,100040,200,99997,100,100043,100,99996,100,100051,100,99987,100,100068,100,99986,600,100074,100,99969,100,100093,100,99968,100,100104,100,99965,100,100108,100,99955,100
2019-06-28 09:30:00.000000081,100027,100,100008,100,100029,100,100006,100,100040,200,99997,100,100043,100,99996,100,100051,100,99987,100,100068,100,99986,600,100074,100,99969,100,100093,100,99968,100,100104,100,99965,100,100108,100,99955,100
2019-06-28 09:30:00.000000082,100023,100,100008,100,100027,100,100006,100,100029,100,99997,100,100040,200,99996,100,100043,100,99987,100,100051,100,99986,600,100068,100,99983,100,100074,100,99969,100,100093,100,99968,100,100104,100,99965,100
2019-06-28 09:30:00.000000083,100023,100,100008,100,100027,100,100006,100,100029,100,99997,100,100040,200,99996,100,100043,100,99987,100,100051,100,99986,600,100068,100,99983,100,100074,100,99969,100,100080,100,99968,100,100093,100,99965,100
2019-06-28 09:30:00.000000084,100023,100,100008,100,100027,100,100006,100,100029,100,99997,100,100040,200,99996,100,100043,100,99987,100,100051,100,99986,600,100054,100,99983,100,100058,100,99969,100,100063,100,99968,100,100068,100,99965,100
2019-06-28 09:30:00.000000085,100023,100,100008,100,100027,100,100006,100,100029,100,99997,100,100040,300,99996,100,100043,100,99987,100,100051,100,99986,600,100054,100,99983,100,100058,100,99969,100,100063,100,99968,100,100068,100,99965,100
2019-06-28 09:30:00.000000086,100023,100,100008,100,100027,100,100006,100,100029,100,99997,100,100040,300,99996,100,100043,100,99987,100,100051,100,99986,600,100054,100,99983,100,100058,100,99969,100,100063,100,99968,100,100068,100,99965,100
2019-06-28 09:30:00.000000088,100023,100,100008,100,100027,100,100006,100,100029,100,99997,100,100040,300,99996,100,100043,100,99987,100,100044,100,99986,600,100051,100,99983,100,100054,100,99969,100,100058,100,99968,100,100063,100,99965,100
2019-06-28 09:30:00.000000089,100023,100,100008,100,100027,100,100006,100,100029,100,99997,100,100040,300,99996,100,100043,100,99987,100,100044,100,99986,600,100051,100,99983,100,100054,100,99971,100,100058,100,99969,100,100063,100,99968,100
2019-06-28 09:30:00.000000093,100023,100,100008,100,100027,100,100006,100,100029,100,99997,100,100040,300,99996,100,100043,100,99987,100,100044,100,99986,600,100051,100,99983,100,100054,100,99971,100,100058,100,99969,100,100063,100,99968,100
2019-06-28 09:30:00.000000095,100023,100,100008,100,100027,100,100006,100,100029,100,99997,100,100040,400,99996,100,100043,100,99987,100,100044,100,99986,600,100051,100,99983,100,100054,100,99971,100,100058,100,99969,100,100063,100,99968,100
2019-06-28 09:30:00.000000097,100023,100,100008,100,100027,100,100006,100,100029,100,99997,100,100040,500,99996,100,100043,100,99987,100,100044,100,99986,600,100051,100,99983,100,100054,100,99971,100,100058,100,99969,100,100063,100,99968,100
2019-06-28 09:30:10.000000000,100023,152,100008,152,100027,152,100006,152,100029,152,99997,152,100040,552,99996,152,100043,152,99987,152,100044,100,99986,600,100051,100,99983,100,100054,100,99971,100,100058,100,99969,100,100063,100,99968,100
2019-06-28 09:30:16.152672128,100023,152,100008,52,100027,152,100006,152,100029,152,99997,152,100040,552,99996,152,100043,152,99987,152,100044,100,99986,600,100051,100,99983,100,100054,100,99971,100,100058,100,99969,100,100063,100,99968,100
2019-06-28 09:30:20.000000000,100023,166,100006,166,100027,166,99997,166,100029,166,99996,166,100040,566,99987,166,100043,100,99986,600,100044,100,99983,100,100051,100,99971,100,100054,100,99969,100,100058,100,99968,100,100063,100,99965,100
2019-06-28 09:30:30.000000000,100023,166,100006,166,100027,166,99997,166,100029,166,99996,166,100040,566,99987,166,100043,100,99986,600,100044,100,99983,100,100051,100,99971,100,100054,100,99969,100,100058,100,99968,100,100063,100,99965,100
2019-06-28 09:30:40.000000000,100023,166,100006,166,100027,166,99997,166,100029,166,99996,166,100040,566,99987,166,100043,100,99986,600,100044,100,99983,100,100051,100,99971,100,100054,100,99969,100,100058,100,99968,100,100063,100,99965,100
2019-06-28 09:30:48.838610667,100023,166,100006,166,100027,166,99997,166,100029,166,99996,166,100040,566,99987,166,100043,100,99986,600,100044,100,99983,100,100051,100,99971,100,100054,100,99969,100,100058,100,99968,100,100063,100,99965,100
2019-06-28 09:30:50.000000000,100023,152,100006,152,100027,152,99997,152,100029,152,99996,152,100040,552,99987,152,100043,152,99986,652,100044,100,99983,100,100051,100,99971,100,100054,100,99969,100,100058,100,99968,100,100063,100,99965,100
2019-06-28 09:31:00.000000000,100023,362,100006,362,100027,100,99997,100,100029,100,99996,100,100040,500,99987,100,100043,100,99986,600,100044,100,99983,100,100051,100,99971,100,100054,100,99969,100,100058,100,99968,100,100063,100,99965,100
2019-06-28 09:31:07.846395801,100023,362,100006,362,100027,100,99997,100,100029,100,99996,100,100040,500,99987,100,100043,100,99986,600,100044,100,99983,100,100051,100,99971,100,100054,100,99969,100,100058,100,99968,100,100063,100,99965,100
2019-06-28 09:31:10.000000000,100023,189,100006,189,100027,186,99997,186,100029,186,99996,186,100040,500,99987,100,100043,100,99986,600,100044,100,99983,100,100051,100,99971,100,100054,100,99969,100,100058,100,99968,100,100063,100,99965,100
2019-06-28 09:31:20.000000000,100023,166,100006,166,100027,166,99997,166,100029,166,99996,166,100040,566,99987,166,100043,100,99986,600,100044,100,99983,100,100051,100,99971,100,100054,100,99969,100,100058,100,99968,100,100063,100,99965,100
2019-06-28 09:31:23.533992309,100023,166,100006,166,100027,166,99997,166,100029,166,99996,66,100040,566,99987,166,100043,100,99986,600,100044,100,99983,100,100051,100,99971,100,100054,100,99969,100,100058,100,99968,100,100063,100,99965,100
2019-06-28 09:31:23.563477017,100023,166,100006,66,100027,166,99997,166,100029,166,99996,66,100040,566,99987,166,100043,100,99986,600,100044,100,99983,100,100051,100,99971,100,100054,100,99969,100,100058,100,99968,100,100063,100,99965,100
2019-06-28 09:31:30.000000000,100023,166,99997,166,100027,166,99987,166,100029,166,99986,666,100040,566,99983,166,100043,100,99971,100,100044,100,99969,100,100051,100,99968,100,100054,100,99965,100,100058,100,99955,100,100063,100,99952,100
2019-06-28 09:31:35.009973788,100023,166,99997,66,100027,166,99987,166,100029,166,99986,666,100040,566,99983,166,100043,100,99971,100,100044,100,99969,100,100051,100,99968,100,100054,100,99965,100,100058,100,99955,100,100063,100,99952,100
2019-06-28 09:31:40.000000000,100023,189,99987,189,100027,186,99986,686,100029,186,99983,186,100040,500,99971,100,100043,100,99969,100,100044,100,99968,100,100051,100,99965,100,100054,100,99955,100,100058,100,99952,100,100063,100,99932,100
2019-06-28 09:31:50.000000000,100023,231,99987,231,100027,231,99986,731,100029,100,99983,100,100040,500,99971,100,100043,100,99969,100,100044,100,99968,100,100051,100,99965,100,100054,100,99955,100,100058,100,99952,100,100063,100,99932,100
2019-06-28 09:31:57.303606725,100006,100,99987,231,100023,231,99986,731,100027,231,99983,100,100029,100,99971,100,100040,400,99969,100,100043,100,99968,100,100044,100,99965,100,100051,100,99955,100,100054,100,99952,100,100058,100,99932,100
2019-06-28 09:32:00.000000000,100006,231,99987,231,100023,231,99986,731,100027,100,99983,100,100029,100,99971,100,100040,400,99969,100,100043,100,99968,100,100044,100,99965,100,100051,100,99955,100,100054,100,99952,100,100058,100,99932,100
2019-06-28 09:32:03.956269823,100006,231,99987,231,100023,231,99986,731,100027,100,99983,100,100029,100,99971,100,100040,400,99969,100,100043,100,99968,100,100044,100,99965,100,100051,100,99955,100,100054,100,99952,100,100058,100,99932,100
2019-06-28 09:32:10.000000000,100006,166,99987,166,100023,166,99986,666,100027,166,99983,166,100029,166,99971,166,100040,400,99969,100,100043,100,99968,100,100044,100,99965,100,100051,100,99955,100,100054,100,99952,100,100058,100,99932,100
2019-06-28 09:32:20.000000000,100006,152,99987,152,100023,152,99986,652,100027,152,99983,152,100029,152,99971,152,100040,452,99969,152,100043,100,99968,100,100044,100,99965,100,100051,100,99955,100,100054,100,99952,100,100058,100,99932,100
2019-06-28 09:32:30.000000000,100006,166,99987,166,100023,166,99986,666,100027,166,99983,166,100029,166,99971,166,100040,400,99969,100,100043,100,99968,100,100044,100,99965,100,100051,100,99955,100,100054,100,99952,100,100058,100,99932,100
2019-06-28 09:32:36.056902989,100006,266,99987,166,100023,166,99986,666,100027,166,99983,166,100029,166,99971,166,100040,400,99969,100,100043,100,99968,100,100044,100,99965,100,100051,100,99955,100,100054,100,99952,100,100058,100,99932,100
2019-06-28 09:32:38.124590996,100006,266,99987,66,100023,166,99986,666,100027,166,99983,166,100029,166,99971,166,100040,400,99968,100,100043,100,99965,100,100044,100,99955,100,100051,100,99952,100,100054,100,99932,100,100058,100,99903,100
2019-06-28 09:32:40.000000000,100006,331,99986,731,100023,231,99983,231,100027,100,99971,100,100029,100,99968,100,100040,400,99965,100,100043,100,99955,100,100044,100,99952,100,100051,100,99932,100,100054,100,99903,100,100058,100,99900,100
2019-06-28 09:32:50.000000000,100006,252,99986,652,100023,152,99983,152,100027,152,99971,152,100029,152,99968,152,100040,452,99965,152,100043,100,99955,100,100044,100,99952,100,100051,100,99932,100,100054,100,99903,100,100058,100,99900,100
2019-06-28 09:33:00.000000000,100006,462,99986,862,100023,100,99983,100,100027,100,99971,100,100029,100,99968,100,100040,400,99965,100,100043,100,99955,100,100044,100,99952,100,100051,100,99932,100,100054,100,99903,100,100058,100,99900,100
2019-06-28 09:33:10.000000000,100006,462,99986,862,100023,100,99983,100,100027,100,99971,100,100029,100,99968,100,100040,400,99965,100,100043,100,99955,100,100044,100,99952,100,100051,100,99932,100,100054,100,99903,100,100058,100,99900,100
2019-06-28 09:33:12.273361203,100006,462,99986,862,100023,100,99983,100,100027,100,99971,100,100029,100,99968,100,100040,400,99965,100,100043,100,99955,100,100044,100,99952,100,100051,100,99932,100,100054,100,99903,100,100058,100,99900,100
2019-06-28 09:33:20.000000000,100006,462,99986,862,100023,100,99983,100,100027,100,99971,100,100029,100,99968,100,100040,400,99965,100,100043,100,99955,100,100044,100,99952,100,100051,100,99932,100,100054,100,99903,100,100058,100,99900,100
2019-06-28 09:33:30.000000000,100006,462,99986,862,100023,100,99983,100,100027,100,99971,100,100029,100,99968,100,100040,400,99965,100,100043,100,99955,100,100044,100,99952,100,100051,100,99932,100,100054,100,99903,100,100058,100,99900,100
2019-06-28 09:33:30.409910690,100006,462,99986,762,100023,100,99983,100,100027,100,99971,100,100029,100,99968,100,100040,400,99965,100,100043,100,99955,100,100044,100,99952,100,100051,100,99932,100,100054,100,99903,100,100058,100,99900,100
2019-06-28 09:33:40.000000000,100006,252,99986,552,100023,152,99983,152,100027,152,99971,152,100029,152,99968,152,100040,452,99965,152,100043,100,99955,100,100044,100,99952,100,100051,100,99932,100,100054,100,99903,100,100058,100,99900,100
2019-06-28 09:33:50.000000000,100006,266,99986,566,100023,166,99983,166,100027,166,99971,166,100029,166,99968,166,100040,400,99965,100,100043,100,99955,100,100044,100,99952,100,100051,100,99932,100,100054,100,99903,100,100058,100,99900,100
2019-06-28 09:34:00.000000000,100006,289,99986,589,100023,186,99983,186,100027,186,99971,186,100029,100,99968,100,100040,400,99965,100,100043,100,99955,100,100044,100,99952,100,100051,100,99932,100,100054,100,99903,100,100058,100,99900,100
2019-06-28 09:34:10.000000000,100006,462,99986,762,100023,100,99983,100,100027,100,99971,100,100029,100,99968,100,100040,400,99965,100,100043,100,99955,100,100044,100,99952,100,100051,100,99932,100,100054,100,99903,100,100058,100,99900,100
2019-06-28 09:34:14.083666590,100006,462,99986,762,100027,100,99983,100,100029,100,99971,100,100040,400,99968,100,100043,100,99965,100,100044,100,99955,100,100051,100,99952,100,100054,100,99932,100,100058,100,99903,100,100063,100,99900,100
2019-06-28 09:34:20.000000000,100006,462,99986,762,100027,100,99983,100,100029,100,99971,100,100040,400,99968,100,100043,100,99965,100,100044,100,99955,100,100051,100,99952,100,100054,100,99932,100,100058,100,99903,100,100063,100,99900,100
2019-06-28 09:34:22.482196648,100006,462,99986,762,100027,100,99983,100,100029,100,99971,100,100040,400,99968,100,100043,100,99965,100,100044,100,99955,100,100051,100,99952,100,100054,100,99932,100,100058,100,99903,100,100063,100,99900,100
2019-06-28 09:34:29.560164972,99987,100,99986,662,100006,462,99983,100,100027,100,99971,100,100029,100,99968,100,100040,400,99965,100,100043,100,99955,100,100044,100,99952,100,100051,100,99932,100,100054,100,99903,100,100058,100,99900,100
2019-06-28 09:34:30.000000000,99987,231,99986,531,100006,331,99983,231,100027,100,99971,100,100029,100,99968,100,100040,400,99965,100,100043,100,99955,100,100044,100,99952,100,100051,100,99932,100,100054,100,99903,100,100058,100,99900,100
2019-06-28 09:34:35.974465224,99987,231,99986,531,100006,331,99983,231,100027,100,99971,100,100029,100,99968,100,100040,400,99965,100,100043,100,99955,100,100044,100,99952,100,100051,100,99932,100,100054,100,99903,100,100058,100,99900,100
2019-06-28 09:34:40.000000000,99987,189,99986,489,100006,286,99983,186,100027,186,99971,186,100029,100,99968,100,100040,400,99965,100,100043,100,99955,100,100044,100,99952,100,100051,100,99932,100,100054,100,99903,100,100058,100,99900,100
2019-06-28 09:34:45.082122754,99987,189,99986,489,100006,286,99983,186,100027,186,99971,86,100029,100,99968,100,100040,400,99965,100,100043,100,99955,100,100044,100,99952,100,100051,100,99932,100,100054,100,99903,100,100058,100,99900,100
2019-06-28 09:34:50.000000000,99987,189,99986,489,100006,286,99983,186,100027,186,99968,186,100029,100,99965,100,100040,400,99955,100,100043,100,99952,100,100044,100,99932,100,100051,100,99903,100,100054,100,99900,100,100058,100,99895,100
2019-06-28 09:35:00.000000000,99987,166,99986,466,100006,266,99983,166,100027,166,99968,166,100029,166,99965,166,100040,400,99955,100,100043,100,99952,100,100044,100,99932,100,100051,100,99903,100,100054,100,99900,100,100058,100,99895,100
2019-06-28 09:35:07.685822027,99987,166,99986,366,100006,266,99983,166,100027,166,99968,166,100029,166,99965,166,100040,400,99955,100,100043,100,99952,100,100044,100,99932,100,100051,100,99903,100,100054,100,99900,100,100058,100,99895,100
2019-06-28 09:35:10.000000000,99987,231,99986,431,100006,331,99983,231,100027,100,99968,100,100029,100,99965,100,100040,400,99955,100,100043,100,99952,100,100044,100,99932,100,100051,100,99903,100,100054,100,99900,100,100058,100,99895,100
2019-06-28 09:35:16.433389781,99987,231,99986,431,100006,231,99983,231,100027,100,99968,100,100029,100,99965,100,100040,400,99955,100,100043,100,99952,100,100044,100,99932,100,100051,100,99903,100,100054,100,99900,100,100058,100,99895,100
2019-06-28 09:35:20.000000000,99987,362,99986,562,100006,100,99983,100,100027,100,99968,100,100029,100,99965,100,100040,400,99955,100,100043,100,99952,100,100044,100,99932,100,100051,100,99903,100,100054,100,99900,100,100058,100,99895,100
2019-06-28 09:35:25.704212155,99987,362,99986,562,100006,100,99983,100,100027,100,99968,100,100029,100,99965,100,100040,400,99955,100,100043,100,99952,100,100044,100,99932,100,100051,100,99903,100,100054,100,99900,100,100058,100,99895,100
2019-06-28 09:35:30.000000000,99987,231,99986,431,100006,231,99983,231,100027,100,99968,100,100029,100,99965,100,100040,400,99955,100,100043,100,99952,100,100044,100,99932,100,100051,100,99903,100,100054,100,99900,100,100058,100,99895,100
2019-06-28 09:35:40.000000000,99987,166,99986,366,100006,166,99983,166,100027,166,99968,166,100029,166,99965,166,100040,400,99955,100,100043,100,99952,100,100044,100,99932,100,100051,100,99903,100,100054,100,99900,100,100058,100,99895,100
2019-06-28 09:35:43.020547849,99987,166,99986,266,100006,166,99983,166,100027,166,99968,166,100029,166,99965,166,100040,400,99955,100,100043,100,99952,100,100044,100,99932,100,100051,100,99903,100,100054,100,99900,100,100058,100,99895,100
2019-06-28 09:35:50.000000000,99987,152,99986,252,100006,152,99983,152,100027,152,99968,152,100029,152,99965,152,100040,452,99955,152,100043,100,99952,100,100044,100,99932,100,100051,100,99903,100,100054,100,99900,100,100058,100,99895,100
2019-06-28 09:36:00.000000000,99987,362,99986,462,100006,100,99983,100,100027,100,99968,100,100029,100,99965,100,100040,400,99955,100,100043,100,99952,100,100044,100,99932,100,100051,100,99903,100,100054,100,99900,100,100058,100,99895,100
2019-06-28 09:36:01.286589844,99987,362,99986,362,100006,100,99983,100,100027,100,99968,100,100029,100,99965,100,100040,400,99955,100,100043,100,99952,100,100044,100,99932,100,100051,100,99903,100,100054,100,99900,100,100058,100,99895,100
2019-06-28 09:36:10.000000000,99987,231,99986,231,100006,231,99983,231,100027,100,99968,100,100029,100,99965,100,100040,400,99955,100,100043,100,99952,100,100044,100,99932,100,100051,100,99903,100,100054,100,99900,100,100058,100,99895,100
2019-06-28 09:36:20.000000000,99987,166,99986,166,100006,166,99983,166,100027,166,99968,166,100029,166,99965,166,100040,400,99955,100,100043,100,99952,100,100044,100,99932,100,100051,100,99903,100,100054,100,99900,100,100058,100,99895,100
2019-06-28 09:36:27.190084366,99987,166,99986,66,100006,166,99983,166,100027,166,99968,166,100029,166,99965,166,100040,400,99955,100,100043,100,99952,100,100044,100,99932,100,100051,100,99903,100,100058,100,99900,100,100063,100,99895,100
2019-06-28 09:36:30.000000000,99987,166,99983,166,100006,166,99968,166,100027,166,99965,166,100029,166,99955,166,100040,400,99952,100,100043,100,99932,100,100044,100,99903,100,100051,100,99900,100,100058,100,99895,100,100063,100,99888,100
2019-06-28 09:36:40.000000000,99987,189,99983,189,100006,186,99968,186,100027,186,99965,186,100029,100,99955,100,100040,400,99952,100,100043,100,99932,100,100044,100,99903,100,100051,100,99900,100,100058,100,99895,100,100063,100,99888,100
2019-06-28 09:36:50.000000000,99987,231,99983,231,100006,231,99968,231,100027,100,99965,100,100029,100,99955,100,100040,400,99952,100,100043,100,99932,100,100044,100,99903,100,100051,100,99900,100,100058,100,99895,100,100063,100,99888,100
2019-06-28 09:36:55.691571888,99986,100,99983,231,99987,231,99968,231,100006,231,99965,100,100027,100,99955,100,100029,100,99952,100,100040,400,99932,100,100043,100,99903,100,100044,100,99900,100,100051,100,99895,100,100058,100,99888,100
2019-06-28 09:37:00.000000000,99986,189,99983,189,99987,186,99968,186,100006,186,99965,186,100027,100,99955,100,100029,100,99952,100,100040,400,99932,100,100043,100,99903,100,100044,100,99900,100,100051,100,99895,100,100058,100,99888,100
2019-06-28 09:37:10.000000000,99986,362,99983,362,99987,100,99968,100,100006,100,99965,100,100027,100,99955,100,100029,100,99952,100,100040,400,99932,100,100043,100,99903,100,100044,100,99900,100,100051,100,99895,100,100058,100,99888,100
2019-06-28 09:37:20.000000000,99986,231,99983,231,99987,231,99968,231,100006,100,99965,100,100027,100,99955,100,100029,100,99952,100,100040,400,99932,100,100043,100,99903,100,100044,100,99900,100,100051,100,99895,100,100058,100,99888,100
2019-06-28 09:37:20.024576099,99986,231,99983,131,99987,231,99968,231,100006,100,99965,100,100027,100,99955,100,100029,100,99952,100,100040,400,99932,100,100043,100,99903,100,100044,100,99900,100,100051,100,99895,100,100058,100,99888,100
2019-06-28 09:37:30.000000000,99986,362,99968,362,99987,100,99965,100,100006,100,99955,100,100027,100,99952,100,100029,100,99932,100,100040,400,99903,100,100043,100,99900,100,100044,100,99895,100,100051,100,99888,100,100058,100,99885,100
2019-06-28 09:37:30.151657792,99986,362,99968,362,99987,100,99965,100,100006,100,99955,100,100027,100,99952,100,100029,100,99932,100,100040,400,99903,100,100043,100,99900,100,100044,100,99895,100,100051,100,99888,100,100058,100,99885,100
2019-06-28 09:37:40.000000000,99986,152,99968,152,99987,152,99965,152,100006,152,99955,152,100027,152,99952,152,100029,152,99932,152,100040,400,99903,100,100043,100,99900,100,100044,100,99895,100,100051,100,99888,100,100058,100,99885,100
2019-06-28 09:37:44.419652655,99986,152,99968,152,99987,152,99965,152,100006,152,99955,152,100027,152,99952,152,100029,152,99932,152,100040,400,99903,100,100043,100,99900,100,100044,100,99895,100,100051,100,99888,100,100058,100,99885,100
2019-06-28 09:37:49.606119389,99986,152,99968,52,99987,152,99965,152,100006,152,99955,152,100027,152,99952,152,100029,152,99932,152,100040,400,99903,100,100043,100,99900,100,100044,100,99895,100,100051,100,99888,100,100058,100,99885,100
2019-06-28 09:37:50.000000000,99986,166,99965,166,99987,166,99955,166,100006,166,99952,166,100027,166,99932,166,100029,100,99903,100,100040,400,99900,100,100043,100,99895,100,100044,100,99888,100,100051,100,99885,100,100058,100,99884,100
2019-06-28 09:38:00.000000000,99986,152,99965,152,99987,152,99955,152,100006,152,99952,152,100027,152,99932,152,100029,152,99903,152,100040,400,99900,100,100043,100,99895,100,100044,100,99888,100,100051,100,99885,100,100058,100,99884,100
2019-06-28 09:38:10.000000000,99986,362,99965,362,99987,100,99955,100,100006,100,99952,100,100027,100,99932,100,100029,100,99903,100,100040,400,99900,100,100043,100,99895,100,100044,100,99888,100,100051,100,99885,100,100058,100,99884,100
2019-06-28 09:38:20.000000000,99986,189,99965,189,99987,186,99955,186,100006,186,99952,186,100027,100,99932,100,100029,100,99903,100,100040,400,99900,100,100043,100,99895,100,100044,100,99888,100,100051,100,99885,100,100058,100,99884,100
2019-06-28 09:38:30.000000000,99986,166,99965,166,99987,166,99955,166,100006,166,99952,166,100027,166,99932,166,100029,100,99903,100,100040,400,99900,100,100043,100,99895,100,100044,100,99888,100,100051,100,99885,100,100058,100,99884,100
2019-06-28 09:38:40.000000000,99986,166,99965,166,99987,166,99955,166,100006,166,99952,166,100027,166,99932,166,100029,100,99903,100,100040,400,99900,100,100043,100,99895,100,100044,100,99888,100,100051,100,99885,100,100058,100,99884,100
2019-06-28 09:38:50.000000000,99986,166,99965,166,99987,166,99955,166,100006,166,99952,166,100027,166,99932,166,100029,100,99903,100,100040,400,99900,100,100043,100,99895,100,100044,100,99888,100,100051,100,99885,100,100058,100,99884,100
2019-06-28 09:39:00.000000000,99986,231,99965,231,99987,231,99955,231,100006,100,99952,100,100027,100,99932,100,100029,100,99903,100,100040,400,99900,100,100043,100,99895,100,100044,100,99888,100,100051,100,99885,100,100058,100,99884,100
2019-06-28 09:39:10.000000000,99986,152,99965,152,99987,152,99955,152,100006,152,99952,152,100027,152,99932,152,100029,152,99903,152,100040,400,99900,100,100043,100,99895,100,100044,100,99888,100,100051,100,99885,100,100058,100,99884,100
2019-06-28 09:39:10.184397360,99986,152,99965,152,99987,152,99955,152,100006,152,99952,152,100027,152,99932,152,100029,152,99903,152,100040,400,99900,100,100043,100,99895,100,100044,100,99888,100,100051,100,99885,100,100058,100,99884,100
2019-06-28 09:39:20.000000000,99986,166,99965,166,99987,166,99955,166,100006,166,99952,166,100027,166,99932,166,100029,100,99903,100,100040,400,99900,100,100043,100,99895,100,100044,100,99888,100,100051,100,99885,100,100058,100,99884,100
2019-06-28 09:39:30.000000000,99986,152,99965,152,99987,152,99955,152,100006,152,99952,152,100027,152,99932,152,100029,152,99903,152,100040,400,99900,100,100043,100,99895,100,100044,100,99888,100,100051,100,99885,100,100058,100,99884,100
2019-06-28 09:39:40.000000000,99986,231,99965,231,99987,231,99955,231,100006,100,99952,100,100027,100,99932,100,100029,100,99903,100,100040,400,99900,100,100043,100,99895,100,100044,100,99888,100,100051,100,99885,100,100058,100,99884,100
2019-06-28 09:39:50.000000000,99986,362,99965,362,99987,100,99955,100,100006,100,99952,100,100027,100,99932,100,100029,100,99903,100,100040,400,99900,100,100043,100,99895,100,100044,100,99888,100,100051,100,99885,100,100058,100,99884,100
2019-06-28 09:39:54.324509991,99986,362,99965,262,99987,100,99955,100,100006,100,99952,100,100027,100,99932,100,100029,100,99903,100,100040,400,99900,100,100043,100,99895,100,100044,100,99888,100,100051,100,99885,100,100058,100,99884,100
2019-06-28 09:39:57.551453586,99986,362,99965,262,99987,100,99955,100,100006,100,99952,100,100027,100,99932,100,100029,100,99903,100,100040,400,99900,100,100043,100,99895,100,100044,100,99888,100,100051,100,99885,100,100058,100,99884,100
2019-06-28 09:40:00.000000000,99986,362,99955,362,99987,100,99952,100,100006,100,99932,100,100027,100,99903,100,100029,100,99900,100,100040,400,99895,100,100043,100,99888,100,100044,100,99885,100,100051,100,99884,100,100058,100,99856,100
2019-06-28 09:40:03.586512206,99968,100,99955,362,99986,362,99952,100,99987,100,99932,100,100006,100,99903,100,100027,100,99900,100,100029,100,99895,100,100040,400,99888,100,100043,100,99885,100,100044,100,99884,100,100051,100,99856,100
2019-06-28 09:40:10.000000000,99968,152,99955,152,99986,152,99952,152,99987,152,99932,152,100006,152,99903,152,100027,152,99900,152,100029,100,99895,100,100040,400,99888,100,100043,100,99885,100,100044,100,99884,100,100051,100,99856,100
2019-06-28 09:40:10.443049482,99968,152,99955,152,99986,152,99952,152,99987,152,99932,152,100006,152,99903,152,100027,152,99900,152,100029,100,99895,100,100040,400,99888,100,100043,100,99885,100,100044,100,99884,100,100051,100,99856,100
2019-06-28 09:40:14.773276254,99968,152,99955,152,99986,152,99952,152,99987,152,99932,152,100006,152,99903,152,100027,152,99900,152,100029,100,99895,100,100040,400,99888,100,100043,100,99885,100,100044,100,99884,100,100051,100,99856,100
2019-06-28 09:40:20.000000000,99968,189,99955,189,99986,186,99952,186,99987,186,99932,186,100006,100,99903,100,100027,100,99900,100,100029,100,99895,100,100040,400,99888,100,100043,100,99885,100,100044,100,99884,100,100051,100,99856,100
2019-06-28 09:40:21.468493683,99968,189,99955,89,99986,186,99952,186,99987,186,99932,186,100006,100,99903,100,100027,100,99900,100,100029,100,99895,100,100040,400,99888,100,100043,100,99885,100,100044,100,99884,100,100051,100,99856,100
2019-06-28 09:40:29.305092911,99955,11,99952,186,99968,189,99932,186,99986,186,99903,100,99987,186,99900,100,100006,100,99895,100,100027,100,99888,100,100029,100,99885,100,100040,400,99884,100,100043,100,99856,100,100044,100,99843,100
2019-06-28 09:40:30.000000000,99955,142,99952,231,99968,231,99932,231,99986,100,99903,100,99987,100,99900,100,100006,100,99895,100,100027,100,99888,100,100029,100,99885,100,100040,400,99884,100,100043,100,99856,100,100044,100,99843,100
2019-06-28 09:40:32.444997728,99955,142,99952,231,99968,231,99932,231,99986,100,99903,100,99987,100,99900,100,100006,100,99895,100,100027,100,99888,100,100029,100,99885,100,100040,300,99884,100,100043,100,99856,100,100044,100,99843,100
2019-06-28 09:40:40.000000000,99955,77,99952,166,99968,166,99932,166,99986,166,99903,166,99987,166,99900,166,100006,100,99895,100,100027,100,99888,100,100029,100,99885,100,100040,300,99884,100,100043,100,99856,100,100044,100,99843,100
2019-06-28 09:40:46.980592339,99955,77,99952,66,99968,166,99932,166,99986,166,99903,166,99987,166,99900,166,100006,100,99895,100,100027,100,99888,100,100029,100,99885,100,100040,300,99884,100,100043,100,99856,100,100044,100,99843,100
2019-06-28 09:40:50.000000000,99955,100,99932,189,99968,186,99903,186,99986,186,99900,186,99987,100,99895,100,100006,100,99888,100,100027,100,99885,100,100029,100,99884,100,100040,300,99856,100,100043,100,99843,100,100044,100,99791,100
2019-06-28 09:41:00.000000000,99955,142,99932,231,99968,231,99903,231,99986,100,99900,100,99987,100,99895,100,100006,100,99888,100,100027,100,99885,100,100029,100,99884,100,100040,300,99856,100,100043,100,99843,100,100044,100,99791,100
2019-06-28 09:41:02.941468579,99955,142,99932,231,99968,231,99903,231,99986,100,99900,100,99987,100,99895,100,100006,100,99888,100,100027,100,99885,100,100029,100,99884,100,100040,300,99856,100,100043,100,99843,100,100044,100,99791,100
2019-06-28 09:41:10.000000000,99955,77,99932,166,99968,166,99903,166,99986,166,99900,166,99987,166,99895,166,100006,100,99888,100,100027,100,99885,100,100029,100,99884,100,100040,300,99856,100,100043,100,99843,100,100044,100,99791,100
2019-06-28 09:41:20.000000000,99955,77,99932,166,99968,166,99903,166,99986,166,99900,166,99987,166,99895,166,100006,100,99888,100,100027,100,99885,100,100029,100,99884,100,100040,300,99856,100,100043,100,99843,100,100044,100,99791,100
2019-06-28 09:41:21.899698953,99955,77,99932,166,99968,166,99903,166,99986,166,99900,166,99987,166,99895,166,100006,100,99888,100,100027,100,99885,100,100029,100,99884,100,100040,300,99856,100,100043,100,99843,100,100044,100,99791,100
2019-06-28 09:41:30.000000000,99955,100,99932,189,99968,186,99903,186,99986,186,99900,186,99987,100,99895,100,100006,100,99888,100,100027,100,99885,100,100029,100,99884,100,100040,300,99856,100,100043,100,99843,100,100044,100,99791,100
2019-06-28 09:41:32.327771347,99955,100,99932,89,99968,186,99903,186,99986,186,99900,186,99987,100,99895,100,100006,100,99888,100,100027,100,99885,100,100029,100,99884,100,100040,300,99856,100,100043,100,99843,100,100044,100,99791,100
2019-06-28 09:41:40.000000000,99955,273,99903,362,99968,100,99900,100,99986,100,99895,100,99987,100,99888,100,100006,100,99885,100,100027,100,99884,100,100029,100,99856,100,100040,300,99843,100,100043,100,99791,100,100044,100,99568,100
2019-06-28 09:41:50.000000000,99955,100,99903,189,99968,186,99900,186,99986,186,99895,186,99987,100,99888,100,100006,100,99885,100,100027,100,99884,100,100029,100,99856,100,100040,300,99843,100,100043,100,99791,100,100044,100,99568,100
2019-06-28 09:41:58.408473580,99955,100,99903,89,99968,186,99900,186,99986,186,99895,186,99987,100,99888,100,100006,100,99885,100,100027,100,99884,100,100029,100,99856,100,100040,300,99843,100,100043,100,99791,100,100044,100,99568,100
2019-06-28 09:42:00.000000000,99955,100,99900,189,99968,186,99895,186,99986,186,99888,186,99987,100,99885,100,100006,100,99884,100,100027,100,99856,100,100029,100,99843,100,100040,300,99791,100,100043,100,99568,100,100044,100,99443,100
2019-06-28 09:42:10.000000000,99955,77,99900,166,99968,166,99895,166,99986,166,99888,166,99987,166,99885,166,100006,100,99884,100,100027,100,99856,100,100029,100,99843,100,100040,300,99791,100,100043,100,99568,100,100044,100,99443,100
2019-06-28 09:42:20.000000000,99955,63,99900,152,99968,152,99895,152,99986,152,99888,152,99987,152,99885,152,100006,152,99884,152,100027,100,99856,100,100029,100,99843,100,100040,300,99791,100,100043,100,99568,100,100044,100,99443,100
2019-06-28 09:42:30.000000000,99955,100,99900,189,99968,186,99895,186,99986,186,99888,186,99987,100,99885,100,100006,100,99884,100,100027,100,99856,100,100029,100,99843,100,100040,300,99791,100,100043,100,99568,100,100044,100,99443,100
2019-06-28 09:42:38.948764338,99955,100,99900,89,99968,186,99895,186,99986,186,99888,186,99987,100,99885,100,100006,100,99884,100,100027,100,99856,100,100029,100,99843,100,100040,300,99791,100,100043,100,99568,100,100044,100,99443,100
2019-06-28 09:42:40.000000000,99955,63,99895,152,99968,152,99888,152,99986,152,99885,152,99987,152,99884,152,100006,152,99856,152,100027,100,99843,100,100029,100,99791,100,100040,300,99568,100,100043,100,99443,100,100044,100,99300,100
2019-06-28 09:42:48.182070279,99955,63,99895,152,99968,152,99888,152,99986,152,99885,152,99987,152,99884,152,100006,152,99856,152,100027,100,99843,100,100029,100,99791,100,100040,300,99568,100,100043,100,99443,100,100044,100,99300,100
2019-06-28 09:42:50.000000000,99955,77,99895,166,99968,166,99888,166,99986,166,99885,166,99987,166,99884,166,100006,100,99856,100,100027,100,99843,100,100029,100,99791,100,100040,300,99568,100,100043,100,99443,100,100044,100,99300,100
2019-06-28 09:43:00.000000000,99955,273,99895,362,99968,100,99888,100,99986,100,99885,100,99987,100,99884,100,100006,100,99856,100,100027,100,99843,100,100029,100,99791,100,100040,300,99568,100,100043,100,99443,100,100044,100,99300,100
2019-06-28 09:43:10.000000000,99955,142,99895,231,99968,231,99888,231,99986,100,99885,100,99987,100,99884,100,100006,100,99856,100,100027,100,99843,100,100029,100,99791,100,100040,300,99568,100,100043,100,99443,100,100044,100,99300,100
2019-06-28 09:43:18.633601989,99955,142,99895,131,99968,231,99888,231,99986,100,99885,100,99987,100,99884,100,100006,100,99856,100,100027,100,99843,100,100029,100,99791,100,100040,300,99568,100,100043,100,99443,100,100044,100,99300,100
2019-06-28 09:43:20.000000000,99955,77,99888,166,99968,166,99885,166,99986,166,99884,166,99987,166,99856,166,100006,100,99843,100,100027,100,99791,100,100029,100,99568,100,100040,300,99443,100,100043,100,99300,100,100044,100,99246,100
2019-06-28 09:43:30.000000000,99955,100,99888,189,99968,186,99885,186,99986,186,99884,186,99987,100,99856,100,100006,100,99843,100,100027,100,99791,100,100029,100,99568,100,100040,300,99443,100,100043,100,99300,100,100044,100,99246,100
2019-06-28 09:43:30.019066565,99955,100,99888,189,99968,186,99885,186,99986,186,99884,186,99987,100,99856,100,100006,100,99843,100,100027,100,99791,100,100029,100,99568,100,100040,200,99443,100,100043,100,99300,100,100044,100,99246,100
2019-06-28 09:43:40.000000000,99955,100,99888,189,99968,186,99885,186,99986,186,99884,186,99987,100,99856,100,100006,100,99843,100,100027,100,99791,100,100029,100,99568,100,100040,200,99443,100,100043,100,99300,100,100044,100,99246,100
2019-06-28 09:43:50.000000000,99955,142,99888,231,99968,231,99885,231,99986,100,99884,100,99987,100,99856,100,100006,100,99843,100,100027,100,99791,100,100029,100,99568,100,100040,200,99443,100,100043,100,99300,100,100044,100,99246,100
2019-06-28 09:43:50.348752508,99955,142,99888,131,99968,231,99885,231,99986,100,99884,100,99987,100,99856,100,100006,100,99843,100,100027,100,99791,100,100029,100,99568,100,100040,200,99443,100,100043,100,99300,100,100044,100,99246,100
2019-06-28 09:44:00.000000000,99955,77,99885,166,99968,166,99884,166,99986,166,99856,166,99987,166,99843,166,100006,100,99791,100,100027,100,99568,100,100029,100,99443,100,100040,200,99300,100,100043,100,99246,100,100044,100,99103,100
2019-06-28 09:44:10.000000000,99955,100,99885,189,99968,186,99884,186,99986,186,99856,186,99987,100,99843,100,100006,100,99791,100,100027,100,99568,100,100029,100,99443,100,100040,200,99300,100,100043,100,99246,100,100044,100,99103,100
2019-06-28 09:44:11.704140839,99955,100,99885,189,99968,186,99884,186,99986,186,99856,186,99987,100,99843,100,100006,100,99791,100,100027,100,99568,100,100029,100,99443,100,100040,200,99300,100,100043,100,99246,100,100044,100,99103,100
2019-06-28 09:44:20.000000000,99955,273,99885,362,99968,100,99884,100,99986,100,99856,100,99987,100,99843,100,100006,100,99791,100,100027,100,99568,100,100029,100,99443,100,100040,200,99300,100,100043,100,99246,100,100044,100,99103,100
2019-06-28 09:44:25.792650292,99955,273,99885,362,99968,100,99884,100,99986,100,99856,100,99987,100,99843,100,100006,100,99791,100,100027,100,99568,100,100029,100,99443,100,100040,200,99300,100,100043,100,99103,100,100044,100,98998,100
2019-06-28 09:44:29.312960785,99955,273,99885,262,99968,100,99884,100,99986,100,99856,100,99987,100,99843,100,100006,100,99791,100,100027,100,99568,100,100029,100,99443,100,100040,200,99300,100,100043,100,99103,100,100044,100,98998,100
2019-06-28 09:44:29.540879802,99955,273,99885,262,99968,100,99884,100,99986,100,99843,100,99987,100,99791,100,100006,100,99568,100,100027,100,99443,100,100029,100,99300,100,100040,200,99103,100,100043,100,98998,100,100044,100,98994,100
2019-06-28 09:44:30.000000000,99955,273,99884,362,99968,100,99843,100,99986,100,99791,100,99987,100,99568,100,100006,100,99443,100,100027,100,99300,100,100029,100,99103,100,100040,200,98998,100,100043,100,98994,100,100044,100,98779,100
2019-06-28 09:44:40.000000000,99955,100,99884,189,99968,186,99843,186,99986,186,99791,186,99987,100,99568,100,100006,100,99443,100,100027,100,99300,100,100029,100,99103,100,100040,200,98998,100,100043,100,98994,100,100044,100,98779,100
2019-06-28 09:44:50.000000000,99955,273,99884,362,99968,100,99843,100,99986,100,99791,100,99987,100,99568,100,100006,100,99443,100,100027,100,99300,100,100029,100,99103,100,100040,200,98998,100,100043,100,98994,100,100044,100,98779,100
2019-06-28 09:44:53.079852265,99955,273,99884,262,99968,100,99843,100,99986,100,99791,100,99987,100,99568,100,100006,100,99443,100,100027,100,99300,100,100029,100,99103,100,100040,200,98998,100,100043,100,98994,100,100044,100,98779,100
2019-06-28 09:44:59.704244453,99955,273,99884,162,99968,100,99843,100,99986,100,99791,100,99987,100,99568,100,100006,100,99443,100,100027,100,99300,100,100029,100,99103,100,100040,200,98998,100,100043,100,98994,100,100044,100,98779,100
2019-06-28 09:45:00.000000000,99955,273,99843,362,99968,100,99791,100,99986,100,99568,100,99987,100,99443,100,100006,100,99300,100,100027,100,99103,100,100029,100,98998,100,100040,200,98994,100,100043,100,98779,100,100044,100,98777,100
2019-06-28 09:45:10.000000000,99955,142,99843,231,99968,231,99791,231,99986,100,99568,100,99987,100,99443,100,100006,100,99300,100,100027,100,99103,100,100029,100,98998,100,100040,200,98994,100,100043,100,98779,100,100044,100,98777,100
2019-06-28 09:45:20.000000000,99955,63,99843,152,99968,152,99791,152,99986,152,99568,152,99987,152,99443,152,100006,152,99300,152,100027,100,99103,100,100029,100,98998,100,100040,200,98994,100,100043,100,98779,100,100044,100,98777,100
2019-06-28 09:45:30.000000000,99955,100,99843,189,99968,186,99791,186,99986,186,99568,186,99987,100,99443,100,100006,100,99300,100,100027,100,99103,100,100029,100,98998,100,100040,200,98994,100,100043,100,98779,100,100044,100,98777,100
2019-06-28 09:45:36.307901306,99955,100,99843,189,99968,186,99791,186,99986,186,99568,186,99987,100,99443,100,100006,100,99300,100,100027,100,99243,100,100029,100,99103,100,100040,200,98998,100,100043,100,98994,100,100044,100,98779,100
2019-06-28 09:45:40.000000000,99955,273,99843,362,99968,100,99791,100,99986,100,99568,100,99987,100,99443,100,100006,100,99300,100,100027,100,99243,100,100029,100,99103,100,100040,200,98998,100,100043,100,98994,100,100044,100,98779,100
2019-06-28 09:45:50.000000000,99955,100,99843,189,99968,186,99791,186,99986,186,99568,186,99987,100,99443,100,100006,100,99300,100,100027,100,99243,100,100029,100,99103,100,100040,200,98998,100,100043,100,98994,100,100044,100,98779,100
2019-06-28 09:45:52.084282704,99955,100,99843,189,99968,186,99791,186,99986,186,99568,186,99987,100,99443,100,100006,100,99300,100,100027,100,99243,100,100029,100,99137,100,100040,200,99103,100,100043,100,98998,100,100044,100,98994,100
2019-06-28 09:45:52.257745406,99884,100,99843,189,99955,100,99791,186,99968,186,99568,186,99986,86,99443,100,99987,100,99300,100,100006,100,99243,100,100027,100,99137,100,100029,100,99103,100,100040,200,98998,100,100043,100,98994,100
2019-06-28 09:46:00.000000000,99884,189,99843,189,99955,97,99791,186,99968,186,99568,186,99987,100,99443,100,100006,100,99300,100,100027,100,99243,100,100029,100,99137,100,100040,200,99103,100,100043,100,98998,100,100044,100,98994,100
2019-06-28 09:46:10.000000000,99884,152,99843,152,99955,63,99791,152,99968,152,99568,152,99987,152,99443,152,100006,152,99300,152,100027,100,99243,100,100029,100,99137,100,100040,200,99103,100,100043,100,98998,100,100044,100,98994,100
2019-06-28 09:46:20.000000000,99884,362,99843,362,99955,11,99791,100,99968,100,99568,100,99987,100,99443,100,100006,100,99300,100,100027,100,99243,100,100029,100,99137,100,100040,200,99103,100,100043,100,98998,100,100044,100,98994,100
2019-06-28 09:46:21.190192879,99884,362,99843,262,99955,11,99791,100,99968,100,99568,100,99987,100,99443,100,100006,100,99300,100,100027,100,99243,100,100029,100,99137,100,100040,200,99103,100,100043,100,98998,100,100044,100,98994,100
2019-06-28 09:46:25.412231287,99883,100,99843,262,99884,362,99791,100,99955,11,99568,100,99968,100,99443,100,99987,100,99300,100,100006,100,99243,100,100027,100,99137,100,100029,100,99103,100,100040,200,98998,100,100043,100,98994,100
2019-06-28 09:46:30.000000000,99883,362,99791,362,99884,100,99568,100,99955,11,99443,100,99968,100,99300,100,99987,100,99243,100,100006,100,99137,100,100027,100,99103,100,100029,100,98998,100,100040,200,98994,100,100043,100,98779,100
2019-06-28 09:46:40.000000000,99883,362,99791,362,99884,100,99568,100,99955,11,99443,100,99968,100,99300,100,99987,100,99243,100,100006,100,99137,100,100027,100,99103,100,100029,100,98998,100,100040,200,98994,100,100043,100,98779,100
2019-06-28 09:46:50.000000000,99883,362,99791,362,99884,100,99568,100,99955,11,99443,100,99968,100,99300,100,99987,100,99243,100,100006,100,99137,100,100027,100,99103,100,100029,100,98998,100,100040,200,98994,100,100043,100,98779,100
2019-06-28 09:47:00.000000000,99883,166,99791,166,99884,166,99568,166,99955,77,99443,166,99968,166,99300,166,99987,100,99243,100,100006,100,99137,100,100027,100,99103,100,100029,100,98998,100,100040,200,98994,100,100043,100,98779,100
2019-06-28 09:47:10.000000000,99883,362,99791,362,99884,100,99568,100,99955,11,99443,100,99968,100,99300,100,99987,100,99243,100,100006,100,99137,100,100027,100,99103,100,100029,100,98998,100,100040,200,98994,100,100043,100,98779,100
2019-06-28 09:47:20.000000000,99883,362,99791,362,99884,100,99568,100,99955,11,99443,100,99968,100,99300,100,99987,100,99243,100,100006,100,99137,100,100027,100,99103,100,100029,100,98998,100,100040,200,98994,100,100043,100,98779,100
2019-06-28 09:47:30.000000000,99883,189,99791,189,99884,186,99568,186,99955,97,99443,186,99968,100,99300,100,99987,100,99243,100,100006,100,99137,100,100027,100,99103,100,100029,100,98998,100,100040,200,98994,100,100043,100,98779,100
2019-06-28 09:47:37.032682602,99883,189,99791,189,99884,186,99568,186,99955,97,99443,186,99987,100,99300,100,100006,100,99243,100,100027,100,99137,100,100029,100,99103,100,100040,200,98998,100,100043,100,98994,100,100044,100,98779,100
2019-06-28 09:47:40.000000000,99883,152,99791,152,99884,152,99568,152,99955,63,99443,152,99987,152,99300,152,100006,152,99243,152,100027,100,99137,100,100029,100,99103,100,100040,200,98998,100,100043,100,98994,100,100044,100,98779,100
2019-06-28 09:47:50.000000000,99883,152,99791,152,99884,152,99568,152,99955,63,99443,152,99987,152,99300,152,100006,152,99243,152,100027,100,99137,100,100029,100,99103,100,100040,200,98998,100,100043,100,98994,100,100044,100,98779,100
2019-06-28 09:47:52.082921141,99883,152,99791,152,99884,152,99568,152,99955,63,99443,152,99987,152,99300,152,100006,152,99265,100,100027,100,99243,152,100029,100,99137,100,100040,200,99103,100,100043,100,98998,100,100044,100,98994,100
2019-06-28 09:48:00.000000000,99883,152,99791,152,99884,152,99568,152,99955,63,99443,152,99987,152,99300,152,100006,152,99265,152,100027,100,99243,100,100029,100,99137,100,100040,200,99103,100,100043,100,98998,100,100044,100,98994,100
2019-06-28 09:48:04.075653070,99883,152,99791,52,99884,152,99568,152,99955,63,99443,152,99987,152,99300,152,100006,152,99265,152,100027,100,99243,100,100029,100,99137,100,100040,200,99103,100,100043,100,98998,100,100044,100,98777,100
2019-06-28 09:48:10.000000000,99883,152,99568,152,99884,152,99443,152,99955,63,99300,152,99987,152,99265,152,100006,152,99243,152,100027,100,99137,100,100029,100,99103,100,100040,200,98998,100,100043,100,98777,100,100044,100,98725,100
2019-06-28 09:48:20.000000000,99883,362,99568,362,99884,100,99443,100,99955,11,99300,100,99987,100,99265,100,100006,100,99243,100,100027,100,99137,100,100029,100,99103,100,100040,200,98998,100,100043,100,98777,100,100044,100,98725,100
2019-06-28 09:48:30.000000000,99883,189,99568,189,99884,186,99443,186,99955,97,99300,186,99987,100,99265,100,100006,100,99243,100,100027,100,99137,100,100029,100,99103,100,100040,200,98998,100,100043,100,98777,100,100044,100,98725,100
2019-06-28 09:48:40.000000000,99883,231,99568,231,99884,231,99443,231,99955,11,99300,100,99987,100,99265,100,100006,100,99243,100,100027,100,99137,100,100029,100,99103,100,100040,200,98998,100,100043,100,98777,100,100044,100,98725,100
2019-06-28 09:48:43.977966837,99883,231,99568,231,99884,231,99443,231,99955,11,99300,100,99987,100,99265,100,100006,100,99243,100,100027,100,99137,100,100029,100,99124,100,100040,200,99103,100,100043,100,98998,100,100044,100,98777,100
2019-06-28 09:48:44.555755284,99883,231,99568,131,99884,231,99443,231,99955,11,99300,100,99987,100,99265,100,100006,100,99243,100,100027,100,99137,100,100029,100,99103,100,100040,200,98998,100,100043,100,98777,100,100044,100,98725,100
2019-06-28 09:48:50.000000000,99883,362,99443,362,99884,100,99300,100,99955,11,99265,100,99987,100,99243,100,100006,100,99137,100,100027,100,99103,100,100029,100,98998,100,100040,200,98777,100,100043,100,98725,100,100044,100,98629,100
2019-06-28 09:49:00.000000000,99883,152,99443,152,99884,152,99300,152,99955,63,99265,152,99987,152,99243,152,100006,152,99137,152,100027,100,99103,100,100029,100,98998,100,100040,200,98777,100,100043,100,98725,100,100044,100,98629,100
2019-06-28 09:49:10.000000000,99883,152,99443,152,99884,152,99300,152,99955,63,99265,152,99987,152,99243,152,100006,152,99137,152,100027,100,99103,100,100029,100,98998,100,100040,200,98777,100,100043,100,98725,100,100044,100,98629,100
2019-06-28 09:49:10.076612012,99883,152,99443,52,99884,152,99300,152,99955,63,99265,152,99987,152,99243,152,100006,152,99137,152,100027,100,99103,100,100029,100,98998,100,100040,200,98777,100,100043,100,98725,100,100044,100,98629,100
2019-06-28 09:49:20.000000000,99883,152,99300,152,99884,152,99265,152,99955,63,99243,152,99987,152,99137,152,100006,152,99103,152,100027,100,98998,100,100029,100,98777,100,100040,200,98725,100,100043,100,98629,100,100044,100,98571,100
2019-06-28 09:49:30.000000000,99883,152,99300,152,99884,152,99265,152,99955,63,99243,152,99987,152,99137,152,100006,152,99103,152,100027,100,98998,100,100029,100,98777,100,100040,200,98725,100,100043,100,98629,100,100044,100,98571,100
2019-06-28 09:49:31.724282443,99396,100,99300,152,99883,152,99265,152,99884,152,99243,152,99955,63,99137,152,99987,152,99103,152,100006,152,98998,100,100027,100,98777,100,100029,100,98725,100,100040,200,98629,100,100043,100,98571,100
2019-06-28 09:49:35.814793640,99396,100,99300,152,99568,100,99265,152,99883,152,99243,152,99884,152,99137,152,99955,63,99103,152,99987,152,98998,100,100006,152,98777,100,100027,100,98725,100,100029,100,98629,100,100040,200,98571,100
2019-06-28 09:49:40.000000000,99396,362,99300,362,99568,100,99265,100,99883,100,99243,100,99884,100,99137,100,99955,11,99103,100,99987,100,98998,100,100006,100,98777,100,100027,100,98725,100,100029,100,98629,100,100040,200,98571,100
2019-06-28 09:49:43.765604376,99396,262,99300,362,99568,100,99265,100,99883,100,99243,100,99884,100,99137,100,99955,11,99103,100,99987,100,98998,100,100006,100,98777,100,100027,100,98725,100,100029,100,98629,100,100040,200,98571,100
2019-06-28 09:49:50.000000000,99568,166,99300,166,99883,166,99265,166,99884,166,99243,166,99955,77,99137,166,99987,100,99103,100,100006,100,98998,100,100027,100,98777,100,100029,100,98725,100,100040,200,98629,100,100043,100,98571,100
2019-06-28 09:49:55.870222412,99568,66,99300,166,99883,166,99265,166,99884,166,99243,166,99955,77,99137,166,99987,100,99103,100,100006,100,98998,100,100027,100,98777,100,100029,100,98725,100,100040,200,98629,100,100043,100,98571,100
2019-06-28 09:49:59.483956225,99568,66,99300,166,99685,100,99265,166,99883,166,99243,166,99884,166,99137,166,99955,66,99103,100,99987,100,98998,100,100006,100,98777,100,100027,100,98725,100,100029,100,98629,100,100040,200,98571,100
2019-06-28 09:50:00.000000000,99685,231,99300,231,99883,231,99265,231,99884,100,99243,100,99987,100,99137,100,100006,100,99103,100,100027,100,98998,100,100029,100,98777,100,100040,200,98725,100,100043,100,98629,100,100044,100,98571,100
2019-06-28 09:50:09.174431346,99567,100,99300,231,99685,231,99265,231,99883,231,99243,100,99884,100,99137,100,100006,100,99103,100,100027,100,98998,100,100029,100,98777,100,100040,200,98725,100,100043,100,98629,100,100044,100,98571,100
2019-06-28 09:50:10.000000000,99567,166,99300,166,99685,166,99265,166,99883,166,99243,166,99884,166,99137,166,100006,100,99103,100,100027,100,98998,100,100029,100,98777,100,100040,200,98725,100,100043,100,98629,100,100044,100,98571,100
2019-06-28 09:50:20.000000000,99567,152,99300,152,99685,152,99265,152,99883,152,99243,152,99884,152,99137,152,100006,152,99103,152,100027,100,98998,100,100029,100,98777,100,100040,200,98725,100,100043,100,98629,100,100044,100,98571,100
2019-06-28 09:50:30.000000000,99567,166,99300,166,99685,166,99265,166,99883,166,99243,166,99884,166,99137,166,100006,100,99103,100,100027,100,98998,100,100029,100,98777,100,100040,200,98725,100,100043,100,98629,100,100044,100,98571,100
2019-06-28 09:50:36.236120961,99567,166,99396,100,99685,166,99300,166,99883,166,99265,166,99884,166,99243,166,100006,100,99137,166,100027,100,99103,100,100029,100,98998,100,100040,200,98777,100,100043,100,98725,100,100044,100,98629,100
2019-06-28 09:50:40.000000000,99567,152,99396,152,99685,152,99300,152,99883,152,99265,152,99884,152,99243,152,100006,152,99137,152,100027,100,99103,100,100029,100,98998,100,100040,200,98777,100,100043,100,98725,100,100044,100,98629,100
2019-06-28 09:50:50.000000000,99567,189,99396,189,99685,186,99300,186,99883,186,99265,186,99884,100,99243,100,100006,100,99137,100,100027,100,99103,100,100029,100,98998,100,100040,200,98777,100,100043,100,98725,100,100044,100,98629,100
2019-06-28 09:51:00.000000000,99567,152,99396,152,99685,152,99300,152,99883,152,99265,152,99884,152,99243,152,100006,152,99137,152,100027,100,99103,100,100029,100,98998,100,100040,200,98777,100,100043,100,98725,100,100044,100,98629,100
2019-06-28 09:51:00.977804225,99567,152,99495,100,99685,152,99396,152,99883,152,99300,52,99884,152,99265,152,100006,152,99243,152,100027,100,99137,152,100029,100,99103,100,100040,200,98998,100,100043,100,98777,100,100044,100,98725,100
2019-06-28 09:51:10.000000000,99567,152,99495,152,99685,152,99396,152,99883,152,99265,152,99884,152,99243,152,100006,152,99137,152,100027,100,99103,100,100029,100,98998,100,100040,200,98777,100,100043,100,98725,100,100044,100,98629,100
2019-06-28 09:51:20.000000000,99567,152,99495,152,99685,152,99396,152,99883,152,99265,152,99884,152,99243,152,100006,152,99137,152,100027,100,99103,100,100029,100,98998,100,100040,200,98777,100,100043,100,98725,100,100044,100,98629,100
2019-06-28 09:51:30.000000000,99567,189,99495,189,99685,186,99396,186,99883,186,99265,186,99884,100,99243,100,100006,100,99137,100,100027,100,99103,100,100029,100,98998,100,100040,200,98777,100,100043,100,98725,100,100044,100,98629,100
2019-06-28 09:51:34.358089011,99567,189,99495,89,99685,186,99396,186,99883,186,99265,186,99884,100,99243,100,100006,100,99137,100,100027,100,99103,100,100040,200,98998,100,100043,100,98777,100,100044,100,98725,100,100063,100,98629,100
2019-06-28 09:51:36.545151732,99567,189,99495,89,99685,86,99396,186,99883,186,99265,186,99884,100,99243,100,100006,100,99137,100,100027,100,99103,100,100040,200,99016,100,100043,100,98998,100,100044,100,98777,100,100063,100,98725,100
2019-06-28 09:51:40.000000000,99567,231,99396,231,99883,231,99265,231,99884,100,99243,100,100006,100,99137,100,100027,100,99103,100,100040,200,99016,100,100043,100,98998,100,100044,100,98777,100,100063,100,98725,100,100069,100,98629,100
2019-06-28 09:51:50.000000000,99567,362,99396,362,99883,100,99265,100,99884,100,99243,100,100006,100,99137,100,100027,100,99103,100,100040,200,99016,100,100043,100,98998,100,100044,100,98777,100,100063,100,98725,100,100069,100,98629,100
2019-06-28 09:51:51.305432136,99567,362,99396,362,99883,100,99265,100,99884,100,99243,100,100006,100,99137,100,100027,100,99103,100,100040,200,99016,100,100043,100,98998,100,100044,100,98980,100,100063,100,98777,100,100069,100,98725,100
2019-06-28 09:51:55.987463284,99566,100,99396,362,99567,362,99265,100,99883,100,99243,100,100006,100,99137,100,100027,100,99103,100,100040,200,99016,100,100043,100,98998,100,100044,100,98980,100,100063,100,98777,100,100069,100,98725,100
2019-06-28 09:51:56.423002399,99566,100,99396,262,99567,362,99265,100,99883,100,99243,100,100006,100,99137,100,100027,100,99103,100,100040,200,98998,100,100043,100,98980,100,100044,100,98777,100,100063,100,98725,100,100069,100,98629,100
2019-06-28 09:52:00.000000000,99566,362,99265,362,99567,100,99243,100,99883,100,99137,100,100006,100,99103,100,100027,100,98998,100,100040,200,98980,100,100043,100,98777,100,100044,100,98725,100,100063,100,98629,100,100069,100,98571,100
2019-06-28 09:52:03.385343227,99566,362,99265,362,99567,100,99243,100,99883,100,99142,100,100006,100,99137,100,100027,100,99103,100,100040,200,98998,100,100043,100,98980,100,100044,100,98777,100,100063,100,98725,100,100069,100,98629,100
2019-06-28 09:52:10.000000000,99566,189,99265,189,99567,186,99243,186,99883,186,99142,186,100006,100,99137,100,100027,100,99103,100,100040,200,98998,100,100043,100,98980,100,100044,100,98777,100,100063,100,98725,100,100069,100,98629,100
2019-06-28 09:52:11.221385355,99495,100,99265,189,99566,189,99243,186,99567,186,99142,186,99883,186,99137,100,100006,100,99103,100,100027,100,98998,100,100040,200,98980,100,100043,100,98777,100,100044,100,98725,100,100063,100,98629,100
2019-06-28 09:52:20.000000000,99495,152,99265,152,99566,152,99243,152,99567,152,99142,152,99883,152,99137,152,100006,152,99103,152,100027,100,98998,100,100040,200,98980,100,100043,100,98777,100,100044,100,98725,100,100063,100,98629,100
2019-06-28 09:52:21.877610742,99495,52,99265,152,99566,152,99243,152,99567,152,99142,152,99883,152,99137,152,100006,152,99103,152,100027,100,98998,100,100040,200,98980,100,100043,100,98777,100,100044,100,98725,100,100063,100,98629,100
2019-06-28 09:52:30.000000000,99566,189,99265,189,99567,186,99243,186,99883,186,99142,186,100006,100,99137,100,100027,100,99103,100,100040,200,98998,100,100043,100,98980,100,100044,100,98777,100,100063,100,98725,100,100069,100,98629,100
2019-06-28 09:52:37.370575165,99495,100,99265,189,99566,189,99243,186,99567,186,99142,186,99883,186,99137,100,100006,100,99103,100,100027,100,98998,100,100040,200,98980,100,100043,100,98777,100,100044,100,98725,100,100063,100,98629,100
2019-06-28 09:52:40.000000000,99495,152,99265,152,99566,152,99243,152,99567,152,99142,152,99883,152,99137,152,100006,152,99103,152,100027,100,98998,100,100040,200,98980,100,100043,100,98777,100,100044,100,98725,100,100063,100,98629,100
2019-06-28 09:52:41.165531372,99495,152,99265,152,99566,152,99243,152,99567,152,99142,152,99883,152,99137,152,100006,152,99103,152,100027,100,98998,100,100040,200,98980,100,100043,100,98832,100,100044,100,98777,100,100063,100,98629,100
2019-06-28 09:52:50.000000000,99495,362,99265,362,99566,100,99243,100,99567,100,99142,100,99883,100,99137,100,100006,100,99103,100,100027,100,98998,100,100040,200,98980,100,100043,100,98832,100,100044,100,98777,100,100063,100,98629,100
2019-06-28 09:53:00.000000000,99495,189,99265,189,99566,186,99243,186,99567,186,99142,186,99883,100,99137,100,100006,100,99103,100,100027,100,98998,100,100040,200,98980,100,100043,100,98832,100,100044,100,98777,100,100063,100,98629,100
2019-06-28 09:53:10.000000000,99495,152,99265,152,99566,152,99243,152,99567,152,99142,152,99883,152,99137,152,100006,152,99103,152,100027,100,98998,100,100040,200,98980,100,100043,100,98832,100,100044,100,98777,100,100063,100,98629,100
2019-06-28 09:53:20.000000000,99495,189,99265,189,99566,186,99243,186,99567,186,99142,186,99883,100,99137,100,100006,100,99103,100,100027,100,98998,100,100040,200,98980,100,100043,100,98832,100,100044,100,98777,100,100063,100,98629,100
2019-06-28 09:53:25.843767117,99495,189,99276,100,99566,186,99265,189,99567,186,99243,186,99883,100,99142,186,100006,100,99137,100,100027,100,99103,100,100040,200,98998,100,100043,100,98832,100,100044,100,98777,100,100063,100,98629,100
2019-06-28 09:53:30.000000000,99495,231,99276,231,99566,231,99265,231,99567,100,99243,100,99883,100,99142,100,100006,100,99137,100,100027,100,99103,100,100040,200,98998,100,100043,100,98832,100,100044,100,98777,100,100063,100,98629,100
2019-06-28 09:53:40.000000000,99495,189,99276,189,99566,186,99265,186,99567,186,99243,186,99883,100,99142,100,100006,100,99137,100,100027,100,99103,100,100040,200,98998,100,100043,100,98832,100,100044,100,98777,100,100063,100,98629,100
2019-06-28 09:53:50.000000000,99495,362,99276,362,99566,100,99265,100,99567,100,99243,100,99883,100,99142,100,100006,100,99137,100,100027,100,99103,100,100040,200,98998,100,100043,100,98832,100,100044,100,98777,100,100063,100,98629,100
2019-06-28 09:53:51.911982970,99495,262,99276,362,99566,100,99265,100,99567,100,99243,100,99883,100,99142,100,100006,100,99137,100,100027,100,99103,100,100040,200,98998,100,100043,100,98832,100,100044,100,98777,100,100063,100,98629,100
2019-06-28 09:53:58.974615777,99495,262,99276,362,99566,100,99265,100,99567,100,99243,100,99883,100,99142,100,99906,100,99137,100,100006,100,99103,100,100027,100,98998,100,100040,200,98832,100,100043,100,98777,100,100044,100,98629,100
2019-06-28 09:54:00.000000000,99566,362,99276,362,99567,100,99265,100,99883,100,99243,100,99906,100,99142,100,100006,100,99137,100,100027,100,99103,100,100040,200,98998,100,100043,100,98832,100,100044,100,98777,100,100063,100,98629,100
2019-06-28 09:54:10.000000000,99566,152,99276,152,99567,152,99265,152,99883,152,99243,152,99906,152,99142,152,100006,152,99137,152,100027,100,99103,100,100040,200,98998,100,100043,100,98832,100,100044,100,98777,100,100063,100,98629,100
2019-06-28 09:54:20.000000000,99566,166,99276,166,99567,166,99265,166,99883,166,99243,166,99906,166,99142,166,100006,100,99137,100,100027,100,99103,100,100040,200,98998,100,100043,100,98832,100,100044,100,98777,100,100063,100,98629,100
2019-06-28 09:54:25.251431668,99492,100,99276,166,99566,166,99265,166,99567,166,99243,166,99883,166,99142,166,99906,166,99137,100,100006,100,99103,100,100027,100,98998,100,100040,200,98832,100,100043,100,98777,100,100044,100,98629,100
2019-06-28 09:54:30.000000000,99492,166,99276,166,99566,166,99265,166,99567,166,99243,166,99883,166,99142,166,99906,100,99137,100,100006,100,99103,100,100027,100,98998,100,100040,200,98832,100,100043,100,98777,100,100044,100,98629,100
2019-06-28 09:54:32.238425117,99492,166,99276,166,99566,166,99265,166,99567,166,99243,166,99883,166,99206,100,99906,100,99142,166,100006,100,99137,100,100027,100,99103,100,100040,200,98998,100,100043,100,98832,100,100044,100,98777,100
2019-06-28 09:54:32.403300742,99492,166,99276,166,99494,100,99265,166,99566,166,99243,166,99567,166,99206,100,99883,166,99142,166,99906,100,99137,100,100006,100,99103,100,100027,100,98998,100,100040,200,98832,100,100043,100,98777,100
2019-06-28 09:54:40.000000000,99492,362,99276,362,99494,100,99265,100,99566,100,99243,100,99567,100,99206,100,99883,100,99142,100,99906,100,99137,100,100006,100,99103,100,100027,100,98998,100,100040,200,98832,100,100043,100,98777,100
2019-06-28 09:54:45.342793925,99492,262,99276,362,99494,100,99265,100,99566,100,99243,100,99567,100,99206,100,99883,100,99142,100,99906,100,99137,100,100006,100,99103,100,100027,100,98998,100,100040,200,98777,100,100043,100,98629,100
2019-06-28 09:54:50.000000000,99494,189,99276,189,99566,186,99265,186,99567,186,99243,186,99883,100,99206,100,99906,100,99142,100,100006,100,99137,100,100027,100,99103,100,100040,200,98998,100,100043,100,98777,100,100044,100,98629,100
2019-06-28 09:55:00.000000000,99494,166,99276,166,99566,166,99265,166,99567,166,99243,166,99883,166,99206,166,99906,100,99142,100,100006,100,99137,100,100027,100,99103,100,100040,200,98998,100,100043,100,98777,100,100044,100,98629,100
2019-06-28 09:55:10.000000000,99494,189,99276,189,99566,186,99265,186,99567,186,99243,186,99883,100,99206,100,99906,100,99142,100,100006,100,99137,100,100027,100,99103,100,100040,200,98998,100,100043,100,98777,100,100044,100,98629,100
2019-06-28 09:55:20.000000000,99494,166,99276,166,99566,166,99265,166,99567,166,99243,166,99883,166,99206,166,99906,100,99142,100,100006,100,99137,100,100027,100,99103,100,100040,200,98998,100,100043,100,98777,100,100044,100,98629,100
2019-06-28 09:55:27.096997258,99494,166,99492,100,99566,166,99276,166,99567,166,99265,166,99883,166,99243,166,99906,100,99206,166,100006,100,99142,100,100027,100,99137,100,100040,200,99103,100,100043,100,98998,100,100044,100,98777,100
2019-06-28 09:55:30.000000000,99494,152,99492,152,99566,152,99276,152,99567,152,99265,152,99883,152,99243,152,99906,152,99206,152,100006,100,99142,100,100027,100,99137,100,100040,200,99103,100,100043,100,98998,100,100044,100,98777,100
2019-06-28 09:55:40.000000000,99494,166,99492,166,99566,166,99276,166,99567,166,99265,166,99883,166,99243,166,99906,100,99206,100,100006,100,99142,100,100027,100,99137,100,100040,200,99103,100,100043,100,98998,100,100044,100,98777,100
2019-06-28 09:55:50.000000000,99494,166,99492,166,99566,166,99276,166,99567,166,99265,166,99883,166,99243,166,99906,100,99206,100,100006,100,99142,100,100027,100,99137,100,100040,200,99103,100,100043,100,98998,100,100044,100,98777,100
2019-06-28 09:55:57.936862422,99494,66,99492,166,99566,166,99276,166,99567,166,99265,166,99883,166,99243,166,99906,100,99206,100,100006,100,99142,100,100027,100,99137,100,100040,200,99103,100,100043,100,98998,100,100044,100,98777,100
2019-06-28 09:55:58.666022990,99566,166,99494,34,99567,166,99492,166,99883,166,99276,166,99906,100,99265,166,100006,100,99243,166,100027,100,99206,100,100040,200,99142,100,100043,100,99137,100,100044,100,99103,100,100063,100,98998,100
2019-06-28 09:56:00.000000000,99566,231,99494,165,99567,231,99492,231,99883,100,99276,100,99906,100,99265,100,100006,100,99243,100,100027,100,99206,100,100040,200,99142,100,100043,100,99137,100,100044,100,99103,100,100063,100,98998,100
2019-06-28 09:56:01.618988555,99566,231,99494,265,99567,231,99492,231,99883,100,99276,100,99906,100,99265,100,100006,100,99243,100,100027,100,99206,100,100040,200,99142,100,100043,100,99137,100,100044,100,99103,100,100063,100,98998,100
2019-06-28 09:56:03.003423516,99566,231,99494,265,99567,231,99492,231,99883,100,99276,100,99906,100,99265,100,100006,100,99243,100,100027,100,99206,100,100040,100,99142,100,100043,100,99137,100,100044,100,99103,100,100063,100,98998,100
2019-06-28 09:56:10.000000000,99566,362,99494,396,99567,100,99492,100,99883,100,99276,100,99906,100,99265,100,100006,100,99243,100,100027,100,99206,100,100040,100,99142,100,100043,100,99137,100,100044,100,99103,100,100063,100,98998,100
2019-06-28 09:56:14.370695211,99566,362,99494,496,99567,100,99492,100,99883,100,99276,100,99906,100,99265,100,100006,100,99243,100,100027,100,99206,100,100040,100,99142,100,100043,100,99137,100,100044,100,99103,100,100063,100,98998,100
2019-06-28 09:56:20.000000000,99566,152,99494,286,99567,152,99492,152,99883,152,99276,152,99906,152,99265,152,100006,152,99243,152,100027,100,99206,100,100040,100,99142,100,100043,100,99137,100,100044,100,99103,100,100063,100,98998,100
2019-06-28 09:56:20.342691147,99566,152,99494,286,99567,152,99492,152,99883,152,99276,152,99906,152,99265,152,100001,100,99243,152,100006,152,99206,100,100027,100,99142,100,100040,100,99137,100,100043,100,99103,100,100044,100,98998,100
2019-06-28 09:56:20.713976071,99566,152,99494,386,99567,152,99492,152,99883,152,99276,152,99906,152,99265,152,100001,100,99243,152,100006,152,99206,100,100027,100,99142,100,100040,100,99137,100,100043,100,99103,100,100044,100,98998,100
2019-06-28 09:56:27.920663200,99566,52,99494,386,99567,152,99492,152,99883,152,99276,152,99906,152,99265,152,100001,100,99243,152,100006,152,99206,100,100027,100,99142,100,100040,100,99137,100,100043,100,99103,100,100044,100,98998,100
2019-06-28 09:56:30.000000000,99567,231,99494,465,99883,231,99492,231,99906,100,99276,100,100001,100,99265,100,100006,100,99243,100,100027,100,99206,100,100040,100,99142,100,100043,100,99137,100,100044,100,99103,100,100063,100,98998,100
2019-06-28 09:56:40.000000000,99567,362,99494,596,99883,100,99492,100,99906,100,99276,100,100001,100,99265,100,100006,100,99243,100,100027,100,99206,100,100040,100,99142,100,100043,100,99137,100,100044,100,99103,100,100063,100,98998,100
2019-06-28 09:56:48.845982842,99567,362,99494,596,99883,100,99492,100,99906,100,99276,100,100001,100,99265,100,100006,100,99243,100,100027,100,99206,100,100040,100,99142,100,100041,100,99137,100,100043,100,99103,100,100044,100,98998,100
2019-06-28 09:56:50.000000000,99567,362,99494,596,99883,100,99492,100,99906,100,99276,100,100001,100,99265,100,100006,100,99243,100,100027,100,99206,100,100040,100,99142,100,100041,100,99137,100,100043,100,99103,100,100044,100,98998,100
2019-06-28 09:57:00.000000000,99567,152,99494,386,99883,152,99492,152,99906,152,99276,152,100001,152,99265,152,100006,152,99243,152,100027,100,99206,100,100040,100,99142,100,100041,100,99137,100,100043,100,99103,100,100044,100,98998,100
2019-06-28 09:57:10.000000000,99567,231,99494,465,99883,231,99492,231,99906,100,99276,100,100001,100,99265,100,100006,100,99243,100,100027,100,99206,100,100040,100,99142,100,100041,100,99137,100,100043,100,99103,100,100044,100,98998,100
2019-06-28 09:57:14.877997298,99567,231,99495,100,99883,231,99494,465,99906,100,99492,231,100001,100,99276,100,100006,100,99265,100,100027,100,99243,100,100040,100,99206,100,100041,100,99142,100,100043,100,99137,100,100044,100,99103,100
2019-06-28 09:57:20.000000000,99567,362,99495,362,99883,100,99494,334,99906,100,99492,100,100001,100,99276,100,100006,100,99265,100,100027,100,99243,100,100040,100,99206,100,100041,100,99142,100,100043,100,99137,100,100044,100,99103,100
2019-06-28 09:57:30.000000000,99567,231,99495,231,99883,231,99494,465,99906,100,99492,100,100001,100,99276,100,100006,100,99265,100,100027,100,99243,100,100040,100,99206,100,100041,100,99142,100,100043,100,99137,100,100044,100,99103,100
2019-06-28 09:57:40.000000000,99567,231,99495,231,99883,231,99494,465,99906,100,99492,100,100001,100,99276,100,100006,100,99265,100,100027,100,99243,100,100040,100,99206,100,100041,100,99142,100,100043,100,99137,100,100044,100,99103,100
2019-06-28 09:57:45.302815036,99567,131,99495,231,99883,231,99494,465,99906,100,99492,100,100001,100,99276,100,100006,100,99265,100,100027,100,99243,100,100040,100,99206,100,100041,100,99142,100,100043,100,99137,100,100044,100,99103,100
2019-06-28 09:57:45.654382786,99567,131,99566,100,99883,231,99495,231,99906,100,99494,365,100001,100,99492,100,100006,100,99276,100,100027,100,99265,100,100040,100,99243,100,100041,100,99206,100,100043,100,99142,100,100044,100,99137,100
2019-06-28 09:57:50.000000000,99883,231,99566,231,99906,231,99495,231,100001,100,99494,234,100006,100,99492,100,100027,100,99276,100,100040,100,99265,100,100041,100,99243,100,100043,100,99206,100,100044,100,99142,100,100063,100,99137,100
2019-06-28 09:58:00.000000000,99883,231,99566,231,99906,231,99495,231,100001,100,99494,234,100006,100,99492,100,100027,100,99276,100,100040,100,99265,100,100041,100,99243,100,100043,100,99206,100,100044,100,99142,100,100063,100,99137,100
2019-06-28 09:58:10.000000000,99883,166,99566,166,99906,166,99495,166,100001,166,99494,300,100006,166,99492,166,100027,100,99276,100,100040,100,99265,100,100041,100,99243,100,100043,100,99206,100,100044,100,99142,100,100063,100,99137,100
2019-06-28 09:58:17.133754173,99883,166,99627,100,99906,166,99566,166,100001,166,99495,166,100006,166,99494,300,100027,100,99492,166,100040,100,99276,100,100041,100,99265,100,100043,100,99243,100,100044,100,99206,100,100063,100,99142,100
2019-06-28 09:58:20.000000000,99883,231,99627,231,99906,231,99566,231,100001,100,99495,100,100006,100,99494,234,100027,100,99492,100,100040,100,99276,100,100041,100,99265,100,100043,100,99243,100,100044,100,99206,100,100063,100,99142,100
2019-06-28 09:58:26.031771140,99883,231,99627,231,99906,231,99580,100,100001,100,99566,231,100006,100,99495,100,100027,100,99494,234,100040,100,99492,100,100041,100,99276,100,100043,100,99265,100,100044,100,99243,100,100063,100,99206,100
2019-06-28 09:58:30.000000000,99883,231,99627,231,99906,231,99580,231,100001,100,99566,100,100006,100,99495,100,100027,100,99494,234,100040,100,99492,100,100041,100,99276,100,100043,100,99265,100,100044,100,99243,100,100063,100,99206,100
2019-06-28 09:58:30.812176223,99684,100,99627,231,99883,231,99580,231,99906,231,99566,100,100001,100,99495,100,100006,100,99494,234,100027,100,99492,100,100040,100,99276,100,100041,100,99265,100,100043,100,99243,100,100044,100,99206,100
2019-06-28 09:58:40.000000000,99684,152,99627,152,99883,152,99580,152,99906,152,99566,152,100001,152,99495,152,100006,152,99494,286,100027,100,99492,100,100040,100,99276,100,100041,100,99265,100,100043,100,99243,100,100044,100,99206,100
2019-06-28 09:58:50.000000000,99684,231,99627,231,99883,231,99580,231,99906,100,99566,100,100001,100,99495,100,100006,100,99494,234,100027,100,99492,100,100040,100,99276,100,100041,100,99265,100,100043,100,99243,100,100044,100,99206,100
2019-06-28 09:58:50.009749993,99684,231,99627,231,99883,231,99580,231,99906,100,99566,100,100001,100,99495,100,100006,100,99494,134,100027,100,99492,100,100040,100,99276,100,100041,100,99265,100,100043,100,99243,100,100044,100,99206,100
2019-06-28 09:59:00.000000000,99684,362,99627,362,99883,100,99580,100,99906,100,99566,100,100001,100,99495,100,100006,100,99494,134,100027,100,99492,100,100040,100,99276,100,100041,100,99265,100,100043,100,99243,100,100044,100,99206,100
2019-06-28 09:59:03.676647229,99684,362,99627,362,99883,100,99580,100,99906,100,99566,100,99915,100,99495,100,100001,100,99494,134,100006,100,99492,100,100027,100,99276,100,100040,100,99265,100,100041,100,99243,100,100043,100,99206,100
2019-06-28 09:59:10.000000000,99684,231,99627,231,99883,231,99580,231,99906,100,99566,100,99915,100,99495,100,100001,100,99494,134,100006,100,99492,100,100027,100,99276,100,100040,100,99265,100,100041,100,99243,100,100043,100,99206,100
2019-06-28 09:59:20.000000000,99684,166,99627,166,99883,166,99580,166,99906,166,99566,166,99915,166,99495,166,100001,100,99494,134,100006,100,99492,100,100027,100,99276,100,100040,100,99265,100,100041,100,99243,100,100043,100,99206,100
2019-06-28 09:59:30.000000000,99684,231,99627,231,99883,231,99580,231,99906,100,99566,100,99915,100,99495,100,100001,100,99494,134,100006,100,99492,100,100027,100,99276,100,100040,100,99265,100,100041,100,99243,100,100043,100,99206,100
2019-06-28 09:59:40.000000000,99684,189,99627,189,99883,186,99580,186,99906,186,99566,186,99915,100,99495,100,100001,100,99494,134,100006,100,99492,100,100027,100,99276,100,100040,100,99265,100,100041,100,99243,100,100043,100,99206,100
2019-06-28 09:59:50.000000000,99684,152,99627,152,99883,152,99580,152,99906,152,99566,152,99915,152,99495,152,100001,152,99494,186,100006,100,99492,100,100027,100,99276,100,100040,100,99265,100,100041,100,99243,100,100043,100,99206,100
2019-06-28 10:00:00.000000000,99684,189,99627,189,99883,186,99580,186,99906,186,99566,186,99915,100,99495,100,100001,100,99494,134,100006,100,99492,100,100027,100,99276,100,100040,100,99265,100,100041,100,99243,100,100043,100,99206,100
2019-06-28 10:00:10.000000000,99684,189,99627,189,99883,186,99580,186,99906,186,99566,186,99915,100,99495,100,100001,100,99494,134,100006,100,99492,100,100027,100,99276,100,100040,100,99265,100,100041,100,99243,100,100043,100,99206,100
2019-06-28 10:00:20.000000000,99684,362,99627,362,99883,100,99580,100,99906,100,99566,100,99915,100,99495,100,100001,100,99494,134,100006,100,99492,100,100027,100,99276,100,100040,100,99265,100,100041,100,99243,100,100043,100,99206,100
2019-06-28 10:00:29.636637812,99684,362,99627,362,99906,100,99580,100,99915,100,99566,200,100001,100,99495,100,100006,100,99494,134,100027,100,99492,100,100040,100,99276,100,100041,100,99265,100,100043,100,99243,100,100044,100,99206,100
2019-06-28 10:00:30.000000000,99684,362,99627,362,99906,100,99580,100,99915,100,99566,200,100001,100,99495,100,100006,100,99494,134,100027,100,99492,100,100040,100,99276,100,100041,100,99265,100,100043,100,99243,100,100044,100,99206,100
2019-06-28 10:00:36.233026164,99684,362,99627,362,99906,100,99580,100,99915,100,99566,200,100001,100,99495,100,100006,100,99494,134,100027,100,99492,100,100040,100,99276,100,100041,100,99265,100,100043,100,99243,100,100044,100,99206,100
2019-06-28 10:00:37.563797105,99684,262,99627,362,99906,100,99580,100,99915,100,99566,200,100001,100,99495,100,100006,100,99494,134,100027,100,99492,100,100040,100,99276,100,100041,100,99265,100,100043,100,99243,100,100044,100,99206,100
2019-06-28 10:00:40.000000000,99906,166,99627,166,99915,166,99580,166,100001,166,99566,266,100006,166,99495,166,100027,100,99494,134,100040,100,99492,100,100041,100,99276,100,100043,100,99265,100,100044,100,99243,100,100069,100,99206,100
2019-06-28 10:00:45.492850523,99906,166,99627,166,99915,166,99580,166,100001,166,99566,266,100006,166,99495,166,100027,100,99494,134,100040,100,99492,100,100041,100,99276,100,100043,100,99265,100,100044,100,99243,100,100069,100,99206,100
2019-06-28 10:00:50.000000000,99906,362,99627,362,99915,100,99580,100,100001,100,99566,200,100006,100,99495,100,100027,100,99494,134,100040,100,99492,100,100041,100,99276,100,100043,100,99265,100,100044,100,99243,100,100069,100,99206,100
2019-06-28 10:00:58.961521026,99906,162,99627,362,99915,100,99580,100,100001,100,99566,200,100006,100,99495,100,100027,100,99494,134,100040,100,99492,100,100041,100,99276,100,100043,100,99265,100,100044,100,99243,100,100069,100,99206,100
2019-06-28 10:01:00.000000000,99915,189,99627,189,100001,186,99580,186,100006,186,99566,286,100027,100,99495,100,100040,100,99494,134,100041,100,99492,100,100043,100,99276,100,100044,100,99265,100,100069,100,99243,100,100310,100,99206,100
2019-06-28 10:01:01.468725337,99915,189,99684,100,100001,186,99627,189,100006,186,99580,186,100027,100,99566,286,100040,100,99494,134,100041,100,99492,100,100043,100,99276,100,100044,100,99265,100,100069,100,99243,100,100310,100,99206,100
2019-06-28 10:01:10.000000000,99915,189,99684,189,100001,186,99627,186,100006,186,99580,186,100027,100,99566,200,100040,100,99494,134,100041,100,99492,100,100043,100,99276,100,100044,100,99265,100,100069,100,99243,100,100310,100,99206,100
2019-06-28 10:01:19.560927900,99882,100,99684,189,99915,189,99627,186,100001,186,99580,186,100006,186,99566,200,100027,100,99494,134,100040,100,99492,100,100041,100,99276,100,100043,100,99265,100,100044,100,99243,100,100069,100,99206,100
2019-06-28 10:01:20.000000000,99882,166,99684,166,99915,166,99627,166,100001,166,99580,166,100006,166,99566,266,100027,100,99494,134,100040,100,99492,100,100041,100,99276,100,100043,100,99265,100,100044,100,99243,100,100069,100,99206,100
2019-06-28 10:01:26.162126187,99882,166,99684,166,99915,166,99627,166,100001,166,99580,166,100006,166,99578,100,100027,100,99566,266,100040,100,99494,134,100043,100,99492,100,100044,100,99276,100,100069,100,99265,100,100310,100,99243,100
2019-06-28 10:01:28.033962468,99882,166,99684,66,99915,166,99627,166,100001,166,99580,166,100006,166,99578,100,100027,100,99566,266,100040,100,99494,134,100043,100,99492,100,100044,100,99276,100,100069,100,99265,100,100310,100,99243,100
2019-06-28 10:01:30.000000000,99882,231,99627,231,99915,231,99580,231,100001,100,99578,100,100006,100,99566,200,100027,100,99494,134,100040,100,99492,100,100043,100,99276,100,100044,100,99265,100,100069,100,99243,100,100310,100,99206,100
2019-06-28 10:01:40.000000000,99882,152,99627,152,99915,152,99580,152,100001,152,99578,152,100006,152,99566,252,100027,152,99494,186,100040,100,99492,100,100043,100,99276,100,100044,100,99265,100,100069,100,99243,100,100310,100,99206,100
2019-06-28 10:01:47.414868443,99881,100,99627,152,99882,152,99580,152,99915,152,99578,152,100001,152,99566,252,100006,152,99494,186,100027,152,99492,100,100040,100,99276,100,100043,100,99265,100,100044,100,99243,100,100069,100,99206,100
2019-06-28 10:01:49.937156624,99881,200,99627,152,99882,152,99580,152,99915,152,99578,152,100001,152,99566,252,100006,152,99494,186,100027,152,99492,100,100040,100,99276,100,100043,100,99265,100,100044,100,99243,100,100069,100,99206,100
2019-06-28 10:01:50.000000000,99881,331,99627,231,99882,231,99580,231,99915,100,99578,100,100001,100,99566,200,100006,100,99494,134,100027,100,99492,100,100040,100,99276,100,100043,100,99265,100,100044,100,99243,100,100069,100,99206,100
2019-06-28 10:01:58.038524151,99881,331,99627,231,99882,231,99580,231,99915,100,99578,100,100001,100,99566,200,100006,100,99494,134,100027,100,99492,100,100040,100,99293,100,100043,100,99276,100,100044,100,99265,100,100069,100,99243,100
2019-06-28 10:02:00.000000000,99881,266,99627,166,99882,166,99580,166,99915,166,99578,166,100001,166,99566,266,100006,100,99494,134,100027,100,99492,100,100040,100,99293,100,100043,100,99276,100,100044,100,99265,100,100069,100,99243,100
2019-06-28 10:02:05.504896252,99881,266,99627,66,99882,166,99580,166,99915,166,99578,166,100001,166,99566,266,100006,100,99494,134,100027,100,99492,100,100040,100,99293,100,100043,100,99276,100,100044,100,99265,100,100069,100,99243,100
2019-06-28 10:02:10.000000000,99881,331,99580,231,99882,231,99578,231,99915,100,99566,200,100001,100,99494,134,100006,100,99492,100,100027,100,99293,100,100040,100,99276,100,100043,100,99265,100,100044,100,99243,100,100069,100,99206,100
2019-06-28 10:02:20.000000000,99881,289,99580,189,99882,186,99578,186,99915,186,99566,286,100001,100,99494,134,100006,100,99492,100,100027,100,99293,100,100040,100,99276,100,100043,100,99265,100,100044,100,99243,100,100069,100,99206,100
2019-06-28 10:02:28.378996892,99881,289,99711,100,99882,186,99580,189,99915,186,99578,186,100001,100,99566,286,100006,100,99494,134,100027,100,99492,100,100040,100,99276,100,100043,100,99265,100,100044,100,99243,100,100069,100,99206,100
2019-06-28 10:02:30.000000000,99881,331,99711,231,99882,231,99580,231,99915,100,99578,100,100001,100,99566,200,100006,100,99494,134,100027,100,99492,100,100040,100,99276,100,100043,100,99265,100,100044,100,99243,100,100069,100,99206,100
2019-06-28 10:02:31.402750775,99881,331,99711,231,99882,231,99580,231,99915,100,99578,100,100001,100,99566,200,100006,100,99494,100,100027,100,99492,100,100040,100,99451,100,100043,100,99276,100,100044,100,99265,100,100069,100,99243,100
2019-06-28 10:02:38.555259489,99881,331,99711,231,99882,231,99580,231,99915,100,99578,100,100001,100,99566,200,100006,100,99502,100,100027,100,99494,100,100040,100,99492,100,100043,100,99451,100,100044,100,99276,100,100069,100,99265,100
2019-06-28 10:02:39.530875564,99881,331,99711,131,99882,231,99580,231,99915,100,99578,100,100001,100,99566,200,100006,100,99502,100,100027,100,99494,100,100040,100,99492,100,100043,100,99451,100,100044,100,99276,100,100069,100,99265,100
2019-06-28 10:02:40.000000000,99881,252,99580,152,99882,152,99578,152,99915,152,99566,252,100001,152,99502,152,100006,152,99494,152,100027,100,99492,100,100040,100,99451,100,100043,100,99276,100,100044,100,99265,100,100069,100,99243,100
2019-06-28 10:02:46.510265414,99881,252,99580,152,99882,152,99578,152,99915,152,99566,252,100001,152,99502,152,100006,152,99494,152,100027,100,99451,100,100040,100,99276,100,100043,100,99265,100,100044,100,99243,100,100069,100,99206,100
2019-06-28 10:02:50.000000000,99881,289,99580,189,99882,186,99578,186,99915,186,99566,286,100001,100,99502,100,100006,100,99494,100,100027,100,99451,100,100040,100,99276,100,100043,100,99265,100,100044,100,99243,100,100069,100,99206,100
2019-06-28 10:03:00.000000000,99881,252,99580,152,99882,152,99578,152,99915,152,99566,252,100001,152,99502,152,100006,152,99494,152,100027,100,99451,100,100040,100,99276,100,100043,100,99265,100,100044,100,99243,100,100069,100,99206,100
2019-06-28 10:03:10.000000000,99881,331,99580,231,99882,231,99578,231,99915,100,99566,200,100001,100,99502,100,100006,100,99494,100,100027,100,99451,100,100040,100,99276,100,100043,100,99265,100,100044,100,99243,100,100069,100,99206,100
2019-06-28 10:03:20.000000000,99881,252,99580,152,99882,152,99578,152,99915,152,99566,252,100001,152,99502,152,100006,152,99494,152,100027,100,99451,100,100040,100,99276,100,100043,100,99265,100,100044,100,99243,100,100069,100,99206,100
2019-06-28 10:03:25.925124296,99711,100,99580,152,99881,252,99578,152,99882,152,99566,252,99915,152,99502,152,100001,152,99494,52,100006,152,99451,100,100027,100,99276,100,100040,100,99265,100,100043,100,99243,100,100044,100,99206,100
2019-06-28 10:03:29.812974783,99711,100,99580,152,99881,252,99578,152,99882,152,99566,252,99915,152,99502,152,100001,152,99494,52,100006,152,99451,100,100027,100,99276,100,100040,100,99265,100,100043,100,99243,100,100044,100,99206,100
2019-06-28 10:03:30.000000000,99711,231,99580,231,99881,331,99578,231,99882,100,99566,200,99915,100,99502,100,100001,100,99451,100,100006,100,99276,100,100027,100,99265,100,100040,100,99243,100,100043,100,99206,100,100044,100,99142,100
2019-06-28 10:03:40.000000000,99711,231,99580,231,99881,331,99578,231,99882,100,99566,200,99915,100,99502,100,100001,100,99451,100,100006,100,99276,100,100027,100,99265,100,100040,100,99243,100,100043,100,99206,100,100044,100,99142,100
2019-06-28 10:03:49.581247145,99711,231,99580,131,99881,331,99578,231,99882,100,99566,200,99915,100,99502,100,100001,100,99451,100,100006,100,99276,100,100027,100,99265,100,100040,100,99243,100,100043,100,99206,100,100044,100,99142,100
2019-06-28 10:03:50.000000000,99711,152,99578,152,99881,252,99566,252,99882,152,99502,152,99915,152,99451,152,100001,152,99276,152,100006,100,99265,100,100027,100,99243,100,100040,100,99206,100,100043,100,99142,100,100044,100,99137,100
2019-06-28 10:04:00.000000000,99711,152,99578,152,99881,252,99566,252,99882,152,99502,152,99915,152,99451,152,100001,152,99276,152,100006,100,99265,100,100027,100,99243,100,100040,100,99206,100,100043,100,99142,100,100044,100,99137,100
2019-06-28 10:04:01.473641846,99711,152,99578,52,99881,252,99566,252,99882,152,99502,152,99915,152,99451,152,100001,152,99276,152,100006,100,99265,100,100027,100,99243,100,100040,100,99142,100,100043,100,99137,100,100044,100,99103,100
2019-06-28 10:04:08.071364181,99578,48,99566,252,99711,152,99502,152,99881,252,99451,152,99882,152,99276,152,99915,152,99265,100,100001,152,99243,100,100006,100,99142,100,100027,100,99137,100,100040,100,99103,100,100043,100,98777,100
2019-06-28 10:04:10.000000000,99578,310,99566,462,99711,100,99502,100,99881,200,99451,100,99882,100,99276,100,99915,100,99265,100,100001,100,99243,100,100006,100,99142,100,100027,100,99137,100,100040,100,99103,100,100043,100,98777,100
2019-06-28 10:04:12.983327721,99578,310,99566,462,99711,100,99502,100,99881,200,99451,100,99882,100,99283,100,99915,100,99276,100,100001,100,99265,100,100006,100,99243,100,100027,100,99142,100,100040,100,99137,100,100043,100,99103,100
2019-06-28 10:04:19.668110559,99578,310,99566,462,99711,100,99502,100,99881,200,99487,100,99882,100,99451,100,99915,100,99283,100,100001,100,99276,100,100006,100,99265,100,100027,100,99243,100,100040,100,99142,100,100043,100,99137,100
2019-06-28 10:04:20.000000000,99578,100,99566,252,99711,152,99502,152,99881,252,99487,152,99882,152,99451,152,99915,152,99283,152,100001,100,99276,100,100006,100,99265,100,100027,100,99243,100,100040,100,99142,100,100043,100,99137,100
2019-06-28 10:04:22.033731321,99578,200,99566,252,99711,152,99502,152,99881,252,99487,152,99882,152,99451,152,99915,152,99283,152,100001,100,99276,100,100006,100,99265,100,100027,100,99243,100,100040,100,99142,100,100043,100,99137,100
2019-06-28 10:04:30.000000000,99578,200,99566,252,99711,152,99502,152,99881,252,99487,152,99882,152,99451,152,99915,152,99283,152,100001,100,99276,100,100006,100,99265,100,100027,100,99243,100,100040,100,99142,100,100043,100,99137,100
2019-06-28 10:04:40.000000000,99578,214,99566,266,99711,166,99502,166,99881,266,99487,166,99882,166,99451,166,99915,100,99283,100,100001,100,99276,100,100006,100,99265,100,100027,100,99243,100,100040,100,99142,100,100043,100,99137,100
2019-06-28 10:04:50.000000000,99578,279,99566,331,99711,231,99502,231,99881,200,99487,100,99882,100,99451,100,99915,100,99283,100,100001,100,99276,100,100006,100,99265,100,100027,100,99243,100,100040,100,99142,100,100043,100,99137,100
2019-06-28 10:05:00.000000000,99578,237,99566,289,99711,186,99502,186,99881,286,99487,186,99882,100,99451,100,99915,100,99283,100,100001,100,99276,100,100006,100,99265,100,100027,100,99243,100,100040,100,99142,100,100043,100,99137,100
2019-06-28 10:05:10.000000000,99578,237,99566,289,99711,186,99502,186,99881,286,99487,186,99882,100,99451,100,99915,100,99283,100,100001,100,99276,100,100006,100,99265,100,100027,100,99243,100,100040,100,99142,100,100043,100,99137,100
2019-06-28 10:05:14.827407988,99578,137,99566,289,99711,186,99502,186,99881,286,99487,186,99882,100,99451,100,99915,100,99283,100,100001,100,99276,100,100006,100,99265,100,100027,100,99243,100,100040,100,99142,100,100043,100,99137,100
2019-06-28 10:05:18.935434289,99578,137,99566,289,99711,186,99502,186,99881,286,99487,186,99882,100,99451,100,99915,100,99283,100,100001,100,99276,100,100006,100,99265,100,100025,100,99243,100,100027,100,99142,100,100040,100,99137,100
2019-06-28 10:05:20.000000000,99578,137,99566,289,99711,186,99502,186,99881,286,99487,186,99882,100,99451,100,99915,100,99283,100,100001,100,99276,100,100006,100,99265,100,100025,100,99243,100,100027,100,99142,100,100040,100,99137,100
2019-06-28 10:05:24.433088478,99578,137,99566,289,99711,186,99539,100,99881,286,99502,186,99882,100,99487,186,99915,100,99451,100,100001,100,99283,100,100006,100,99276,100,100025,100,99265,100,100027,100,99243,100,100040,100,99142,100
2019-06-28 10:05:30.000000000,99578,179,99566,331,99711,231,99539,231,99881,200,99502,100,99882,100,99487,100,99915,100,99451,100,100001,100,99283,100,100006,100,99276,100,100025,100,99265,100,100027,100,99243,100,100040,100,99142,100
2019-06-28 10:05:40.000000000,99578,310,99566,462,99711,100,99539,100,99881,200,99502,100,99882,100,99487,100,99915,100,99451,100,100001,100,99283,100,100006,100,99276,100,100025,100,99265,100,100027,100,99243,100,100040,100,99142,100
2019-06-28 10:05:50.000000000,99578,310,99566,462,99711,100,99539,100,99881,200,99502,100,99882,100,99487,100,99915,100,99451,100,100001,100,99283,100,100006,100,99276,100,100025,100,99265,100,100027,100,99243,100,100040,100,99142,100
2019-06-28 10:06:00.000000000,99578,310,99566,462,99711,100,99539,100,99881,200,99502,100,99882,100,99487,100,99915,100,99451,100,100001,100,99283,100,100006,100,99276,100,100025,100,99265,100,100027,100,99243,100,100040,100,99142,100
2019-06-28 10:06:10.000000000,99578,100,99566,252,99711,152,99539,152,99881,252,99502,152,99882,152,99487,152,99915,152,99451,152,100001,100,99283,100,100006,100,99276,100,100025,100,99265,100,100027,100,99243,100,100040,100,99142,100
2019-06-28 10:06:20.000000000,99578,100,99566,252,99711,152,99539,152,99881,252,99502,152,99882,152,99487,152,99915,152,99451,152,100001,100,99283,100,100006,100,99276,100,100025,100,99265,100,100027,100,99243,100,100040,100,99142,100
2019-06-28 10:06:29.719088833,99578,100,99566,252,99711,152,99552,100,99881,252,99539,152,99882,152,99502,152,99915,152,99487,152,100001,100,99451,152,100006,100,99283,100,100025,100,99276,100,100027,100,99265,100,100040,100,99243,100
2019-06-28 10:06:30.000000000,99578,179,99566,331,99711,231,99552,231,99881,200,99539,100,99882,100,99502,100,99915,100,99487,100,100001,100,99451,100,100006,100,99283,100,100025,100,99276,100,100027,100,99265,100,100040,100,99243,100
2019-06-28 10:06:40.000000000,99578,100,99566,252,99711,152,99552,152,99881,252,99539,152,99882,152,99502,152,99915,152,99487,152,100001,100,99451,100,100006,100,99283,100,100025,100,99276,100,100027,100,99265,100,100040,100,99243,100
2019-06-28 10:06:43.246548708,99711,152,99566,252,99881,252,99552,152,99882,152,99539,152,99915,152,99502,152,100001,100,99487,152,100006,100,99451,100,100025,100,99283,100,100027,100,99276,100,100040,100,99265,100,100043,100,99243,100
2019-06-28 10:06:45.449245883,99711,152,99566,252,99746,100,99552,152,99881,252,99539,152,99882,152,99502,152,99915,152,99487,152,100001,100,99451,100,100006,100,99283,100,100025,100,99276,100,100027,100,99265,100,100040,100,99243,100
2019-06-28 10:06:50.000000000,99711,166,99566,266,99746,166,99552,166,99881,266,99539,166,99882,166,99502,166,99915,100,99487,100,100001,100,99451,100,100006,100,99283,100,100025,100,99276,100,100027,100,99265,100,100040,100,99243,100
2019-06-28 10:07:00.000000000,99711,189,99566,289,99746,186,99552,186,99881,286,99539,186,99882,100,99502,100,99915,100,99487,100,100001,100,99451,100,100006,100,99283,100,100025,100,99276,100,100027,100,99265,100,100040,100,99243,100
2019-06-28 10:07:07.393846894,99711,189,99706,100,99746,186,99566,289,99881,286,99552,186,99882,100,99539,86,99915,100,99502,100,100001,100,99487,100,100006,100,99451,100,100025,100,99283,100,100027,100,99276,100,100040,100,99265,100
2019-06-28 10:07:07.850699310,99711,89,99706,100,99746,186,99566,289,99881,286,99552,186,99882,100,99539,86,99915,100,99502,100,100001,100,99487,100,100006,100,99451,100,100025,100,99283,100,100027,100,99276,100,100040,100,99265,100
2019-06-28 10:07:10.000000000,99746,189,99706,189,99881,286,99566,286,99882,186,99552,186,99915,100,99502,100,100001,100,99487,100,100006,100,99451,100,100025,100,99283,100,100027,100,99276,100,100040,100,99265,100,100043,100,99243,100
2019-06-28 10:07:20.000000000,99746,152,99706,152,99881,252,99566,252,99882,152,99552,152,99915,152,99502,152,100001,152,99487,152,100006,100,99451,100,100025,100,99283,100,100027,100,99276,100,100040,100,99265,100,100043,100,99243,100
2019-06-28 10:07:30.000000000,99746,166,99706,166,99881,266,99566,266,99882,166,99552,166,99915,166,99502,166,100001,100,99487,100,100006,100,99451,100,100025,100,99283,100,100027,100,99276,100,100040,100,99265,100,100043,100,99243,100
2019-06-28 10:07:37.096194476,99746,166,99706,166,99881,266,99566,266,99882,166,99552,166,99915,166,99502,166,99992,100,99487,100,100001,100,99451,100,100006,100,99283,100,100025,100,99276,100,100027,100,99265,100,100040,100,99243,100
2019-06-28 10:07:40.000000000,99746,189,99706,189,99881,286,99566,286,99882,186,99552,186,99915,100,99502,100,99992,100,99487,100,100001,100,99451,100,100006,100,99283,100,100025,100,99276,100,100027,100,99265,100,100040,100,99243,100
2019-06-28 10:07:50.000000000,99746,152,99706,152,99881,252,99566,252,99882,152,99552,152,99915,152,99502,152,99992,152,99487,152,100001,100,99451,100,100006,100,99283,100,100025,100,99276,100,100027,100,99265,100,100040,100,99243,100
2019-06-28 10:08:00.000000000,99746,189,99706,189,99881,286,99566,286,99882,186,99552,186,99915,100,99502,100,99992,100,99487,100,100001,100,99451,100,100006,100,99283,100,100025,100,99276,100,100027,100,99265,100,100040,100,99243,100
2019-06-28 10:08:05.429972281,99746,189,99706,89,99881,286,99566,286,99882,186,99552,186,99915,100,99502,100,99992,100,99487,100,100001,100,99451,100,100006,100,99283,100,100025,100,99276,100,100027,100,99265,100,100040,100,99243,100
2019-06-28 10:08:10.000000000,99746,231,99566,331,99881,331,99552,231,99882,100,99502,100,99915,100,99487,100,99992,100,99451,100,100001,100,99283,100,100006,100,99276,100,100025,100,99265,100,100027,100,99243,100,100040,100,99142,100
2019-06-28 10:08:20.000000000,99746,189,99566,289,99881,286,99552,186,99882,186,99502,186,99915,100,99487,100,99992,100,99451,100,100001,100,99283,100,100006,100,99276,100,100025,100,99265,100,100027,100,99243,100,100040,100,99142,100
2019-06-28 10:08:20.992338610,99746,189,99566,289,99881,286,99552,186,99882,186,99502,186,99915,100,99487,100,99992,100,99451,100,100001,100,99323,100,100006,100,99283,100,100025,100,99276,100,100027,100,99265,100,100040,100,99243,100
2019-06-28 10:08:30.000000000,99746,231,99566,331,99881,331,99552,231,99882,100,99502,100,99915,100,99487,100,99992,100,99451,100,100001,100,99323,100,100006,100,99283,100,100025,100,99276,100,100027,100,99265,100,100040,100,99243,100
2019-06-28 10:08:34.651287619,99571,100,99566,331,99746,231,99552,231,99881,331,99502,100,99882,100,99487,100,99915,100,99451,100,99992,100,99323,100,100001,100,99283,100,100006,100,99276,100,100025,100,99265,100,100027,100,99243,100
2019-06-28 10:08:40.000000000,99571,362,99566,462,99746,100,99552,100,99881,200,99502,100,99882,100,99487,100,99915,100,99451,100,99992,100,99323,100,100001,100,99283,100,100006,100,99276,100,100025,100,99265,100,100027,100,99243,100
2019-06-28 10:08:50.000000000,99571,189,99566,289,99746,186,99552,186,99881,286,99502,186,99882,100,99487,100,99915,100,99451,100,99992,100,99323,100,100001,100,99283,100,100006,100,99276,100,100025,100,99265,100,100027,100,99243,100
2019-06-28 10:09:00.000000000,99571,231,99566,331,99746,231,99552,231,99881,200,99502,100,99882,100,99487,100,99915,100,99451,100,99992,100,99323,100,100001,100,99283,100,100006,100,99276,100,100025,100,99265,100,100027,100,99243,100
