,ask_price_1,ask_size_1,bid_price_1,bid_size_1,ask_price_2,ask_size_2,bid_price_2,bid_size_2,ask_price_3,ask_size_3,bid_price_3,bid_size_3,ask_price_4,ask_size_4,bid_price_4,bid_size_4,ask_price_5,ask_size_5,bid_price_5,bid_size_5,ask_price_6,ask_size_6,bid_price_6,bid_size_6,ask_price_7,ask_size_7,bid_price_7,bid_size_7,ask_price_8,ask_size_8,bid_price_8,bid_size_8,ask_price_9,ask_size_9,bid_price_9,bid_size_9,ask_price_10,ask_size_10,bid_price_10,bid_size_10
2019-06-28 09:30:00.000000003,100233,100,99904,100,,,99896,100,,,,,,,,,,,,,,,,,,,,,,,,,,,,,,,,
2019-06-28 09:30:00.000000004,100093,100,99904,100,100233,100,99896,100,,,,,,,,,,,,,,,,,,,,,,,,,,,,,,,,
2019-06-28 09:30:00.000000005,100093,100,99904,200,100233,100,99896,100,,,,,,,,,,,,,,,,,,,,,,,,,,,,,,,,
2019-06-28 09:30:00.000000009,100093,100,99904,200,100160,100,99896,100,100233,100,,,,,,,,,,,,,,,,,,,,,,,,,,,,,,
2019-06-28 09:30:00.000000010,100093,100,99904,300,100160,100,99896,100,100233,100,,,,,,,,,,,,,,,,,,,,,,,,,,,,,,
2019-06-28 09:30:00.000000011,100093,100,99976,100,100160,100,99904,300,100233,100,99896,100,,,,,,,,,,,,,,,,,,,,,,,,,,,,
2019-06-28 09:30:00.000000012,100093,100,99976,100,100120,100,99947,100,100160,100,99904,300,100233,100,99896,100,,,,,,,,,,,,,,,,,,,,,,,,
2019-06-28 09:30:00.000000013,100093,100,99947,100,100120,100,99904,300,100160,100,99896,100,100233,100,,,,,,,,,,,,,,,,,,,,,,,,,,
2019-06-28 09:30:00.000000014,100060,100,99947,100,100093,100,99904,300,100120,100,99896,100,100160,100,,,100233,100,,,,,,,,,,,,,,,,,,,,,,
2019-06-28 09:30:00.000000015,99976,100,99947,100,100017,100,99931,100,100060,100,99904,300,100093,100,99896,100,100120,100,,,100160,100,,,100233,100,,,,,,,,,,,,,,
2019-06-28 09:30:00.000000019,100017,100,99947,100,100060,100,99931,100,100093,100,99904,300,100120,100,99896,100,100160,100,,,100233,100,,,,,,,,,,,,,,,,,,
2019-06-28 09:30:00.000000020,100017,100,99947,100,100060,100,99931,100,100093,100,99904,300,100120,100,99896,100,100160,100,99877,100,100233,100,,,,,,,,,,,,,,,,,,
2019-06-28 09:30:00.000000025,100034,100,99947,100,100060,100,99931,100,100093,100,99904,300,100120,100,99896,100,100160,100,99877,100,100233,100,,,,,,,,,,,,,,,,,,
2019-06-28 09:30:00.000000026,100017,100,99947,100,100034,100,99931,100,100060,100,99904,300,100093,100,99896,100,100120,100,99877,100,100160,100,,,100233,100,,,,,,,,,,,,,,
2019-06-28 09:30:00.000000028,100017,100,99976,100,100034,100,99947,100,100060,100,99931,100,100093,100,99904,300,100120,100,99896,100,100160,100,99877,100,100233,100,,,,,,,,,,,,,,
2019-06-28 09:30:00.000000030,100017,100,99998,100,100034,100,99976,100,100060,100,99947,100,100093,100,99931,100,100120,100,99904,300,100160,100,99896,100,100233,100,99877,100,,,99793,100,,,,,,,,
2019-06-28 09:30:00.000000034,100017,100,99998,100,100034,100,99976,100,100060,100,99947,100,100093,100,99931,100,100120,100,99909,100,100160,100,99904,300,100233,100,99896,100,,,99877,100,,,99793,100,,,,
2019-06-28 09:30:00.000000035,100034,100,99998,100,100060,100,99976,100,100093,100,99947,100,100120,100,99931,100,100160,100,99909,100,100233,100,99904,300,,,99896,100,,,99877,100,,,99793,100,,,,
2019-06-28 09:30:00.000000038,100017,100,99998,100,100034,100,99976,100,100060,100,99947,100,100093,100,99931,100,100120,100,99909,100,100160,100,99904,300,100233,100,99896,100,,,99877,100,,,99811,100,,,99793,100
2019-06-28 09:30:00.000000042,100017,100,99998,100,100034,100,99976,100,100060,100,99947,100,100093,100,99945,100,100120,100,99931,100,100160,100,99909,100,100233,100,99904,300,,,99896,100,,,99877,100,,,99811,100
2019-06-28 09:30:00.000000043,100017,100,99998,100,100034,100,99976,100,100060,100,99947,100,100093,100,99945,100,100120,100,99931,100,100160,100,99909,100,100233,100,99904,300,,,99896,100,,,99877,100,,,99847,100
2019-06-28 09:30:00.000000044,100017,100,99976,100,100034,100,99947,100,100060,100,99945,100,100093,100,99931,100,100120,100,99909,100,100160,100,99904,300,100233,100,99896,100,,,99877,100,,,99847,100,,,99811,100
2019-06-28 09:30:00.000000048,100016,100,99976,100,100017,100,99947,100,100034,100,99945,100,100060,100,99931,100,100093,100,99909,100,100120,100,99904,300,100160,100,99896,100,100233,100,99877,100,,,99847,100,,,99811,100
2019-06-28 09:30:00.000000051,100016,100,99976,100,100017,100,99947,100,100034,100,99945,100,100059,100,99931,100,100060,100,99909,100,100093,100,99904,300,100120,100,99896,100,100160,100,99877,100,100233,100,99847,100,,,99811,100
2019-06-28 09:30:00.000000054,100016,200,99976,100,100017,100,99947,100,100034,100,99945,100,100059,100,99931,100,100060,100,99927,100,100080,100,99909,100,100093,100,99904,300,100120,100,99896,100,100160,100,99883,100,100233,100,99877,100
2019-06-28 09:30:00.000000057,100016,200,99976,100,100017,100,99971,100,100034,100,99947,100,100059,100,99945,100,100060,100,99931,100,100080,100,99927,100,100093,100,99909,100,100120,100,99904,300,100160,100,99896,100,100233,100,99883,100
2019-06-28 09:30:00.000000058,100016,100,99976,100,100017,100,99971,100,100034,100,99947,100,100059,100,99945,100,100060,100,99931,100,100080,100,99927,100,100093,100,99909,100,100120,100,99904,300,100160,100,99896,100,100233,100,99883,100
2019-06-28 09:30:00.000000061,100016,100,99971,100,100017,100,99947,100,100034,100,99945,100,100059,100,99931,100,100060,100,99927,100,100080,100,99909,100,100093,100,99904,300,100120,100,99896,100,100160,100,99883,100,100233,100,99877,100
2019-06-28 09:30:00.000000064,100016,100,99971,100,100017,100,99947,100,100034,100,99945,100,100059,100,99931,100,100060,100,99927,100,100080,100,99925,100,100093,100,99909,100,100120,100,99904,300,100160,100,99896,100,100233,100,99883,100
2019-06-28 09:30:00.000000067,100015,100,99971,100,100016,100,99947,100,100017,100,99945,100,100034,100,99931,100,100042,100,99927,100,100059,100,99925,100,100060,100,99909,100,100080,100,99904,300,100093,100,99896,100,100120,100,99883,100
2019-06-28 09:30:00.000000068,100015,100,99971,100,100016,100,99947,100,100017,100,99945,100,100034,100,99931,100,100042,100,99927,100,100059,100,99925,100,100060,100,99909,100,100080,100,99904,300,100093,100,99896,100,100102,100,99883,100
2019-06-28 09:30:00.000000071,100015,100,99971,100,100016,100,99947,100,100017,100,99945,100,100034,100,99931,100,100042,100,99927,100,100059,100,99925,100,100060,100,99909,100,100066,100,99904,300,100080,100,99896,100,100093,100,99883,100
2019-06-28 09:30:00.000000075,100015,100,99947,100,100016,100,99945,100,100017,100,99931,100,100034,100,99927,100,100042,100,99925,100,100059,100,99909,100,100060,100,99904,300,100066,100,99896,100,100080,100,99883,100,100093,100,99877,100
2019-06-28 09:30:00.000000076,99996,100,99971,100,100015,100,99947,100,100016,100,99945,100,100017,100,99931,100,100034,100,99927,100,100042,100,99925,100,100059,100,99909,100,100060,100,99904,300,100066,100,99896,100,100080,100,99883,100
2019-06-28 09:30:00.000000077,99996,100,99971,100,100015,100,99947,100,100016,100,99945,100,100017,100,99931,100,100034,100,99927,100,100042,100,99925,100,100059,100,99913,100,100060,100,99909,100,100066,100,99904,300,100080,100,99896,100
2019-06-28 09:30:00.000000080,99996,100,99971,100,100015,100,99947,100,100016,100,99945,100,100017,100,99931,100,100022,100,99927,100,100034,100,99925,100,100042,100,99913,100,100059,100,99909,100,100060,100,99904,300,100066,100,99896,100
2019-06-28 09:30:00.000000081,99996,100,99971,100,100015,100,99947,100,100016,100,99945,100,100017,100,99931,100,100022,100,99927,100,100034,100,99925,100,100042,100,99913,100,100059,100,99909,100,100060,100,99904,300,100066,100,99896,100
2019-06-28 09:30:00.000000083,99996,100,99947,100,100015,100,99945,100,100016,100,99931,100,100017,100,99927,100,100022,100,99925,100,100034,100,99913,100,100042,100,99909,100,100059,100,99904,300,100060,100,99896,100,100066,100,99891,100
2019-06-28 09:30:00.000000084,99971,100,99947,100,99996,100,99945,100,100015,100,99931,100,100016,100,99927,100,100017,100,99925,100,100022,100,99913,100,100034,100,99909,100,100042,100,99904,300,100059,100,99896,100,100060,100,99891,100
2019-06-28 09:30:00.000000085,99971,100,99947,100,99996,100,99945,100,100015,100,99931,100,100016,100,99927,100,100017,100,99925,100,100022,100,99913,100,100034,100,99909,100,100042,100,99904,300,100059,100,99896,100,100060,100,99891,100
2019-06-28 09:30:00.000000087,99971,100,99947,100,99996,100,99945,100,100015,100,99934,100,100016,100,99931,100,100017,100,99927,100,100022,100,99925,100,100034,100,99913,100,100042,100,99909,100,100059,100,99904,300,100060,100,99896,100
2019-06-28 09:30:00.000000091,99971,100,99947,100,99996,100,99945,100,100015,100,99937,100,100016,100,99934,100,100017,100,99931,100,100022,100,99927,100,100034,100,99925,100,100042,100,99913,100,100059,100,99909,100,100060,100,99904,300
2019-06-28 09:30:00.000000093,99971,100,99947,100,99996,100,99945,100,100015,100,99937,100,100016,100,99934,100,100017,100,99931,100,100022,100,99927,100,100034,100,99925,100,100042,100,99913,100,100059,100,99909,100,100060,100,99904,300
2019-06-28 09:30:00.000000095,99996,100,99947,100,100015,100,99945,100,100016,100,99937,100,100017,100,99934,100,100022,100,99931,100,100034,100,99927,100,100042,100,99925,100,100059,100,99913,100,100060,100,99909,100,100066,100,99904,300
2019-06-28 09:30:00.000000097,99996,100,99971,100,100015,100,99947,100,100016,100,99945,100,100017,100,99937,100,100022,100,99934,100,100034,100,99933,100,100042,100,99931,100,100059,100,99927,100,100060,100,99925,100,100066,100,99913,100
2019-06-28 09:30:00.000000098,99996,100,99971,100,100015,100,99947,100,100016,100,99945,100,100017,100,99937,100,100022,100,99934,100,100034,100,99933,100,100042,100,99931,100,100059,100,99927,100,100060,100,99925,100,100066,100,99913,100
2019-06-28 09:30:00.000000099,99996,100,99971,100,100012,100,99947,100,100015,100,99945,100,100016,100,99937,100,100017,100,99934,100,100022,100,99933,100,100034,100,99931,100,100042,100,99927,100,100059,100,99925,100,100060,100,99913,100
2019-06-28 09:30:10.000000000,99996,184,99971,184,100012,184,99947,184,100015,184,99945,184,100016,184,99937,184,100017,100,99934,100,100022,100,99933,100,100034,100,99931,100,100042,100,99927,100,100059,100,99925,100,100060,100,99913,100
2019-06-28 09:30:14.255400584,99996,184,99971,184,100012,184,99947,184,100015,184,99945,184,100016,184,99937,184,100017,100,99934,100,100022,100,99933,100,100034,100,99931,100,100042,100,99927,100,100059,100,99925,100,100060,100,99913,200
2019-06-28 09:30:20.000000000,99996,168,99971,168,100012,168,99947,168,100015,168,99945,168,100016,168,99937,168,100017,168,99934,168,100022,100,99933,100,100034,100,99931,100,100042,100,99927,100,100059,100,99925,100,100060,100,99913,200
2019-06-28 09:30:30.000000000,99996,168,99971,168,100012,168,99947,168,100015,168,99945,168,100016,168,99937,168,100017,168,99934,168,100022,100,99933,100,100034,100,99931,100,100042,100,99927,100,100059,100,99925,100,100060,100,99913,200
2019-06-28 09:30:40.000000000,99996,184,99971,184,100012,184,99947,184,100015,184,99945,184,100016,184,99937,184,100017,100,99934,100,100022,100,99933,100,100034,100,99931,100,100042,100,99927,100,100059,100,99925,100,100060,100,99913,200
2019-06-28 09:30:50.000000000,99996,168,99971,168,100012,168,99947,168,100015,168,99945,168,100016,168,99937,168,100017,168,99934,168,100022,100,99933,100,100034,100,99931,100,100042,100,99927,100,100059,100,99925,100,100060,100,99913,200
2019-06-28 09:30:51.023479636,99996,168,99971,168,100012,168,99947,168,100015,168,99945,168,100016,168,99937,168,100017,168,99934,168,100022,100,99933,100,100034,100,99931,100,100042,100,99927,100,100059,100,99925,100,100060,100,99913,200
2019-06-28 09:31:00.000000000,99996,438,99971,438,100012,100,99947,100,100015,100,99945,100,100016,100,99937,100,100017,100,99934,100,100022,100,99933,100,100034,100,99931,100,100042,100,99927,100,100059,100,99925,100,100060,100,99913,200
2019-06-28 09:31:10.000000000,99996,215,99971,215,100012,212,99947,212,100015,212,99945,212,100016,100,99937,100,100017,100,99934,100,100022,100,99933,100,100034,100,99931,100,100042,100,99927,100,100059,100,99925,100,100060,100,99913,200
2019-06-28 09:31:20.000000000,99996,438,99971,438,100012,100,99947,100,100015,100,99945,100,100016,100,99937,100,100017,100,99934,100,100022,100,99933,100,100034,100,99931,100,100042,100,99927,100,100059,100,99925,100,100060,100,99913,200
2019-06-28 09:31:22.865077262,99996,338,99971,438,100012,100,99947,100,100015,100,99945,100,100016,100,99937,100,100017,100,99934,100,100022,100,99933,100,100034,100,99931,100,100042,100,99927,100,100059,100,99925,100,100060,100,99913,200
2019-06-28 09:31:30.000000000,100012,438,99971,438,100015,100,99947,100,100016,100,99945,100,100017,100,99937,100,100022,100,99934,100,100034,100,99933,100,100042,100,99931,100,100059,100,99927,100,100060,100,99925,100,100066,100,99913,200
2019-06-28 09:31:40.000000000,100012,168,99971,168,100015,168,99947,168,100016,168,99945,168,100017,168,99937,168,100022,168,99934,168,100034,100,99933,100,100042,100,99931,100,100059,100,99927,100,100060,100,99925,100,100066,100,99913,200
2019-06-28 09:31:50.000000000,100012,215,99971,215,100015,212,99947,212,100016,212,99945,212,100017,100,99937,100,100022,100,99934,100,100034,100,99933,100,100042,100,99931,100,100059,100,99927,100,100060,100,99925,100,100066,100,99913,200
2019-06-28 09:32:00.000000000,100012,168,99971,168,100015,168,99947,168,100016,168,99945,168,100017,168,99937,168,100022,168,99934,168,100034,100,99933,100,100042,100,99931,100,100059,100,99927,100,100060,100,99925,100,100066,100,99913,200
2019-06-28 09:32:10.000000000,100012,184,99971,184,100015,184,99947,184,100016,184,99945,184,100017,184,99937,184,100022,100,99934,100,100034,100,99933,100,100042,100,99931,100,100059,100,99927,100,100060,100,99925,100,100066,100,99913,200
2019-06-28 09:32:20.000000000,100012,168,99971,168,100015,168,99947,168,100016,168,99945,168,100017,168,99937,168,100022,168,99934,168,100034,100,99933,100,100042,100,99931,100,100059,100,99927,100,100060,100,99925,100,100066,100,99913,200
2019-06-28 09:32:21.646069673,100012,168,99971,168,100015,168,99947,168,100016,168,99945,168,100017,68,99937,168,100022,168,99934,168,100034,100,99933,100,100042,100,99931,100,100059,100,99927,100,100060,100,99925,100,100066,100,99913,200
2019-06-28 09:32:27.206489713,100012,168,99971,68,100015,168,99947,168,100016,168,99945,168,100017,68,99937,168,100022,168,99934,168,100034,100,99933,100,100042,100,99931,100,100059,100,99927,100,100060,100,99925,100,100066,100,99913,200
2019-06-28 09:32:30.000000000,100012,184,99947,184,100015,184,99945,184,100016,184,99937,184,100022,184,99934,184,100034,100,99933,100,100042,100,99931,100,100059,100,99927,100,100060,100,99925,100,100066,100,99913,200,100080,100,99909,100
2019-06-28 09:32:40.000000000,100012,168,99947,168,100015,168,99945,168,100016,168,99937,168,100022,168,99934,168,100034,168,99933,168,100042,100,99931,100,100059,100,99927,100,100060,100,99925,100,100066,100,99913,200,100080,100,99909,100
2019-06-28 09:32:50.000000000,100012,438,99947,438,100015,100,99945,100,100016,100,99937,100,100022,100,99934,100,100034,100,99933,100,100042,100,99931,100,100059,100,99927,100,100060,100,99925,100,100066,100,99913,200,100080,100,99909,100
2019-06-28 09:33:00.000000000,100012,215,99947,215,100015,212,99945,212,100016,212,99937,212,100022,100,99934,100,100034,100,99933,100,100042,100,99931,100,100059,100,99927,100,100060,100,99925,100,100066,100,99913,200,100080,100,99909,100
2019-06-28 09:33:10.000000000,100012,168,99947,168,100015,168,99945,168,100016,168,99937,168,100022,168,99934,168,100034,168,99933,168,100042,100,99931,100,100059,100,99927,100,100060,100,99925,100,100066,100,99913,200,100080,100,99909,100
2019-06-28 09:33:19.705637066,99995,100,99947,168,100012,168,99945,168,100015,68,99937,168,100016,168,99934,168,100022,168,99933,168,100034,168,99931,100,100042,100,99927,100,100059,100,99925,100,100060,100,99913,200,100066,100,99909,100
2019-06-28 09:33:20.000000000,99995,269,99947,269,100012,269,99945,269,100016,100,99937,100,100022,100,99934,100,100034,100,99933,100,100042,100,99931,100,100059,100,99927,100,100060,100,99925,100,100066,100,99913,200,100080,100,99909,100
2019-06-28 09:33:30.000000000,99995,215,99947,215,100012,212,99945,212,100016,212,99937,212,100022,100,99934,100,100034,100,99933,100,100042,100,99931,100,100059,100,99927,100,100060,100,99925,100,100066,100,99913,200,100080,100,99909,100
2019-06-28 09:33:40.000000000,99995,269,99947,269,100012,269,99945,269,100016,100,99937,100,100022,100,99934,100,100034,100,99933,100,100042,100,99931,100,100059,100,99927,100,100060,100,99925,100,100066,100,99913,200,100080,100,99909,100
2019-06-28 09:33:43.007761557,99995,269,99947,269,100012,269,99945,269,100016,100,99937,100,100022,100,99934,100,100034,100,99933,100,100042,100,99931,100,100059,100,99927,100,100060,100,99925,100,100066,100,99913,200,100080,100,99909,100
2019-06-28 09:33:50.000000000,99995,184,99947,184,100012,184,99945,184,100016,184,99937,184,100022,184,99934,184,100034,100,99933,100,100042,100,99931,100,100059,100,99927,100,100060,100,99925,100,100066,100,99913,200,100080,100,99909,100
2019-06-28 09:33:50.748992342,99995,184,99947,84,100012,184,99945,184,100016,184,99937,184,100022,184,99934,184,100034,100,99933,100,100042,100,99931,100,100059,100,99927,100,100060,100,99925,100,100066,100,99913,100,100080,100,99909,100
2019-06-28 09:33:52.085316778,99995,184,99947,84,100012,184,99945,184,100016,184,99937,184,100022,184,99934,184,100034,100,99933,100,100042,100,99927,100,100059,100,99925,100,100060,100,99913,100,100066,100,99909,100,100080,100,99904,300
2019-06-28 09:34:00.000000000,99995,438,99945,438,100012,100,99937,100,100016,100,99934,100,100022,100,99933,100,100034,100,99927,100,100042,100,99925,100,100059,100,99913,100,100060,100,99909,100,100066,100,99904,300,100080,100,99896,100
2019-06-28 09:34:10.000000000,99995,215,99945,215,100012,212,99937,212,100016,212,99934,212,100022,100,99933,100,100034,100,99927,100,100042,100,99925,100,100059,100,99913,100,100060,100,99909,100,100066,100,99904,300,100080,100,99896,100
2019-06-28 09:34:20.000000000,99995,438,99945,438,100012,100,99937,100,100016,100,99934,100,100022,100,99933,100,100034,100,99927,100,100042,100,99925,100,100059,100,99913,100,100060,100,99909,100,100066,100,99904,300,100080,100,99896,100
2019-06-28 09:34:30.000000000,99995,438,99945,438,100012,100,99937,100,100016,100,99934,100,100022,100,99933,100,100034,100,99927,100,100042,100,99925,100,100059,100,99913,100,100060,100,99909,100,100066,100,99904,300,100080,100,99896,100
2019-06-28 09:34:40.000000000,99995,184,99945,184,100012,184,99937,184,100016,184,99934,184,100022,184,99933,184,100034,100,99927,100,100042,100,99925,100,100059,100,99913,100,100060,100,99909,100,100066,100,99904,300,100080,100,99896,100
2019-06-28 09:34:43.688140598,99995,184,99945,84,100012,184,99937,184,100016,184,99934,184,100022,184,99933,184,100034,100,99927,100,100042,100,99925,100,100059,100,99913,100,100060,100,99909,100,100066,100,99904,300,100080,100,99896,100
2019-06-28 09:34:50.000000000,99995,215,99937,215,100012,212,99934,212,100016,212,99933,212,100022,100,99927,100,100034,100,99925,100,100042,100,99913,100,100059,100,99909,100,100060,100,99904,300,100066,100,99896,100,100080,100,99891,100
2019-06-28 09:34:52.681671452,99954,100,99937,215,99995,215,99934,212,100012,212,99933,212,100016,212,99927,100,100022,100,99925,100,100034,100,99913,100,100042,100,99909,100,100059,100,99904,300,100060,100,99896,100,100066,100,99891,100
2019-06-28 09:35:00.000000000,99954,438,99937,438,99995,100,99934,100,100012,100,99933,100,100016,100,99927,100,100022,100,99925,100,100034,100,99913,100,100042,100,99909,100,100059,100,99904,300,100060,100,99896,100,100066,100,99891,100
2019-06-28 09:35:10.000000000,99954,269,99937,269,99995,269,99934,269,100012,100,99933,100,100016,100,99927,100,100022,100,99925,100,100034,100,99913,100,100042,100,99909,100,100059,100,99904,300,100060,100,99896,100,100066,100,99891,100
2019-06-28 09:35:19.868414089,99954,269,99937,269,99995,269,99934,269,100012,100,99933,100,100016,100,99927,100,100022,100,99925,100,100034,100,99913,100,100042,100,99909,100,100059,100,99904,200,100060,100,99896,100,100066,100,99891,100
2019-06-28 09:35:20.000000000,99954,215,99937,215,99995,212,99934,212,100012,212,99933,212,100016,100,99927,100,100022,100,99925,100,100034,100,99913,100,100042,100,99909,100,100059,100,99904,200,100060,100,99896,100,100066,100,99891,100
2019-06-28 09:35:27.937742992,99947,100,99937,215,99954,215,99934,212,99995,212,99933,212,100012,212,99927,100,100016,100,99925,100,100022,100,99913,100,100034,100,99909,100,100042,100,99904,200,100059,100,99896,100,100060,100,99891,100
2019-06-28 09:35:30.000000000,99947,269,99937,269,99954,269,99934,269,99995,100,99933,100,100012,100,99927,100,100016,100,99925,100,100022,100,99913,100,100034,100,99909,100,100042,100,99904,200,100059,100,99896,100,100060,100,99891,100
2019-06-28 09:35:40.000000000,99947,168,99937,168,99954,168,99934,168,99995,168,99933,168,100012,168,99927,168,100016,168,99925,168,100022,100,99913,100,100034,100,99909,100,100042,100,99904,200,100059,100,99896,100,100060,100,99891,100
2019-06-28 09:35:50.000000000,99947,215,99937,215,99954,212,99934,212,99995,212,99933,212,100012,100,99927,100,100016,100,99925,100,100022,100,99913,100,100034,100,99909,100,100042,100,99904,200,100059,100,99896,100,100060,100,99891,100
2019-06-28 09:35:52.756762551,99947,315,99937,215,99954,212,99934,212,99995,212,99933,212,100012,100,99927,100,100016,100,99925,100,100022,100,99913,100,100034,100,99909,100,100042,100,99904,200,100059,100,99896,100,100060,100,99891,100
2019-06-28 09:35:54.464153288,99947,315,99937,115,99954,212,99934,212,99995,212,99933,212,100012,100,99927,100,100016,100,99925,100,100022,100,99913,100,100034,100,99909,100,100042,100,99904,200,100059,100,99896,100,100060,100,99891,100
2019-06-28 09:35:56.782778835,99947,315,99937,115,99954,212,99934,212,99995,212,99933,212,100012,100,99927,100,100016,100,99925,100,100022,100,99913,100,100034,100,99909,100,100042,100,99904,200,100059,100,99896,100,100060,100,99891,100
2019-06-28 09:36:00.000000000,99947,268,99934,168,99954,168,99933,168,99995,168,99927,168,100012,168,99925,168,100016,168,99913,168,100022,100,99909,100,100034,100,99904,200,100042,100,99896,100,100059,100,99891,100,100060,100,99883,100
2019-06-28 09:36:01.939859450,99945,100,99934,168,99947,268,99933,168,99954,168,99927,168,99995,168,99925,168,100012,168,99913,168,100016,168,99909,100,100022,100,99904,200,100034,100,99896,100,100042,100,99891,100,100059,100,99883,100
2019-06-28 09:36:10.000000000,99945,438,99934,438,99947,200,99933,100,99954,100,99927,100,99995,100,99925,100,100012,100,99913,100,100016,100,99909,100,100022,100,99904,200,100034,100,99896,100,100042,100,99891,100,100059,100,99883,100
2019-06-28 09:36:20.000000000,99945,168,99934,168,99947,268,99933,168,99954,168,99927,168,99995,168,99925,168,100012,168,99913,168,100016,100,99909,100,100022,100,99904,200,100034,100,99896,100,100042,100,99891,100,100059,100,99883,100
2019-06-28 09:36:22.613496316,99945,168,99934,168,99947,268,99933,168,99954,168,99927,168,99995,168,99925,168,100012,168,99913,168,100016,100,99909,100,100022,100,99904,200,100034,100,99896,100,100042,100,99891,100,100059,100,99883,100
2019-06-28 09:36:28.741529955,99945,168,99934,168,99947,268,99933,168,99954,168,99927,168,99995,168,99925,168,100012,168,99913,168,100016,100,99909,100,100022,100,99904,200,100034,100,99896,100,100042,100,99891,100,100059,100,99883,100
2019-06-28 09:36:30.000000000,99945,269,99934,269,99947,369,99933,269,99954,100,99927,100,99995,100,99925,100,100012,100,99913,100,100016,100,99909,100,100022,100,99904,200,100034,100,99896,100,100042,100,99891,100,100059,100,99883,100
2019-06-28 09:36:30.355855422,99945,369,99934,269,99947,369,99933,269,99954,100,99927,100,99995,100,99925,100,100012,100,99913,100,100016,100,99909,100,100022,100,99904,200,100034,100,99896,100,100042,100,99891,100,100059,100,99883,100
2019-06-28 09:36:40.000000000,99945,369,99934,269,99947,369,99933,269,99954,100,99927,100,99995,100,99925,100,100012,100,99913,100,100016,100,99909,100,100022,100,99904,200,100034,100,99896,100,100042,100,99891,100,100059,100,99883,100
2019-06-28 09:36:50.000000000,99945,315,99934,215,99947,312,99933,212,99954,212,99927,212,99995,100,99925,100,100012,100,99913,100,100016,100,99909,100,100022,100,99904,200,100034,100,99896,100,100042,100,99891,100,100059,100,99883,100
2019-06-28 09:37:00.000000000,99945,538,99934,438,99947,200,99933,100,99954,100,99927,100,99995,100,99925,100,100012,100,99913,100,100016,100,99909,100,100022,100,99904,200,100034,100,99896,100,100042,100,99891,100,100059,100,99883,100
2019-06-28 09:37:01.436115456,99945,538,99934,438,99947,200,99933,100,99954,100,99927,100,99995,100,99925,100,100012,100,99913,100,100016,100,99909,100,100022,100,99904,200,100042,100,99896,100,100059,100,99891,100,100060,100,99883,100
2019-06-28 09:37:02.664672075,99945,538,99934,338,99947,200,99933,100,99954,100,99927,100,99995,100,99925,100,100012,100,99913,100,100016,100,99909,100,100022,100,99904,200,100042,100,99896,100,100059,100,99891,100,100060,100,99883,100
2019-06-28 09:37:02.848567452,99945,538,99934,338,99947,200,99933,100,99954,100,99927,100,99995,100,99925,100,100012,100,99913,100,100016,100,99909,100,100022,100,99904,200,100042,100,99896,100,100059,100,99891,100,100060,100,99883,100
2019-06-28 09:37:04.910380965,99945,538,99934,238,99947,200,99933,100,99954,100,99927,100,99995,100,99925,100,100012,100,99913,100,100016,100,99909,100,100022,100,99904,200,100042,100,99896,100,100059,100,99891,100,100060,100,99883,100
2019-06-28 09:37:10.000000000,99945,284,99933,184,99947,284,99927,184,99954,184,99925,184,99995,184,99913,184,100012,100,99909,100,100016,100,99904,200,100022,100,99896,100,100042,100,99891,100,100059,100,99883,100,100060,100,99871,100
2019-06-28 09:37:20.000000000,99945,268,99933,168,99947,268,99927,168,99954,168,99925,168,99995,168,99913,168,100012,168,99909,168,100016,100,99904,200,100022,100,99896,100,100042,100,99891,100,100059,100,99883,100,100060,100,99871,100
2019-06-28 09:37:30.000000000,99945,284,99933,184,99947,284,99927,184,99954,184,99925,184,99995,184,99913,184,100012,100,99909,100,100016,100,99904,200,100022,100,99896,100,100042,100,99891,100,100059,100,99883,100,100060,100,99871,100
2019-06-28 09:37:40.000000000,99945,538,99933,438,99947,200,99927,100,99954,100,99925,100,99995,100,99913,100,100012,100,99909,100,100016,100,99904,200,100022,100,99896,100,100042,100,99891,100,100059,100,99883,100,100060,100,99871,100
2019-06-28 09:37:46.276379139,99945,538,99933,438,99947,100,99927,100,99954,100,99925,100,99995,100,99913,100,100012,100,99909,100,100016,100,99904,200,100022,100,99896,100,100042,100,99891,100,100059,100,99883,100,100060,100,99871,100
2019-06-28 09:37:50.000000000,99945,538,99933,438,99947,100,99927,100,99954,100,99925,100,99995,100,99913,100,100012,100,99909,100,100016,100,99904,200,100022,100,99896,100,100042,100,99891,100,100059,100,99883,100,100060,100,99871,100
2019-06-28 09:38:00.000000000,99945,538,99933,438,99947,100,99927,100,99954,100,99925,100,99995,100,99913,100,100012,100,99909,100,100016,100,99904,200,100022,100,99896,100,100042,100,99891,100,100059,100,99883,100,100060,100,99871,100
2019-06-28 09:38:03.326817719,99945,538,99933,438,99947,100,99927,100,99954,100,99925,100,99995,100,99913,100,100012,100,99909,100,100016,100,99904,200,100022,100,99896,100,100042,100,99891,100,100059,100,99883,100,100060,100,99871,100
2019-06-28 09:38:08.281178100,99945,538,99933,438,99947,100,99927,100,99954,100,99925,100,99995,100,99913,100,100012,100,99909,100,100016,100,99904,200,100022,100,99896,100,100032,100,99891,100,100042,100,99883,100,100059,100,99871,100
2019-06-28 09:38:08.293669301,99945,538,99933,438,99947,100,99927,100,99954,100,99925,100,99995,100,99913,100,100012,100,99909,100,100016,100,99904,200,100022,100,99896,100,100032,100,99891,100,100042,100,99883,100,100059,100,99871,100
2019-06-28 09:38:10.000000000,99945,284,99933,184,99947,184,99927,184,99954,184,99925,184,99995,184,99913,184,100012,100,99909,100,100016,100,99904,200,100022,100,99896,100,100032,100,99891,100,100042,100,99883,100,100059,100,99871,100
2019-06-28 09:38:16.088234922,99945,184,99933,184,99947,184,99927,184,99954,184,99925,184,99995,184,99913,184,100012,100,99909,100,100016,100,99904,200,100022,100,99896,100,100032,100,99891,100,100042,100,99883,100,100059,100,99871,100
2019-06-28 09:38:20.000000000,99945,168,99933,168,99947,168,99927,168,99954,168,99925,168,99995,168,99913,168,100012,168,99909,168,100016,100,99904,200,100022,100,99896,100,100032,100,99891,100,100042,100,99883,100,100059,100,99871,100
2019-06-28 09:38:21.861334447,99945,68,99933,168,99947,168,99927,168,99954,168,99925,168,99995,168,99913,168,100012,168,99909,168,100016,100,99904,200,100022,100,99896,100,100032,100,99891,100,100042,100,99883,100,100059,100,99871,100
2019-06-28 09:38:23.655763443,99945,68,99933,168,99947,168,99927,168,99954,168,99925,168,99978,100,99913,168,99995,168,99909,168,100012,168,99904,200,100016,100,99896,100,100022,100,99891,100,100032,100,99883,100,100042,100,99871,100
2019-06-28 09:38:30.000000000,99947,184,99933,184,99954,184,99927,184,99978,184,99925,184,99995,184,99913,184,100012,100,99909,100,100016,100,99904,200,100022,100,99896,100,100032,100,99891,100,100042,100,99883,100,100059,100,99871,100
2019-06-28 09:38:30.005758877,99947,184,99934,100,99954,184,99933,184,99978,184,99927,184,99995,184,99925,184,100012,100,99913,184,100016,100,99909,100,100022,100,99904,200,100032,100,99896,100,100042,100,99891,100,100059,100,99883,100
2019-06-28 09:38:35.875906151,99947,184,99934,200,99954,184,99933,184,99978,184,99927,184,99995,184,99925,184,100012,100,99913,184,100016,100,99909,100,100022,100,99904,100,100032,100,99896,100,100042,100,99891,100,100059,100,99883,100
2019-06-28 09:38:40.000000000,99947,168,99934,268,99954,168,99933,168,99978,168,99927,168,99995,168,99925,168,100012,168,99913,168,100016,100,99909,100,100022,100,99904,100,100032,100,99896,100,100042,100,99891,100,100059,100,99883,100
2019-06-28 09:38:49.409947080,99947,68,99934,268,99954,168,99933,168,99978,168,99927,168,99995,168,99925,168,100012,168,99913,168,100016,100,99909,100,100022,100,99904,100,100032,100,99896,100,100042,100,99891,100,100059,100,99883,100
2019-06-28 09:38:50.000000000,99954,168,99934,268,99978,168,99933,168,99995,168,99927,168,100012,168,99925,168,100016,168,99913,168,100022,100,99909,100,100032,100,99904,100,100042,100,99896,100,100059,100,99891,100,100066,100,99883,100
2019-06-28 09:39:00.000000000,99954,168,99934,268,99978,168,99933,168,99995,168,99927,168,100012,168,99925,168,100016,168,99913,168,100022,100,99909,100,100032,100,99904,100,100042,100,99896,100,100059,100,99891,100,100066,100,99883,100
2019-06-28 09:39:10.000000000,99954,168,99934,268,99978,168,99933,168,99995,168,99927,168,100012,168,99925,168,100016,168,99913,168,100022,100,99909,100,100032,100,99904,100,100042,100,99896,100,100059,100,99891,100,100066,100,99883,100
2019-06-28 09:39:20.000000000,99954,438,99934,538,99978,100,99933,100,99995,100,99927,100,100012,100,99925,100,100016,100,99913,100,100022,100,99909,100,100032,100,99904,100,100042,100,99896,100,100059,100,99891,100,100066,100,99883,100
2019-06-28 09:39:30.000000000,99954,215,99934,315,99978,212,99933,212,99995,212,99927,212,100012,100,99925,100,100016,100,99913,100,100022,100,99909,100,100032,100,99904,100,100042,100,99896,100,100059,100,99891,100,100066,100,99883,100
2019-06-28 09:39:40.000000000,99954,269,99934,369,99978,269,99933,269,99995,100,99927,100,100012,100,99925,100,100016,100,99913,100,100022,100,99909,100,100032,100,99904,100,100042,100,99896,100,100059,100,99891,100,100066,100,99883,100
2019-06-28 09:39:50.000000000,99954,269,99934,369,99978,269,99933,269,99995,100,99927,100,100012,100,99925,100,100016,100,99913,100,100022,100,99909,100,100032,100,99904,100,100042,100,99896,100,100059,100,99891,100,100066,100,99883,100
2019-06-28 09:39:56.282885822,99954,269,99934,369,99978,269,99933,269,99995,100,99927,100,100012,100,99925,100,100016,100,99913,100,100022,100,99912,100,100032,100,99909,100,100042,100,99904,100,100059,100,99891,100,100066,100,99883,100
2019-06-28 09:40:00.000000000,99954,269,99934,369,99978,269,99933,269,99995,100,99927,100,100012,100,99925,100,100016,100,99913,100,100022,100,99912,100,100032,100,99909,100,100042,100,99904,100,100059,100,99891,100,100066,100,99883,100
2019-06-28 09:40:10.000000000,99954,184,99934,284,99978,184,99933,184,99995,184,99927,184,100012,184,99925,184,100016,100,99913,100,100022,100,99912,100,100032,100,99909,100,100042,100,99904,100,100059,100,99891,100,100066,100,99883,100
2019-06-28 09:40:10.245913841,99944,100,99934,284,99954,184,99933,184,99978,184,99927,184,99995,184,99925,184,100012,184,99913,100,100022,100,99912,100,100032,100,99909,100,100042,100,99904,100,100059,100,99891,100,100066,100,99883,100
2019-06-28 09:40:11.616088056,99944,100,99934,184,99954,184,99933,184,99978,184,99927,184,99995,184,99925,184,100012,184,99913,100,100022,100,99912,100,100032,100,99909,100,100042,100,99904,100,100059,100,99891,100,100066,100,99883,100
2019-06-28 09:40:11.699118281,99944,100,99934,84,99954,184,99933,184,99978,184,99927,184,99995,184,99925,184,100012,184,99913,100,100022,100,99912,100,100032,100,99909,100,100042,100,99904,100,100059,100,99891,100,100066,100,99883,100
2019-06-28 09:40:20.000000000,99944,168,99933,168,99954,168,99927,168,99978,168,99925,168,99995,168,99913,168,100012,168,99912,168,100022,100,99909,100,100032,100,99904,100,100042,100,99891,100,100059,100,99883,100,100066,100,99871,100
2019-06-28 09:40:25.552297336,99944,168,99933,168,99954,168,99927,168,99978,168,99925,168,99995,68,99913,168,100012,168,99912,168,100022,100,99909,100,100032,100,99904,100,100042,100,99891,100,100059,100,99883,100,100066,100,99871,100
2019-06-28 09:40:30.000000000,99944,438,99933,438,99954,100,99927,100,99978,100,99925,100,100012,100,99913,100,100022,100,99912,100,100032,100,99909,100,100042,100,99904,100,100059,100,99891,100,100066,100,99883,100,100080,100,99871,100
2019-06-28 09:40:37.705481680,99944,438,99933,338,99954,100,99927,100,99978,100,99925,100,100012,100,99913,100,100022,100,99912,100,100032,100,99909,100,100042,100,99904,100,100059,100,99891,100,100066,100,99883,100,100080,100,99871,100
2019-06-28 09:40:40.000000000,99944,168,99927,168,99954,168,99925,168,99978,168,99913,168,100012,168,99912,168,100022,168,99909,168,100032,100,99904,100,100042,100,99891,100,100059,100,99883,100,100066,100,99871,100,100080,100,99847,100
2019-06-28 09:40:50.000000000,99944,168,99927,168,99954,168,99925,168,99978,168,99913,168,100012,168,99912,168,100022,168,99909,168,100032,100,99904,100,100042,100,99891,100,100059,100,99883,100,100066,100,99871,100,100080,100,99847,100
2019-06-28 09:40:55.081874607,99944,168,99927,168,99954,168,99925,168,99978,168,99913,168,100012,168,99912,168,100022,168,99909,68,100032,100,99904,100,100042,100,99891,100,100059,100,99883,100,100066,100,99871,100,100080,100,99847,100
2019-06-28 09:41:00.000000000,99944,438,99927,438,99954,100,99925,100,99978,100,99913,100,100012,100,99912,100,100022,100,99904,100,100032,100,99891,100,100042,100,99883,100,100059,100,99871,100,100066,100,99847,100,100080,100,99838,100
2019-06-28 09:41:07.588695964,99934,100,99927,438,99944,438,99925,100,99954,100,99913,100,99978,100,99912,100,100012,100,99904,100,100022,100,99891,100,100032,100,99883,100,100042,100,99871,100,100059,100,99847,100,100066,100,99838,100
2019-06-28 09:41:09.722596686,99934,100,99927,438,99944,438,99925,100,99954,100,99913,100,99978,100,99912,100,100012,100,99904,100,100022,100,99891,100,100032,100,99883,100,100042,100,99871,100,100059,100,99847,100,100066,100,99838,100
2019-06-28 09:41:10.000000000,99934,438,99927,438,99944,100,99925,100,99954,100,99913,100,99978,100,99912,100,100012,100,99904,100,100022,100,99891,100,100032,100,99883,100,100042,100,99871,100,100059,100,99847,100,100066,100,99838,100
2019-06-28 09:41:20.000000000,99934,269,99927,269,99944,269,99925,269,99954,100,99913,100,99978,100,99912,100,100012,100,99904,100,100022,100,99891,100,100032,100,99883,100,100042,100,99871,100,100059,100,99847,100,100066,100,99838,100
2019-06-28 09:41:21.979399243,99934,269,99927,169,99944,269,99925,269,99954,100,99913,100,99978,100,99912,100,100012,100,99904,100,100022,100,99891,100,100032,100,99883,100,100042,100,99871,100,100059,100,99847,100,100066,100,99755,100
2019-06-28 09:41:30.000000000,99934,438,99925,438,99944,100,99913,100,99954,100,99912,100,99978,100,99904,100,100012,100,99891,100,100022,100,99883,100,100032,100,99871,100,100042,100,99847,100,100059,100,99755,100,100066,100,99727,100
2019-06-28 09:41:40.000000000,99934,184,99925,184,99944,184,99913,184,99954,184,99912,184,99978,184,99904,184,100012,100,99891,100,100022,100,99883,100,100032,100,99871,100,100042,100,99847,100,100059,100,99755,100,100066,100,99727,100
2019-06-28 09:41:50.000000000,99934,215,99925,215,99944,212,99913,212,99954,212,99912,212,99978,100,99904,100,100012,100,99891,100,100022,100,99883,100,100032,100,99871,100,100042,100,99847,100,100059,100,99755,100,100066,100,99727,100
2019-06-28 09:41:50.438386988,99934,215,99925,215,99944,212,99913,212,99954,212,99912,212,99978,100,99904,100,100012,100,99891,100,100022,100,99871,100,100032,100,99847,100,100042,100,99755,100,100059,100,99727,100,100066,100,99714,100
2019-06-28 09:41:51.343020970,99934,115,99925,215,99944,212,99913,212,99954,212,99912,212,99978,100,99904,100,100012,100,99891,100,100022,100,99871,100,100032,100,99847,100,100042,100,99755,100,100059,100,99727,100,100066,100,99714,100
2019-06-28 09:42:00.000000000,99944,184,99925,184,99954,184,99913,184,99978,184,99912,184,100012,184,99904,184,100022,100,99891,100,100032,100,99871,100,100042,100,99847,100,100059,100,99755,100,100066,100,99727,100,100080,100,99714,100
2019-06-28 09:42:08.021382072,99944,184,99925,184,99954,184,99913,184,99978,184,99912,184,100012,184,99904,184,100022,100,99891,100,100032,100,99871,100,100042,100,99847,100,100059,100,99755,100,100066,100,99727,100,100080,100,99714,100
2019-06-28 09:42:10.000000000,99944,438,99925,438,99954,100,99913,100,99978,100,99912,100,100012,100,99904,100,100022,100,99891,100,100032,100,99871,100,100042,100,99847,100,100059,100,99755,100,100066,100,99727,100,100080,100,99714,100
2019-06-28 09:42:20.000000000,99944,168,99925,168,99954,168,99913,168,99978,168,99912,168,100012,168,99904,168,100022,168,99891,168,100032,100,99871,100,100042,100,99847,100,100059,100,99755,100,100066,100,99727,100,100080,100,99714,100
2019-06-28 09:42:30.000000000,99944,215,99925,215,99954,212,99913,212,99978,212,99912,212,100012,100,99904,100,100022,100,99891,100,100032,100,99871,100,100042,100,99847,100,100059,100,99755,100,100066,100,99727,100,100080,100,99714,100
2019-06-28 09:42:40.000000000,99944,215,99925,215,99954,212,99913,212,99978,212,99912,212,100012,100,99904,100,100022,100,99891,100,100032,100,99871,100,100042,100,99847,100,100059,100,99755,100,100066,100,99727,100,100080,100,99714,100
2019-06-28 09:42:50.000000000,99944,269,99925,269,99954,269,99913,269,99978,100,99912,100,100012,100,99904,100,100022,100,99891,100,100032,100,99871,100,100042,100,99847,100,100059,100,99755,100,100066,100,99727,100,100080,100,99714,100
2019-06-28 09:42:54.917231369,99944,169,99925,269,99954,269,99913,269,99978,100,99912,100,100012,100,99904,100,100032,100,99891,100,100042,100,99871,100,100059,100,99847,100,100066,100,99755,100,100080,100,99727,100,100102,100,99714,100
2019-06-28 09:43:00.000000000,99954,269,99925,269,99978,269,99913,269,100012,100,99912,100,100032,100,99904,100,100042,100,99891,100,100059,100,99871,100,100066,100,99847,100,100080,100,99755,100,100102,100,99727,100,100233,100,99714,100
2019-06-28 09:43:10.000000000,99954,184,99925,184,99978,184,99913,184,100012,184,99912,184,100032,184,99904,184,100042,100,99891,100,100059,100,99871,100,100066,100,99847,100,100080,100,99755,100,100102,100,99727,100,100233,100,99714,100
2019-06-28 09:43:20.000000000,99954,184,99925,184,99978,184,99913,184,100012,184,99912,184,100032,184,99904,184,100042,100,99891,100,100059,100,99871,100,100066,100,99847,100,100080,100,99755,100,100102,100,99727,100,100233,100,99714,100
2019-06-28 09:43:30.000000000,99954,438,99925,438,99978,100,99913,100,100012,100,99912,100,100032,100,99904,100,100042,100,99891,100,100059,100,99871,100,100066,100,99847,100,100080,100,99755,100,100102,100,99727,100,100233,100,99714,100
2019-06-28 09:43:31.760132680,99954,438,99925,338,99978,100,99913,100,100012,100,99912,100,100032,100,99904,100,100042,100,99891,100,100059,100,99871,100,100066,100,99847,100,100080,100,99755,100,100102,100,99727,100,100233,100,99714,100
2019-06-28 09:43:40.000000000,99954,215,99913,215,99978,212,99912,212,100012,212,99904,212,100032,100,99891,100,100042,100,99871,100,100059,100,99847,100,100066,100,99755,100,100080,100,99727,100,100102,100,99714,100,100233,100,99668,100
2019-06-28 09:43:49.558152728,99954,115,99913,215,99978,212,99912,212,100012,212,99904,212,100032,100,99891,100,100042,100,99871,100,100059,100,99847,100,100066,100,99755,100,100080,100,99727,100,100102,100,99714,100,100233,100,99668,100
2019-06-28 09:43:50.000000000,99978,215,99913,215,100012,212,99912,212,100032,212,99904,212,100042,100,99891,100,100059,100,99871,100,100066,100,99847,100,100080,100,99755,100,100102,100,99727,100,100233,100,99714,100,100252,100,99668,100
2019-06-28 09:43:53.582911790,99978,115,99913,215,100012,212,99912,212,100032,212,99904,212,100042,100,99891,100,100059,100,99871,100,100066,100,99847,100,100080,100,99755,100,100233,100,99727,100,100252,100,99714,100,100334,100,99668,100
2019-06-28 09:44:00.000000000,100012,184,99913,184,100032,184,99912,184,100042,184,99904,184,100059,184,99891,184,100066,100,99871,100,100080,100,99847,100,100233,100,99755,100,100252,100,99727,100,100334,100,99714,100,100349,100,99668,100
2019-06-28 09:44:07.204277111,100012,84,99913,184,100032,184,99912,184,100042,84,99904,184,100059,184,99891,184,100066,100,99871,100,100080,100,99847,100,100233,100,99755,100,100252,100,99727,100,100334,100,99714,100,100349,100,99668,100
2019-06-28 09:44:10.000000000,100032,438,99913,438,100059,100,99912,100,100066,100,99904,100,100080,100,99891,100,100233,100,99871,100,100252,100,99847,100,100334,100,99755,100,100349,100,99727,100,100430,100,99714,100,101090,100,99668,100
2019-06-28 09:44:20.000000000,100032,438,99913,438,100059,100,99912,100,100066,100,99904,100,100080,100,99891,100,100233,100,99871,100,100252,100,99847,100,100334,100,99755,100,100349,100,99727,100,100430,100,99714,100,101090,100,99668,100
2019-06-28 09:44:30.000000000,100032,184,99913,184,100059,184,99912,184,100066,184,99904,184,100080,184,99891,184,100233,100,99871,100,100252,100,99847,100,100334,100,99755,100,100349,100,99727,100,100430,100,99714,100,101090,100,99668,100
2019-06-28 09:44:40.000000000,100032,215,99913,215,100059,212,99912,212,100066,212,99904,212,100080,100,99891,100,100233,100,99871,100,100252,100,99847,100,100334,100,99755,100,100349,100,99727,100,100430,100,99714,100,101090,100,99668,100
2019-06-28 09:44:46.371964914,100032,115,99913,215,100059,212,99912,112,100066,212,99904,212,100080,100,99891,100,100233,100,99871,100,100252,100,99847,100,100334,100,99755,100,100349,100,99727,100,100430,100,99714,100,101090,100,99668,100
2019-06-28 09:44:50.000000000,100059,438,99913,438,100066,100,99904,100,100080,100,99891,100,100233,100,99871,100,100252,100,99847,100,100334,100,99755,100,100349,100,99727,100,100430,100,99714,100,101090,100,99668,100,,,99628,100
2019-06-28 09:44:58.977881703,100059,438,99913,438,100066,100,99904,100,100080,100,99891,100,100233,100,99871,100,100252,100,99847,100,100334,100,99755,100,100349,100,99714,100,100430,100,99668,100,101090,100,99628,100,101185,100,99540,100
2019-06-28 09:45:00.000000000,100059,168,99913,168,100066,168,99904,168,100080,168,99891,168,100233,168,99871,168,100252,168,99847,168,100334,100,99755,100,100349,100,99714,100,100430,100,99668,100,101090,100,99628,100,101185,100,99540,100
2019-06-28 09:45:01.507719226,100059,168,100012,100,100066,168,99913,168,100080,168,99904,168,100233,168,99891,168,100252,168,99871,168,100334,100,99847,168,100349,100,99755,100,100430,100,99714,100,101090,100,99668,100,101185,100,99628,100
2019-06-28 09:45:10.000000000,100059,438,100012,438,100066,100,99913,100,100080,100,99904,100,100233,100,99891,100,100252,100,99871,100,100334,100,99847,100,100349,100,99755,100,100430,100,99714,100,101090,100,99668,100,101185,100,99628,100
2019-06-28 09:45:20.000000000,100059,269,100012,269,100066,269,99913,269,100080,100,99904,100,100233,100,99891,100,100252,100,99871,100,100334,100,99847,100,100349,100,99755,100,100430,100,99714,100,101090,100,99668,100,101185,100,99628,100
2019-06-28 09:45:30.000000000,100059,168,100012,168,100066,168,99913,168,100080,168,99904,168,100233,168,99891,168,100252,168,99871,168,100334,100,99847,100,100349,100,99755,100,100430,100,99714,100,101090,100,99668,100,101185,100,99628,100
2019-06-28 09:45:35.067296696,100059,168,100012,168,100066,168,99913,168,100080,168,99904,168,100233,168,99891,168,100252,168,99871,168,100334,100,99847,100,100349,100,99755,100,100411,100,99714,100,100430,100,99668,100,101090,100,99628,100
2019-06-28 09:45:40.000000000,100059,168,100012,168,100066,168,99913,168,100080,168,99904,168,100233,168,99891,168,100252,168,99871,168,100334,100,99847,100,100349,100,99755,100,100411,100,99714,100,100430,100,99668,100,101090,100,99628,100
2019-06-28 09:45:50.000000000,100059,269,100012,269,100066,269,99913,269,100080,100,99904,100,100233,100,99891,100,100252,100,99871,100,100334,100,99847,100,100349,100,99755,100,100411,100,99714,100,100430,100,99668,100,101090,100,99628,100
2019-06-28 09:46:00.000000000,100059,269,100012,269,100066,269,99913,269,100080,100,99904,100,100233,100,99891,100,100252,100,99871,100,100334,100,99847,100,100349,100,99755,100,100411,100,99714,100,100430,100,99668,100,101090,100,99628,100
2019-06-28 09:46:01.585071556,100059,169,100012,269,100066,269,99913,269,100080,100,99904,100,100233,100,99891,100,100252,100,99871,100,100334,100,99847,100,100349,100,99755,100,100411,100,99714,100,100430,100,99668,100,101090,100,99628,100
2019-06-28 09:46:02.626790725,100059,69,100012,269,100066,269,99913,269,100080,100,99904,100,100233,100,99891,100,100252,100,99871,100,100334,100,99847,100,100349,100,99755,100,100411,100,99714,100,100430,100,99668,100,101090,100,99628,100
2019-06-28 09:46:03.295146385,100066,269,100059,31,100080,100,100012,269,100233,100,99913,269,100252,100,99904,100,100334,100,99891,100,100349,100,99871,100,100411,100,99847,100,100430,100,99755,100,101090,100,99714,100,101185,100,99668,100
2019-06-28 09:46:10.000000000,100066,184,100059,115,100080,184,100012,184,100233,184,99913,184,100252,184,99904,184,100334,100,99891,100,100349,100,99871,100,100411,100,99847,100,100430,100,99755,100,101090,100,99714,100,101185,100,99668,100
2019-06-28 09:46:20.000000000,100066,168,100059,99,100080,168,100012,168,100233,168,99913,168,100252,168,99904,168,100334,168,99891,168,100349,100,99871,100,100411,100,99847,100,100430,100,99755,100,101090,100,99714,100,101185,100,99668,100
2019-06-28 09:46:26.631060390,100066,68,100059,99,100080,168,100012,168,100233,168,99913,168,100252,168,99904,168,100334,168,99891,168,100349,100,99871,100,100411,100,99847,100,100430,100,99755,100,101090,100,99714,100,,,99668,100
2019-06-28 09:46:30.000000000,100080,184,100059,115,100233,184,100012,184,100252,184,99913,184,100334,184,99904,184,100349,100,99891,100,100411,100,99871,100,100430,100,99847,100,101090,100,99755,100,,,99714,100,,,99668,100
2019-06-28 09:46:30.501739987,100080,184,100059,115,100139,100,100012,184,100233,184,99913,184,100252,184,99904,184,100334,184,99891,100,100349,100,99871,100,100411,100,99847,100,100430,100,99755,100,101090,100,99714,100,,,99668,100
2019-06-28 09:46:40.000000000,100080,184,100059,115,100139,184,100012,184,100233,184,99913,184,100252,184,99904,184,100334,100,99891,100,100349,100,99871,100,100411,100,99847,100,100430,100,99755,100,101090,100,99714,100,,,99668,100
2019-06-28 09:46:41.775858827,100080,184,100059,115,100139,184,100012,184,100233,184,99913,184,100252,184,99904,184,100268,100,99891,100,100334,100,99871,100,100349,100,99847,100,100411,100,99755,100,100430,100,99714,100,101090,100,99668,100
2019-06-28 09:46:50.000000000,100080,438,100059,369,100139,100,100012,100,100233,100,99913,100,100252,100,99904,100,100268,100,99891,100,100334,100,99871,100,100349,100,99847,100,100411,100,99755,100,100430,100,99714,100,101090,100,99668,100
2019-06-28 09:46:58.268495943,100080,438,100059,269,100139,100,100012,100,100233,100,99913,100,100252,100,99904,100,100268,100,99891,100,100334,100,99871,100,100349,100,99847,100,100411,100,99755,100,100430,100,99714,100,101090,100,99668,100
2019-06-28 09:47:00.000000000,100080,438,100012,438,100139,100,99913,100,100233,100,99904,100,100252,100,99891,100,100268,100,99871,100,100334,100,99847,100,100349,100,99755,100,100411,100,99714,100,100430,100,99668,100,101090,100,99628,100
2019-06-28 09:47:10.000000000,100080,438,100012,438,100139,100,99913,100,100233,100,99904,100,100252,100,99891,100,100268,100,99871,100,100334,100,99847,100,100349,100,99755,100,100411,100,99714,100,100430,100,99668,100,101090,100,99628,100
2019-06-28 09:47:20.000000000,100080,438,100012,438,100139,100,99913,100,100233,100,99904,100,100252,100,99891,100,100268,100,99871,100,100334,100,99847,100,100349,100,99755,100,100411,100,99714,100,100430,100,99668,100,101090,100,99628,100
2019-06-28 09:47:30.000000000,100080,215,100012,215,100139,212,99913,212,100233,212,99904,212,100252,100,99891,100,100268,100,99871,100,100334,100,99847,100,100349,100,99755,100,100411,100,99714,100,100430,100,99668,100,101090,100,99628,100
2019-06-28 09:47:31.717716494,100080,215,100012,215,100139,212,99913,212,100233,212,99904,212,100252,100,99891,100,100268,100,99871,100,100334,100,99847,100,100349,100,99837,100,100411,100,99755,100,100430,100,99714,100,101090,100,99668,100
2019-06-28 09:47:40.000000000,100080,168,100012,168,100139,168,99913,168,100233,168,99904,168,100252,168,99891,168,100268,168,99871,168,100334,100,99847,100,100349,100,99837,100,100411,100,99755,100,100430,100,99714,100,101090,100,99668,100
2019-06-28 09:47:40.822440040,100080,168,100012,168,100139,168,99913,168,100233,168,99904,168,100252,168,99891,168,100268,168,99871,168,100334,100,99847,100,100349,100,99837,100,100430,100,99755,100,101090,100,99718,100,,,99714,100
2019-06-28 09:47:49.869114964,100065,100,100012,168,100080,168,99913,168,100139,168,99904,168,100233,168,99891,168,100252,168,99871,168,100268,168,99847,100,100334,100,99837,100,100349,100,99755,100,100430,100,99718,100,101090,100,99714,100
2019-06-28 09:47:50.000000000,100065,438,100012,438,100080,100,99913,100,100139,100,99904,100,100233,100,99891,100,100252,100,99871,100,100268,100,99847,100,100334,100,99837,100,100349,100,99755,100,100430,100,99718,100,101090,100,99714,100
2019-06-28 09:48:00.000000000,100065,438,100012,438,100080,100,99913,100,100139,100,99904,100,100233,100,99891,100,100252,100,99871,100,100268,100,99847,100,100334,100,99837,100,100349,100,99755,100,100430,100,99718,100,101090,100,99714,100
2019-06-28 09:48:10.000000000,100065,168,100012,168,100080,168,99913,168,100139,168,99904,168,100233,168,99891,168,100252,168,99871,168,100268,100,99847,100,100334,100,99837,100,100349,100,99755,100,100430,100,99718,100,101090,100,99714,100
2019-06-28 09:48:20.000000000,100065,184,100012,184,100080,184,99913,184,100139,184,99904,184,100233,184,99891,184,100252,100,99871,100,100268,100,99847,100,100334,100,99837,100,100349,100,99755,100,100430,100,99718,100,101090,100,99714,100
2019-06-28 09:48:25.577871118,100065,284,100012,184,100080,184,99913,184,100139,184,99904,184,100233,184,99891,184,100252,100,99871,100,100268,100,99847,100,100334,100,99837,100,100349,100,99755,100,100430,100,99718,100,101090,100,99714,100
2019-06-28 09:48:30.000000000,100065,538,100012,438,100080,100,99913,100,100139,100,99904,100,100233,100,99891,100,100252,100,99871,100,100268,100,99847,100,100334,100,99837,100,100349,100,99755,100,100430,100,99718,100,101090,100,99714,100
2019-06-28 09:48:31.614745837,100065,538,100012,438,100080,100,99913,100,100139,100,99904,100,100233,100,99891,100,100252,100,99871,100,100268,100,99847,100,100334,100,99837,100,100430,100,99755,100,101090,100,99718,100,,,99714,100
2019-06-28 09:48:36.866580103,100065,538,100012,438,100080,100,99913,100,100139,100,99904,100,100233,100,99891,100,100252,100,99871,100,100268,100,99847,100,100334,100,99837,100,100430,100,99755,100,101090,100,99718,100,,,99714,100
2019-06-28 09:48:40.000000000,100065,268,100012,168,100080,168,99913,168,100139,168,99904,168,100233,168,99891,168,100252,168,99871,168,100268,100,99847,100,100334,100,99837,100,100430,100,99755,100,101090,100,99718,100,,,99714,100
2019-06-28 09:48:45.680372919,100065,268,100012,168,100080,168,99913,168,100139,168,99904,168,100233,168,99891,168,100252,168,99871,168,100268,100,99868,100,100334,100,99847,100,100430,100,99837,100,101090,100,99755,100,,,99718,100
2019-06-28 09:48:47.985769729,100065,268,100012,68,100080,168,99913,168,100139,168,99904,168,100233,168,99891,168,100252,168,99871,168,100268,100,99868,100,100334,100,99847,100,100430,100,99837,100,101090,100,99755,100,,,99718,100
2019-06-28 09:48:50.000000000,100065,315,99913,215,100080,212,99904,212,100139,212,99891,212,100233,100,99871,100,100252,100,99868,100,100268,100,99847,100,100334,100,99837,100,100430,100,99755,100,101090,100,99718,100,,,99714,100
2019-06-28 09:48:51.848316799,100065,315,99913,115,100080,212,99904,212,100139,212,99891,212,100233,100,99871,100,100252,100,99868,100,100268,100,99847,100,100334,100,99837,100,100430,100,99755,100,101090,100,99718,100,,,99714,100
2019-06-28 09:48:52.129301954,100065,315,99913,115,100080,212,99904,212,100139,212,99891,212,100233,100,99871,100,100252,100,99868,100,100268,100,99847,100,100334,100,99837,100,100430,100,99755,100,101090,100,99718,100,,,99714,100
2019-06-28 09:49:00.000000000,100065,315,99904,215,100080,212,99891,212,100139,212,99871,212,100233,100,99868,100,100252,100,99847,100,100268,100,99837,100,100334,100,99755,100,100430,100,99718,100,101090,100,99714,100,,,99631,100
2019-06-28 09:49:00.463522467,100012,100,99904,215,100065,315,99891,212,100080,212,99871,212,100139,212,99868,100,100233,100,99847,100,100252,100,99837,100,100268,100,99755,100,100334,100,99718,100,100430,100,99714,100,101090,100,99631,100
2019-06-28 09:49:05.980482023,100012,200,99904,215,100065,315,99891,212,100080,212,99871,212,100139,212,99868,100,100233,100,99847,100,100252,100,99837,100,100268,100,99755,100,100334,100,99718,100,100430,100,99714,100,101090,100,99631,100
2019-06-28 09:49:10.000000000,100012,538,99904,438,100065,200,99891,100,100080,100,99871,100,100139,100,99868,100,100233,100,99847,100,100252,100,99837,100,100268,100,99755,100,100334,100,99718,100,100430,100,99714,100,101090,100,99631,100
2019-06-28 09:49:14.237752405,100012,538,99904,438,100065,200,99891,100,100080,100,99871,100,100139,100,99868,100,100233,100,99847,100,100252,100,99837,100,100268,100,99755,100,100334,100,99718,100,100430,100,99631,100,101090,100,99568,100
2019-06-28 09:49:20.000000000,100012,538,99904,438,100065,200,99891,100,100080,100,99871,100,100139,100,99868,100,100233,100,99847,100,100252,100,99837,100,100268,100,99755,100,100334,100,99718,100,100430,100,99631,100,101090,100,99568,100
2019-06-28 09:49:28.151242666,100012,538,99904,438,100065,200,99891,100,100080,100,99871,100,100139,100,99868,100,100233,100,99847,100,100252,100,99837,100,100268,100,99755,100,100334,100,99718,100,100430,100,99631,100,101090,100,99568,100
2019-06-28 09:49:30.000000000,100012,268,99904,168,100065,268,99891,168,100080,168,99871,168,100139,168,99868,168,100233,168,99847,168,100252,100,99837,100,100268,100,99755,100,100334,100,99718,100,100430,100,99631,100,101090,100,99568,100
2019-06-28 09:49:40.000000000,100012,369,99904,269,100065,369,99891,269,100080,100,99871,100,100139,100,99868,100,100233,100,99847,100,100252,100,99837,100,100268,100,99755,100,100334,100,99718,100,100430,100,99631,100,101090,100,99568,100
2019-06-28 09:49:50.000000000,100012,315,99904,215,100065,312,99891,212,100080,212,99871,212,100139,100,99868,100,100233,100,99847,100,100252,100,99837,100,100268,100,99755,100,100334,100,99718,100,100430,100,99631,100,101090,100,99568,100
2019-06-28 09:49:58.932901632,100012,415,99904,215,100065,312,99891,212,100080,212,99871,212,100139,100,99868,100,100233,100,99847,100,100252,100,99837,100,100268,100,99755,100,100334,100,99718,100,100430,100,99631,100,101090,100,99568,100
2019-06-28 09:50:00.000000000,100012,384,99904,184,100065,284,99891,184,100080,184,99871,184,100139,184,99868,184,100233,100,99847,100,100252,100,99837,100,100268,100,99755,100,100334,100,99718,100,100430,100,99631,100,101090,100,99568,100
2019-06-28 09:50:00.681825573,100012,384,99904,184,100065,284,99891,184,100080,184,99871,184,100139,184,99868,184,100233,100,99847,100,100252,100,99837,100,100268,100,99755,100,100334,100,99718,100,100430,100,99631,100,101090,100,99568,100
2019-06-28 09:50:00.980854813,100012,384,99904,84,100065,284,99891,184,100080,184,99871,184,100139,184,99868,184,100233,100,99847,100,100252,100,99837,100,100268,100,99755,100,100334,100,99718,100,100430,100,99631,100,101090,100,99568,100
2019-06-28 09:50:05.280751926,100012,384,99904,84,100065,284,99891,184,100080,184,99871,184,100139,184,99868,184,100233,100,99837,100,100252,100,99755,100,100268,100,99718,100,100334,100,99631,100,100430,100,99568,100,101090,100,99566,100
2019-06-28 09:50:05.519277276,99904,16,99891,184,100012,384,99871,184,100065,284,99868,184,100080,184,99837,100,100139,184,99755,100,100233,100,99718,100,100252,100,99631,100,100268,100,99568,100,100430,100,99566,100,101090,100,99527,100
2019-06-28 09:50:10.000000000,99904,131,99891,215,100012,412,99871,212,100065,312,99868,212,100080,100,99837,100,100139,100,99755,100,100233,100,99718,100,100252,100,99631,100,100268,100,99568,100,100430,100,99566,100,101090,100,99527,100
2019-06-28 09:50:20.000000000,99904,354,99891,438,100012,300,99871,100,100065,200,99868,100,100080,100,99837,100,100139,100,99755,100,100233,100,99718,100,100252,100,99631,100,100268,100,99568,100,100430,100,99566,100,101090,100,99527,100
2019-06-28 09:50:26.264321760,99904,354,99891,338,100012,300,99871,100,100065,200,99868,100,100080,100,99837,100,100139,100,99755,100,100233,100,99718,100,100252,100,99631,100,100268,100,99568,100,100430,100,99566,100,101090,100,99527,100
2019-06-28 09:50:30.000000000,99904,354,99871,438,100012,300,99868,100,100065,200,99837,100,100080,100,99755,100,100139,100,99718,100,100233,100,99631,100,100252,100,99568,100,100268,100,99566,100,100430,100,99527,100,101090,100,99526,100
2019-06-28 09:50:31.108838096,99904,354,99871,338,100012,300,99868,100,100065,200,99837,100,100080,100,99755,100,100139,100,99718,100,100233,100,99631,100,100252,100,99568,100,100268,100,99566,100,100430,100,99527,100,101090,100,99526,100
2019-06-28 09:50:34.652668062,99884,100,99871,338,99904,354,99868,100,100012,300,99837,100,100065,200,99718,100,100080,100,99631,100,100139,100,99568,100,100233,100,99566,100,100252,100,99527,100,100268,100,99526,100,100430,100,99408,100
2019-06-28 09:50:40.000000000,99884,215,99868,215,99904,128,99837,212,100012,412,99718,212,100065,200,99631,100,100080,100,99568,100,100139,100,99566,100,100233,100,99527,100,100252,100,99526,100,100268,100,99408,100,100430,100,99194,100
2019-06-28 09:50:42.803487052,99884,215,99868,215,99904,128,99837,212,100012,412,99718,212,100065,200,99631,100,100080,100,99568,100,100139,100,99566,100,100233,100,99527,100,100252,100,99526,100,100268,100,99408,100,100430,100,99376,100
2019-06-28 09:50:45.747840235,99884,215,99868,215,99904,128,99837,212,100012,412,99718,212,100065,200,99660,100,100080,100,99631,100,100139,100,99568,100,100233,100,99566,100,100252,100,99527,100,100268,100,99526,100,100430,100,99408,100
2019-06-28 09:50:46.435739399,99884,215,99868,215,99891,100,99837,212,99904,128,99718,212,100012,412,99660,100,100065,200,99631,100,100080,100,99568,100,100139,100,99566,100,100233,100,99527,100,100252,100,99526,100,100268,100,99408,100
2019-06-28 09:50:50.000000000,99884,269,99868,269,99891,269,99837,269,99904,16,99718,100,100012,300,99660,100,100065,200,99631,100,100080,100,99568,100,100139,100,99566,100,100233,100,99527,100,100252,100,99526,100,100268,100,99408,100
2019-06-28 09:51:00.000000000,99884,184,99868,184,99891,184,99837,184,99904,100,99718,184,100012,384,99660,184,100065,200,99631,100,100080,100,99568,100,100139,100,99566,100,100233,100,99527,100,100252,100,99526,100,100268,100,99408,100
2019-06-28 09:51:10.000000000,99884,168,99868,168,99891,168,99837,168,99904,84,99718,168,100012,368,99660,168,100065,268,99631,168,100080,100,99568,100,100139,100,99566,100,100233,100,99527,100,100252,100,99526,100,100268,100,99408,100
2019-06-28 09:51:10.259227521,99884,168,99868,168,99891,168,99837,168,99904,84,99718,168,100012,368,99660,168,100065,168,99631,168,100080,100,99568,100,100139,100,99566,100,100233,100,99527,100,100252,100,99526,100,100268,100,99408,100
2019-06-28 09:51:20.000000000,99884,438,99868,438,99891,100,99837,100,99904,16,99718,100,100012,300,99660,100,100065,100,99631,100,100080,100,99568,100,100139,100,99566,100,100233,100,99527,100,100252,100,99526,100,100268,100,99408,100
2019-06-28 09:51:24.987980654,99884,438,99868,438,99891,100,99837,100,99904,16,99718,100,100012,300,99660,100,100065,100,99631,100,100080,100,99568,100,100139,100,99566,100,100233,100,99527,100,100252,100,99526,100,100268,100,99408,200
2019-06-28 09:51:30.000000000,99884,184,99868,184,99891,184,99837,184,99904,100,99718,184,100012,384,99660,184,100065,100,99631,100,100080,100,99568,100,100139,100,99566,100,100233,100,99527,100,100252,100,99526,100,100268,100,99408,200
2019-06-28 09:51:32.712784132,99884,184,99868,184,99891,184,99837,184,99904,100,99718,84,100012,384,99660,184,100065,100,99631,100,100080,100,99568,100,100139,100,99566,100,100233,100,99527,100,100252,100,99526,100,100268,100,99408,200
2019-06-28 09:51:40.000000000,99884,215,99868,215,99891,212,99837,212,99904,128,99660,212,100012,300,99631,100,100065,100,99568,100,100080,100,99566,100,100139,100,99527,100,100233,100,99526,100,100252,100,99408,200,100268,100,99315,100
2019-06-28 09:51:46.823602336,99884,215,99868,115,99891,212,99837,212,99904,128,99660,212,100012,300,99631,100,100065,100,99568,100,100080,100,99566,100,100139,100,99527,100,100233,100,99526,100,100252,100,99408,200,100268,100,99315,100
2019-06-28 09:51:50.000000000,99884,215,99837,215,99891,212,99660,212,99904,128,99631,212,100012,300,99568,100,100065,100,99566,100,100080,100,99527,100,100139,100,99526,100,100233,100,99408,200,100252,100,99315,100,100268,100,99194,100
2019-06-28 09:51:55.259092701,99884,215,99837,215,99891,212,99660,212,99904,128,99631,212,100012,300,99568,100,100065,100,99566,100,100080,100,99527,100,100139,100,99526,100,100233,100,99518,100,100252,100,99408,200,100268,100,99315,100
2019-06-28 09:52:00.000000000,99884,269,99837,269,99891,269,99660,269,99904,16,99631,100,100012,300,99568,100,100065,100,99566,100,100080,100,99527,100,100139,100,99526,100,100233,100,99518,100,100252,100,99408,200,100268,100,99315,100
2019-06-28 09:52:10.000000000,99884,269,99837,269,99891,269,99660,269,99904,16,99631,100,100012,300,99568,100,100065,100,99566,100,100080,100,99527,100,100139,100,99526,100,100233,100,99518,100,100252,100,99408,200,100268,100,99315,100
2019-06-28 09:52:17.065075859,99884,269,99837,269,99891,269,99660,269,99904,16,99631,100,100012,300,99568,100,100065,100,99566,100,100080,100,99527,100,100139,100,99526,100,100233,100,99518,100,100252,100,99408,200,100268,100,99315,100
2019-06-28 09:52:20.000000000,99884,184,99837,184,99891,184,99660,184,99904,100,99631,184,100012,384,99568,184,100065,100,99566,100,100080,100,99527,100,100139,100,99526,100,100233,100,99518,100,100252,100,99408,200,100268,100,99315,100
2019-06-28 09:52:30.000000000,99884,438,99837,438,99891,100,99660,100,99904,16,99631,100,100012,300,99568,100,100065,100,99566,100,100080,100,99527,100,100139,100,99526,100,100233,100,99518,100,100252,100,99408,200,100268,100,99315,100
2019-06-28 09:52:35.102975198,99871,100,99837,438,99884,438,99660,100,99891,100,99631,100,99904,16,99568,100,100012,300,99566,100,100065,100,99527,100,100080,100,99526,100,100139,100,99518,100,100233,100,99408,200,100252,100,99315,100
2019-06-28 09:52:40.000000000,99871,184,99837,184,99884,184,99660,184,99891,184,99631,184,99904,100,99568,184,100012,300,99566,100,100065,100,99527,100,100080,100,99526,100,100139,100,99518,100,100233,100,99408,200,100252,100,99315,100
2019-06-28 09:52:44.543331574,99871,184,99837,84,99884,184,99660,184,99891,184,99631,184,99904,100,99568,184,100012,300,99566,100,100065,100,99527,100,100080,100,99526,100,100139,100,99518,100,100233,100,99408,200,100252,100,99315,100
2019-06-28 09:52:50.000000000,99871,215,99660,215,99884,212,99631,212,99891,212,99568,212,99904,16,99566,100,100012,300,99527,100,100065,100,99526,100,100080,100,99518,100,100139,100,99408,200,100233,100,99315,100,100252,100,99269,100
2019-06-28 09:53:00.000000000,99871,168,99660,168,99884,168,99631,168,99891,168,99568,168,99904,84,99566,168,100012,368,99527,168,100065,100,99526,100,100080,100,99518,100,100139,100,99408,200,100233,100,99315,100,100252,100,99269,100
2019-06-28 09:53:10.000000000,99871,184,99660,184,99884,184,99631,184,99891,184,99568,184,99904,100,99566,184,100012,300,99527,100,100065,100,99526,100,100080,100,99518,100,100139,100,99408,200,100233,100,99315,100,100252,100,99269,100
2019-06-28 09:53:14.480094956,99871,84,99660,184,99884,184,99631,184,99891,184,99568,184,99904,100,99566,184,100012,300,99527,100,100065,100,99518,100,100080,100,99408,200,100139,100,99315,100,100233,100,99269,100,100252,100,,
2019-06-28 09:53:20.000000000,99884,168,99660,168,99891,168,99631,168,99904,84,99568,168,100012,368,99566,168,100065,168,99527,168,100080,100,99518,100,100139,100,99408,200,100233,100,99315,100,100252,100,99269,100,100268,100,,
2019-06-28 09:53:24.110240150,99884,168,99838,100,99891,168,99660,168,99904,84,99631,168,100012,368,99568,168,100065,168,99566,168,100080,100,99527,168,100139,100,99518,100,100233,100,99408,200,100252,100,99315,100,100268,100,99269,100
2019-06-28 09:53:26.224041622,99884,168,99838,200,99891,168,99660,168,99904,84,99631,168,100012,368,99568,168,100065,168,99566,168,100080,100,99527,168,100139,100,99518,100,100233,100,99408,200,100252,100,99315,100,100268,100,99269,100
2019-06-28 09:53:30.000000000,99884,168,99838,268,99891,168,99660,168,99904,84,99631,168,100012,368,99568,168,100065,168,99566,168,100080,100,99527,100,100139,100,99518,100,100233,100,99408,200,100252,100,99315,100,100268,100,99269,100
2019-06-28 09:53:38.857237325,99884,168,99838,268,99891,168,99660,168,99904,84,99631,168,100012,368,99568,168,100046,100,99566,168,100065,168,99527,100,100080,100,99518,100,100139,100,99408,200,100233,100,99315,100,100252,100,99269,100
2019-06-28 09:53:40.000000000,99884,269,99838,369,99891,269,99660,269,99904,16,99631,100,100012,300,99568,100,100046,100,99566,100,100065,100,99527,100,100080,100,99518,100,100139,100,99408,200,100233,100,99315,100,100252,100,99269,100
2019-06-28 09:53:47.851531381,99884,269,99838,469,99891,269,99660,269,99904,16,99631,100,100012,300,99568,100,100046,100,99566,100,100065,100,99527,100,100080,100,99518,100,100139,100,99408,200,100233,100,99315,100,100252,100,99269,100
2019-06-28 09:53:48.741934516,99884,269,99838,469,99891,269,99660,269,99904,16,99631,100,100012,300,99568,100,100046,100,99566,100,100065,100,99527,100,100080,100,99518,100,100114,100,99408,100,100139,100,99315,100,100233,100,99269,100
2019-06-28 09:53:50.000000000,99884,215,99838,415,99891,212,99660,212,99904,128,99631,212,100012,300,99568,100,100046,100,99566,100,100065,100,99527,100,100080,100,99518,100,100114,100,99408,100,100139,100,99315,100,100233,100,99269,100
2019-06-28 09:54:00.000000000,99884,184,99838,384,99891,184,99660,184,99904,100,99631,184,100012,384,99568,184,100046,100,99566,100,100065,100,99527,100,100080,100,99518,100,100114,100,99408,100,100139,100,99315,100,100233,100,99269,100
2019-06-28 09:54:10.000000000,99884,168,99838,368,99891,168,99660,168,99904,84,99631,168,100012,368,99568,168,100046,168,99566,168,100065,100,99527,100,100080,100,99518,100,100114,100,99408,100,100139,100,99315,100,100233,100,99269,100
2019-06-28 09:54:19.384917129,99884,168,99838,268,99891,168,99660,168,99904,84,99631,168,100012,368,99568,168,100046,168,99566,168,100065,100,99527,100,100080,100,99518,100,100114,100,99408,100,100139,100,99315,100,100233,100,99269,100
2019-06-28 09:54:20.000000000,99884,168,99838,268,99891,168,99660,168,99904,84,99631,168,100012,368,99568,168,100046,168,99566,168,100065,100,99527,100,100080,100,99518,100,100114,100,99408,100,100139,100,99315,100,100233,100,99269,100
2019-06-28 09:54:30.000000000,99884,269,99838,369,99891,269,99660,269,99904,16,99631,100,100012,300,99568,100,100046,100,99566,100,100065,100,99527,100,100080,100,99518,100,100114,100,99408,100,100139,100,99315,100,100233,100,99269,100
2019-06-28 09:54:31.351564617,99884,269,99838,269,99891,269,99660,269,99904,16,99631,100,100012,300,99568,100,100046,100,99566,100,100065,100,99527,100,100080,100,99518,100,100114,100,99408,100,100139,100,99315,100,100233,100,99269,100
2019-06-28 09:54:35.239589123,99884,269,99838,269,99891,269,99660,269,99904,16,99631,100,100012,300,99568,100,100046,100,99566,100,100065,100,99527,100,100080,100,99526,100,100114,100,99518,100,100139,100,99408,100,100233,100,99315,100
2019-06-28 09:54:40.000000000,99884,168,99838,168,99891,168,99660,168,99904,84,99631,168,100012,368,99568,168,100046,168,99566,168,100065,100,99527,100,100080,100,99526,100,100114,100,99518,100,100139,100,99408,100,100233,100,99315,100
2019-06-28 09:54:43.188559101,99884,168,99838,168,99891,168,99660,168,99904,84,99631,168,99937,100,99568,168,100012,368,99566,168,100046,168,99527,100,100065,100,99526,100,100080,100,99518,100,100114,100,99408,100,100139,100,99315,100
2019-06-28 09:54:47.615090151,99884,168,99838,168,99891,68,99660,168,99904,84,99631,168,99937,100,99568,168,100012,368,99566,168,100046,168,99527,100,100065,100,99526,100,100080,100,99518,100,100114,100,99408,100,100139,100,99315,100
2019-06-28 09:54:50.000000000,99884,215,99838,215,99904,128,99660,212,99937,212,99631,212,100012,300,99568,100,100046,100,99566,100,100065,100,99527,100,100080,100,99526,100,100114,100,99518,100,100139,100,99408,100,100233,100,99315,100
2019-06-28 09:54:56.178499859,99884,215,99838,215,99904,128,99660,212,99933,100,99631,212,99937,212,99568,100,100012,300,99566,100,100046,100,99527,100,100065,100,99526,100,100080,100,99518,100,100114,100,99408,100,100139,100,99315,100
2019-06-28 09:55:00.000000000,99884,184,99838,184,99904,100,99660,184,99933,184,99631,184,99937,184,99568,184,100012,300,99566,100,100046,100,99527,100,100065,100,99526,100,100080,100,99518,100,100114,100,99408,100,100139,100,99315,100
2019-06-28 09:55:10.000000000,99884,438,99838,438,99904,16,99660,100,99933,100,99631,100,99937,100,99568,100,100012,300,99566,100,100046,100,99527,100,100065,100,99526,100,100080,100,99518,100,100114,100,99408,100,100139,100,99315,100
2019-06-28 09:55:20.000000000,99884,168,99838,168,99904,84,99660,168,99933,168,99631,168,99937,168,99568,168,100012,368,99566,168,100046,100,99527,100,100065,100,99526,100,100080,100,99518,100,100114,100,99408,100,100139,100,99315,100
2019-06-28 09:55:30.000000000,99884,269,99838,269,99904,185,99660,269,99933,100,99631,100,99937,100,99568,100,100012,300,99566,100,100046,100,99527,100,100065,100,99526,100,100080,100,99518,100,100114,100,99408,100,100139,100,99315,100
2019-06-28 09:55:40.000000000,99884,184,99838,184,99904,100,99660,184,99933,184,99631,184,99937,184,99568,184,100012,300,99566,100,100046,100,99527,100,100065,100,99526,100,100080,100,99518,100,100114,100,99408,100,100139,100,99315,100
2019-06-28 09:55:50.000000000,99884,168,99838,168,99904,84,99660,168,99933,168,99631,168,99937,168,99568,168,100012,368,99566,168,100046,100,99527,100,100065,100,99526,100,100080,100,99518,100,100114,100,99408,100,100139,100,99315,100
2019-06-28 09:55:51.904791832,99884,168,99838,68,99904,84,99660,168,99933,168,99631,168,99937,168,99568,168,100012,368,99566,168,100046,100,99527,100,100065,100,99526,100,100080,100,99518,100,100114,100,99408,100,100139,100,99315,100
2019-06-28 09:56:00.000000000,99884,168,99660,168,99904,84,99631,168,99933,168,99568,168,99937,168,99566,168,100012,368,99527,168,100046,100,99526,100,100065,100,99518,100,100080,100,99408,100,100114,100,99315,100,100139,100,,
2019-06-28 09:56:10.000000000,99884,215,99660,215,99904,128,99631,212,99933,212,99568,212,99937,100,99566,100,100012,300,99527,100,100046,100,99526,100,100065,100,99518,100,100080,100,99408,100,100114,100,99315,100,100139,100,,
2019-06-28 09:56:20.000000000,99884,184,99660,184,99904,100,99631,184,99933,184,99568,184,99937,184,99566,184,100012,300,99527,100,100046,100,99526,100,100065,100,99518,100,100080,100,99408,100,100114,100,99315,100,100139,100,,
2019-06-28 09:56:30.000000000,99884,215,99660,215,99904,128,99631,212,99933,212,99568,212,99937,100,99566,100,100012,300,99527,100,100046,100,99526,100,100065,100,99518,100,100080,100,99408,100,100114,100,99315,100,100139,100,,
2019-06-28 09:56:30.727378415,99884,215,99660,215,99904,228,99631,212,99933,212,99568,212,99937,100,99566,100,100012,300,99527,100,100046,100,99526,100,100065,100,99518,100,100080,100,99408,100,100114,100,99315,100,100139,100,,
2019-06-28 09:56:40.000000000,99884,168,99660,168,99904,184,99631,168,99933,168,99568,168,99937,168,99566,168,100012,368,99527,168,100046,100,99526,100,100065,100,99518,100,100080,100,99408,100,100114,100,99315,100,100139,100,,
2019-06-28 09:56:50.000000000,99884,184,99660,184,99904,200,99631,184,99933,184,99568,184,99937,184,99566,184,100012,300,99527,100,100046,100,99526,100,100065,100,99518,100,100080,100,99408,100,100114,100,99315,100,100139,100,,
2019-06-28 09:56:56.994880694,99884,84,99660,184,99904,200,99631,184,99933,184,99568,184,99937,184,99566,184,100012,300,99527,100,100046,100,99526,100,100065,100,99518,100,100080,100,99408,100,100114,100,99315,100,100139,100,,
2019-06-28 09:57:00.000000000,99904,200,99660,184,99933,184,99631,184,99937,184,99568,184,100012,384,99566,184,100046,100,99527,100,100065,100,99526,100,100080,100,99518,100,100114,100,99408,100,100139,100,99315,100,100233,100,,
2019-06-28 09:57:10.000000000,99904,285,99660,269,99933,269,99631,269,99937,100,99568,100,100012,300,99566,100,100046,100,99527,100,100065,100,99526,100,100080,100,99518,100,100114,100,99408,100,100139,100,99315,100,100233,100,,
2019-06-28 09:57:20.000000000,99904,285,99660,269,99933,269,99631,269,99937,100,99568,100,100012,300,99566,100,100046,100,99527,100,100065,100,99526,100,100080,100,99518,100,100114,100,99408,100,100139,100,99315,100,100233,100,,
2019-06-28 09:57:30.000000000,99904,200,99660,184,99933,184,99631,184,99937,184,99568,184,100012,384,99566,184,100046,100,99527,100,100065,100,99526,100,100080,100,99518,100,100114,100,99408,100,100139,100,99315,100,100233,100,,
2019-06-28 09:57:36.858718003,99904,200,99839,100,99933,184,99660,184,99937,184,99631,184,100012,384,99568,184,100046,100,99566,184,100065,100,99527,100,100080,100,99526,100,100114,100,99518,100,100139,100,99408,100,100233,100,99315,100
2019-06-28 09:57:40.000000000,99904,285,99839,269,99933,269,99660,269,99937,100,99631,100,100012,300,99568,100,100046,100,99566,100,100065,100,99527,100,100080,100,99526,100,100114,100,99518,100,100139,100,99408,100,100233,100,99315,100
2019-06-28 09:57:50.000000000,99904,184,99839,168,99933,168,99660,168,99937,168,99631,168,100012,368,99568,168,100046,168,99566,168,100065,100,99527,100,100080,100,99526,100,100114,100,99518,100,100139,100,99408,100,100233,100,99315,100
2019-06-28 09:57:53.764029970,99904,84,99839,168,99933,168,99660,168,99937,168,99631,168,100012,368,99568,168,100046,168,99566,168,100065,100,99527,100,100080,100,99526,100,100139,100,99518,100,100233,100,99408,100,100252,100,99315,100
2019-06-28 09:58:00.000000000,99904,354,99839,438,99933,100,99660,100,99937,100,99631,100,100012,300,99568,100,100046,100,99566,100,100065,100,99527,100,100080,100,99526,100,100139,100,99518,100,100233,100,99408,100,100252,100,99315,100
2019-06-28 09:58:05.735593221,99904,354,99839,438,99933,100,99660,100,99937,100,99631,100,100012,300,99568,100,100046,100,99566,100,100065,100,99527,100,100080,100,99526,100,100139,100,99518,100,100233,100,99408,100,100252,100,99315,100
2019-06-28 09:58:10.000000000,99904,84,99839,168,99933,168,99660,168,99937,168,99631,168,100012,368,99568,168,100046,168,99566,168,100065,100,99527,100,100080,100,99526,100,100139,100,99518,100,100233,100,99408,100,100252,100,99315,100
2019-06-28 09:58:10.319880496,99904,84,99884,100,99933,168,99839,168,99937,168,99660,168,100012,368,99631,168,100046,168,99568,168,100065,100,99566,168,100080,100,99527,100,100139,100,99526,100,100233,100,99518,100,100252,100,99408,100
2019-06-28 09:58:20.000000000,99904,354,99884,438,99933,100,99839,100,99937,100,99660,100,100012,300,99631,100,100046,100,99568,100,100065,100,99566,100,100080,100,99527,100,100139,100,99526,100,100233,100,99518,100,100252,100,99408,100
2019-06-28 09:58:30.000000000,99904,131,99884,215,99933,212,99839,212,99937,212,99660,212,100012,300,99631,100,100046,100,99568,100,100065,100,99566,100,100080,100,99527,100,100139,100,99526,100,100233,100,99518,100,100252,100,99408,100
2019-06-28 09:58:40.000000000,99904,100,99884,184,99933,184,99839,184,99937,184,99660,184,100012,384,99631,184,100046,100,99568,100,100065,100,99566,100,100080,100,99527,100,100139,100,99526,100,100233,100,99518,100,100252,100,99408,100
2019-06-28 09:58:47.686972134,99904,100,99884,284,99933,184,99839,184,99937,184,99660,184,100012,384,99631,184,100046,100,99568,100,100065,100,99566,100,100080,100,99527,100,100139,100,99526,100,100233,100,99518,100,100252,100,99408,100
2019-06-28 09:58:50.000000000,99904,354,99884,538,99933,100,99839,100,99937,100,99660,100,100012,300,99631,100,100046,100,99568,100,100065,100,99566,100,100080,100,99527,100,100139,100,99526,100,100233,100,99518,100,100252,100,99408,100
2019-06-28 09:59:00.000000000,99904,84,99884,268,99933,168,99839,168,99937,168,99660,168,100012,368,99631,168,100046,168,99568,168,100065,100,99566,100,100080,100,99527,100,100139,100,99526,100,100233,100,99518,100,100252,100,99408,100
2019-06-28 09:59:01.969293846,99904,84,99884,168,99933,168,99839,168,99937,168,99660,168,100012,368,99631,168,100046,168,99568,168,100065,100,99566,100,100080,100,99527,100,100139,100,99526,100,100233,100,99518,100,100252,100,99408,100
2019-06-28 09:59:04.243757895,99904,84,99884,168,99933,168,99839,168,99937,168,99660,168,99977,100,99631,168,100012,368,99568,168,100046,168,99566,100,100065,100,99527,100,100080,100,99526,100,100139,100,99518,100,100233,100,99315,100
2019-06-28 09:59:10.000000000,99904,84,99884,168,99933,168,99839,168,99937,168,99660,168,99977,168,99631,168,100012,368,99568,168,100046,100,99566,100,100065,100,99527,100,100080,100,99526,100,100139,100,99518,100,100233,100,99315,100
2019-06-28 09:59:20.000000000,99904,100,99884,184,99933,184,99839,184,99937,184,99660,184,99977,184,99631,184,100012,300,99568,100,100046,100,99566,100,100065,100,99527,100,100080,100,99526,100,100139,100,99518,100,100233,100,99315,100
2019-06-28 09:59:30.000000000,99904,84,99884,168,99933,168,99839,168,99937,168,99660,168,99977,168,99631,168,100012,368,99568,168,100046,100,99566,100,100065,100,99527,100,100080,100,99526,100,100139,100,99518,100,100233,100,99315,100
2019-06-28 09:59:31.669268496,99904,84,99884,168,99933,168,99876,100,99937,168,99839,168,99977,68,99660,168,100012,368,99631,168,100046,100,99568,168,100065,100,99566,100,100080,100,99527,100,100139,100,99526,100,100233,100,99518,100
2019-06-28 09:59:40.000000000,99904,100,99884,184,99933,184,99876,184,99937,184,99839,184,100012,384,99660,184,100046,100,99631,100,100065,100,99568,100,100080,100,99566,100,100139,100,99527,100,100233,100,99526,100,100252,100,99518,100
2019-06-28 09:59:47.894195547,99903,100,99884,184,99904,100,99876,184,99933,184,99839,184,99937,184,99660,184,100012,384,99631,100,100046,100,99568,100,100065,100,99566,100,100080,100,99527,100,100139,100,99526,100,100233,100,99518,100
2019-06-28 09:59:50.000000000,99903,438,99884,438,99904,16,99876,100,99933,100,99839,100,99937,100,99660,100,100012,300,99631,100,100046,100,99568,100,100065,100,99566,100,100080,100,99527,100,100139,100,99526,100,100233,100,99518,100
2019-06-28 10:00:00.000000000,99903,215,99884,215,99904,128,99876,212,99933,212,99839,212,99937,100,99660,100,100012,300,99631,100,100046,100,99568,100,100065,100,99566,100,100080,100,99527,100,100139,100,99526,100,100233,100,99518,100
2019-06-28 10:00:04.646371487,99903,215,99884,215,99904,128,99876,212,99933,212,99839,212,99937,100,99660,100,100006,100,99631,100,100012,300,99568,100,100046,100,99566,100,100065,100,99527,100,100080,100,99526,100,100139,100,99518,100
2019-06-28 10:00:09.501016682,99903,215,99884,215,99904,112,99876,212,99933,212,99839,212,99937,100,99660,100,100006,100,99631,100,100012,300,99573,100,100046,100,99568,100,100065,100,99566,100,100080,100,99527,100,100139,100,99526,100
2019-06-28 10:00:10.000000000,99903,168,99884,168,99933,168,99876,168,99937,168,99839,168,100006,168,99660,168,100012,368,99631,168,100046,100,99573,100,100065,100,99568,100,100080,100,99566,100,100139,100,99527,100,100233,100,99526,100
2019-06-28 10:00:16.084842569,99903,168,99884,268,99933,168,99876,168,99937,168,99839,168,100006,168,99660,168,100012,368,99631,168,100046,100,99573,100,100065,100,99568,100,100080,100,99566,100,100139,100,99527,100,100233,100,99526,100
2019-06-28 10:00:20.000000000,99903,168,99884,268,99933,168,99876,168,99937,168,99839,168,100006,168,99660,168,100012,368,99631,168,100046,100,99573,100,100065,100,99568,100,100080,100,99566,100,100139,100,99527,100,100233,100,99526,100
2019-06-28 10:00:30.000000000,99903,184,99884,284,99933,184,99876,184,99937,184,99839,184,100006,184,99660,184,100012,300,99631,100,100046,100,99573,100,100065,100,99568,100,100080,100,99566,100,100139,100,99527,100,100233,100,99526,100
2019-06-28 10:00:30.769126692,99903,84,99884,284,99933,184,99876,184,99937,184,99839,184,100006,184,99660,184,100012,300,99631,100,100046,100,99573,100,100065,100,99568,100,100080,100,99566,100,100139,100,99527,100,100233,100,99526,100
2019-06-28 10:00:40.000000000,99933,168,99884,268,99937,168,99876,168,100006,168,99839,168,100012,368,99660,168,100046,168,99631,168,100065,100,99573,100,100080,100,99568,100,100139,100,99566,100,100233,100,99527,100,100252,100,99526,100
2019-06-28 10:00:50.000000000,99933,269,99884,369,99937,269,99876,269,100006,100,99839,100,100012,300,99660,100,100046,100,99631,100,100065,100,99573,100,100080,100,99568,100,100139,100,99566,100,100233,100,99527,100,100252,100,99526,100
2019-06-28 10:00:54.248161123,99933,269,99884,369,99937,269,99876,269,100006,100,99839,100,100012,300,99660,100,100046,100,99631,100,100065,100,99573,100,100080,100,99568,100,100121,100,99566,100,100139,100,99527,100,100233,100,99526,100
2019-06-28 10:01:00.000000000,99933,438,99884,538,99937,100,99876,100,100006,100,99839,100,100012,300,99660,100,100046,100,99631,100,100065,100,99573,100,100080,100,99568,100,100121,100,99566,100,100139,100,99527,100,100233,100,99526,100
2019-06-28 10:01:01.143922830,99933,438,99884,538,99937,100,99876,100,100006,100,99839,100,100012,300,99660,100,100046,100,99631,100,100065,100,99573,100,100080,100,99568,100,100121,100,99566,100,100139,100,99527,100,100233,100,99526,100
2019-06-28 10:01:02.306243466,99933,438,99884,538,99937,100,99876,100,100006,100,99839,100,100012,300,99660,100,100046,100,99631,100,100065,100,99573,100,100080,100,99568,100,100121,100,99566,100,100139,100,99527,100,100233,100,99526,100
2019-06-28 10:01:10.000000000,99933,168,99884,268,99937,168,99876,168,100006,168,99839,168,100012,368,99660,168,100046,168,99631,168,100065,100,99573,100,100080,100,99568,100,100121,100,99566,100,100139,100,99527,100,100233,100,99526,100
2019-06-28 10:01:12.879045384,99933,68,99884,268,99937,168,99876,168,100006,168,99839,168,100012,368,99660,168,100046,168,99631,168,100065,100,99573,100,100080,100,99568,100,100121,100,99566,100,100139,100,99527,100,100233,100,99526,100
2019-06-28 10:01:17.465452862,99933,68,99884,268,99937,168,99876,168,100006,168,99839,168,100012,368,99660,168,100046,168,99631,168,100065,100,99573,100,100080,100,99568,100,100121,100,99566,100,100139,100,99527,100,100197,100,99526,100
2019-06-28 10:01:20.000000000,99937,269,99884,369,100006,269,99876,269,100012,300,99839,100,100046,100,99660,100,100065,100,99631,100,100080,100,99573,100,100121,100,99568,100,100139,100,99566,100,100197,100,99527,100,100233,100,99526,100
2019-06-28 10:01:30.000000000,99937,184,99884,284,100006,184,99876,184,100012,384,99839,184,100046,184,99660,184,100065,100,99631,100,100080,100,99573,100,100121,100,99568,100,100139,100,99566,100,100197,100,99527,100,100233,100,99526,100
2019-06-28 10:01:40.000000000,99937,269,99884,369,100006,269,99876,269,100012,300,99839,100,100046,100,99660,100,100065,100,99631,100,100080,100,99573,100,100121,100,99568,100,100139,100,99566,100,100197,100,99527,100,100233,100,99526,100
2019-06-28 10:01:50.000000000,99937,184,99884,284,100006,184,99876,184,100012,384,99839,184,100046,184,99660,184,100065,100,99631,100,100080,100,99573,100,100121,100,99568,100,100139,100,99566,100,100197,100,99527,100,100233,100,99526,100
2019-06-28 10:02:00.000000000,99937,168,99884,268,100006,168,99876,168,100012,368,99839,168,100046,168,99660,168,100065,168,99631,168,100080,100,99573,100,100121,100,99568,100,100139,100,99566,100,100197,100,99527,100,100233,100,99526,100
2019-06-28 10:02:06.672986754,99902,100,99884,268,99937,168,99876,168,100006,168,99839,168,100012,268,99660,168,100046,168,99631,168,100065,168,99573,100,100080,100,99568,100,100121,100,99566,100,100139,100,99527,100,100197,100,99526,100
2019-06-28 10:02:10.000000000,99902,215,99884,315,99937,212,99876,212,100006,212,99839,212,100012,200,99660,100,100046,100,99631,100,100065,100,99573,100,100080,100,99568,100,100121,100,99566,100,100139,100,99527,100,100197,100,99526,100
2019-06-28 10:02:11.251594826,99902,215,99884,315,99937,212,99876,212,100006,212,99839,212,100012,200,99660,100,100046,100,99631,100,100065,100,99573,100,100080,100,99568,100,100121,100,99566,100,100139,100,99527,100,100197,100,99526,100
2019-06-28 10:02:20.000000000,99902,269,99884,369,99937,269,99876,269,100006,100,99839,100,100012,200,99660,100,100046,100,99631,100,100065,100,99573,100,100080,100,99568,100,100121,100,99566,100,100139,100,99527,100,100197,100,99526,100
2019-06-28 10:02:30.000000000,99902,269,99884,369,99937,269,99876,269,100006,100,99839,100,100012,200,99660,100,100046,100,99631,100,100065,100,99573,100,100080,100,99568,100,100121,100,99566,100,100139,100,99527,100,100197,100,99526,100
2019-06-28 10:02:40.000000000,99902,184,99884,284,99937,184,99876,184,100006,184,99839,184,100012,284,99660,184,100046,100,99631,100,100065,100,99573,100,100080,100,99568,100,100121,100,99566,100,100139,100,99527,100,100197,100,99526,100
2019-06-28 10:02:50.000000000,99902,269,99884,369,99937,269,99876,269,100006,100,99839,100,100012,200,99660,100,100046,100,99631,100,100065,100,99573,100,100080,100,99568,100,100121,100,99566,100,100139,100,99527,100,100197,100,99526,100
2019-06-28 10:03:00.000000000,99902,215,99884,315,99937,212,99876,212,100006,212,99839,212,100012,200,99660,100,100046,100,99631,100,100065,100,99573,100,100080,100,99568,100,100121,100,99566,100,100139,100,99527,100,100197,100,99526,100
2019-06-28 10:03:10.000000000,99902,168,99884,268,99937,168,99876,168,100006,168,99839,168,100012,268,99660,168,100046,168,99631,168,100065,100,99573,100,100080,100,99568,100,100121,100,99566,100,100139,100,99527,100,100197,100,99526,100
2019-06-28 10:03:20.000000000,99902,438,99884,538,99937,100,99876,100,100006,100,99839,100,100012,200,99660,100,100046,100,99631,100,100065,100,99573,100,100080,100,99568,100,100121,100,99566,100,100139,100,99527,100,100197,100,99526,100
2019-06-28 10:03:24.078556086,99902,438,99884,438,99937,100,99876,100,100006,100,99839,100,100012,200,99660,100,100046,100,99631,100,100065,100,99573,100,100080,100,99568,100,100121,100,99566,100,100139,100,99527,100,100197,100,99526,100
2019-06-28 10:03:25.712981630,99902,438,99884,338,99937,100,99876,100,100006,100,99839,100,100012,200,99660,100,100046,100,99631,100,100065,100,99568,100,100080,100,99566,100,100121,100,99527,100,100139,100,99526,100,100197,100,99518,100
2019-06-28 10:03:30.000000000,99902,168,99876,168,99937,168,99839,168,100006,168,99660,168,100012,268,99631,168,100046,168,99568,168,100065,100,99566,100,100080,100,99527,100,100121,100,99526,100,100139,100,99518,100,100197,100,99450,100
2019-06-28 10:03:30.737728323,99902,168,99876,168,99937,168,99839,168,100006,168,99660,168,100012,268,99631,168,100046,168,99568,168,100065,100,99566,100,100080,100,99527,100,100121,100,99526,100,100139,100,99518,100,100197,100,99450,100
2019-06-28 10:03:31.455115458,99902,168,99876,68,99937,168,99839,168,100006,168,99660,168,100012,268,99631,168,100046,168,99568,168,100065,100,99566,100,100080,100,99527,100,100121,100,99526,100,100139,100,99518,100,100197,100,99450,100
2019-06-28 10:03:40.000000000,99902,269,99839,269,99937,269,99660,269,100006,100,99631,100,100012,200,99568,100,100046,100,99566,100,100065,100,99527,100,100080,100,99526,100,100121,100,99518,100,100139,100,99450,100,100197,100,99315,100
2019-06-28 10:03:47.450012034,99902,269,99839,169,99937,269,99660,269,100006,100,99631,100,100012,200,99568,100,100046,100,99566,100,100065,100,99527,100,100080,100,99526,100,100121,100,99518,100,100139,100,99450,100,100197,100,99315,100
2019-06-28 10:03:50.000000000,99902,438,99660,438,99937,100,99631,100,100006,100,99568,100,100012,200,99566,100,100046,100,99527,100,100065,100,99526,100,100080,100,99518,100,100121,100,99450,100,100139,100,99315,100,100197,100,98968,100
2019-06-28 10:03:50.837005236,99902,438,99660,438,99937,100,99631,100,100006,100,99568,100,100012,200,99566,100,100046,100,99527,100,100065,100,99526,100,100080,100,99518,100,100121,100,99450,100,100139,100,99315,100,100197,100,99180,100
2019-06-28 10:04:00.000000000,99902,168,99660,168,99937,168,99631,168,100006,168,99568,168,100012,268,99566,168,100046,168,99527,168,100065,100,99526,100,100080,100,99518,100,100121,100,99450,100,100139,100,99315,100,100197,100,99180,100
2019-06-28 10:04:01.658524032,99902,168,99660,168,99937,168,99631,168,100006,168,99568,168,100012,268,99566,168,100046,168,99527,168,100065,100,99526,100,100080,100,99450,100,100121,100,99315,200,100139,100,99180,100,100197,100,98968,100
2019-06-28 10:04:10.000000000,99902,184,99660,184,99937,184,99631,184,100006,184,99568,184,100012,284,99566,184,100046,100,99527,100,100065,100,99526,100,100080,100,99450,100,100121,100,99315,200,100139,100,99180,100,100197,100,98968,100
2019-06-28 10:04:20.000000000,99902,269,99660,269,99937,269,99631,269,100006,100,99568,100,100012,200,99566,100,100046,100,99527,100,100065,100,99526,100,100080,100,99450,100,100121,100,99315,200,100139,100,99180,100,100197,100,98968,100
2019-06-28 10:04:30.000000000,99902,215,99660,215,99937,212,99631,212,100006,212,99568,212,100012,200,99566,100,100046,100,99527,100,100065,100,99526,100,100080,100,99450,100,100121,100,99315,200,100139,100,99180,100,100197,100,98968,100
2019-06-28 10:04:40.000000000,99902,269,99660,269,99937,269,99631,269,100006,100,99568,100,100012,200,99566,100,100046,100,99527,100,100065,100,99526,100,100080,100,99450,100,100121,100,99315,200,100139,100,99180,100,100197,100,98968,100
2019-06-28 10:04:44.604412679,99902,269,99660,169,99937,269,99631,269,100006,100,99568,100,100012,200,99566,100,100046,100,99527,100,100065,100,99526,100,100080,100,99450,100,100121,100,99315,200,100139,100,99180,100,100197,100,98968,100
2019-06-28 10:04:50.000000000,99902,215,99631,215,99937,212,99568,212,100006,212,99566,212,100012,200,99527,100,100046,100,99526,100,100065,100,99450,100,100080,100,99315,200,100121,100,99180,100,100139,100,98968,100,100197,100,,
2019-06-28 10:04:57.075275902,99902,215,99631,215,99937,212,99568,212,100006,212,99566,212,100012,200,99527,100,100046,100,99526,100,100065,100,99450,100,100080,100,99315,200,100121,100,99180,100,100139,100,98968,100,100197,100,98246,100
2019-06-28 10:05:00.000000000,99902,168,99631,168,99937,168,99568,168,100006,168,99566,168,100012,268,99527,168,100046,168,99526,168,100065,100,99450,100,100080,100,99315,200,100121,100,99180,100,100139,100,98968,100,100197,100,98246,100
2019-06-28 10:05:10.000000000,99902,269,99631,269,99937,269,99568,269,100006,100,99566,100,100012,200,99527,100,100046,100,99526,100,100065,100,99450,100,100080,100,99315,200,100121,100,99180,100,100139,100,98968,100,100197,100,98246,100
2019-06-28 10:05:14.260788041,99902,269,99631,169,99937,269,99568,269,100006,100,99566,100,100012,200,99527,100,100046,100,99526,100,100065,100,99450,100,100080,100,99315,200,100121,100,99180,100,100139,100,98968,100,100197,100,98246,100
2019-06-28 10:05:20.000000000,99902,215,99568,215,99937,212,99566,212,100006,212,99527,212,100012,200,99526,100,100046,100,99450,100,100065,100,99315,200,100080,100,99180,100,100121,100,98968,100,100139,100,98246,100,100197,100,,
2019-06-28 10:05:21.858303937,99902,215,99568,215,99937,212,99566,212,100006,212,99527,212,100012,200,99526,100,100046,100,99450,100,100065,100,99315,200,100080,100,99180,100,100121,100,98968,100,100139,100,98356,100,100197,100,98246,100
2019-06-28 10:05:30.000000000,99902,269,99568,269,99937,269,99566,269,100006,100,99527,100,100012,200,99526,100,100046,100,99450,100,100065,100,99315,200,100080,100,99180,100,100121,100,98968,100,100139,100,98356,100,100197,100,98246,100
2019-06-28 10:05:40.000000000,99902,438,99568,438,99937,100,99566,100,100006,100,99527,100,100012,200,99526,100,100046,100,99450,100,100065,100,99315,200,100080,100,99180,100,100121,100,98968,100,100139,100,98356,100,100197,100,98246,100
2019-06-28 10:05:50.000000000,99902,438,99568,438,99937,100,99566,100,100006,100,99527,100,100012,200,99526,100,100046,100,99450,100,100065,100,99315,200,100080,100,99180,100,100121,100,98968,100,100139,100,98356,100,100197,100,98246,100
2019-06-28 10:06:00.000000000,99902,438,99568,438,99937,100,99566,100,100006,100,99527,100,100012,200,99526,100,100046,100,99450,100,100065,100,99315,200,100080,100,99180,100,100121,100,98968,100,100139,100,98356,100,100197,100,98246,100
2019-06-28 10:06:08.010155207,99902,438,99568,438,99937,100,99566,100,100006,100,99527,100,100012,200,99526,100,100046,100,99450,100,100065,100,99315,200,100080,100,99180,100,100121,100,98968,100,100139,100,98652,100,100197,100,98356,100
2019-06-28 10:06:10.000000000,99902,215,99568,215,99937,212,99566,212,100006,212,99527,212,100012,200,99526,100,100046,100,99450,100,100065,100,99315,200,100080,100,99180,100,100121,100,98968,100,100139,100,98652,100,100197,100,98356,100
2019-06-28 10:06:13.294790380,99660,100,99568,215,99902,215,99566,212,99937,212,99527,212,100006,212,99526,100,100012,200,99450,100,100046,100,99315,200,100065,100,99180,100,100080,100,98968,100,100121,100,98652,100,100139,100,98356,100
2019-06-28 10:06:19.360839401,99660,100,99568,115,99902,215,99566,212,99937,212,99527,212,100006,212,99450,100,100012,200,99315,200,100046,100,99180,100,100065,100,98968,100,100080,100,98652,100,100121,100,98356,100,100139,100,98246,100
2019-06-28 10:06:20.000000000,99660,168,99566,168,99902,168,99527,168,99937,168,99450,168,100006,168,99315,268,100012,268,99180,168,100046,100,98968,100,100065,100,98652,100,100080,100,98356,100,100121,100,98246,100,100139,100,,
2019-06-28 10:06:26.155092571,99660,168,99566,68,99902,168,99527,168,99937,168,99450,168,100006,168,99315,268,100012,268,99180,168,100046,100,98652,100,100065,100,98356,100,100080,100,98246,100,100121,100,,,100139,100,,
2019-06-28 10:06:26.255749321,99566,32,99527,168,99660,168,99450,168,99902,168,99315,268,99937,168,99180,168,100006,168,98652,100,100012,268,98356,100,100046,100,98246,100,100065,100,,,100080,100,,,100121,100,,
2019-06-28 10:06:30.000000000,99566,100,99527,168,99660,168,99450,168,99902,168,99315,268,99937,168,99180,168,100006,168,98652,168,100012,200,98356,100,100046,100,98246,100,100065,100,,,100080,100,,,100121,100,,
2019-06-28 10:06:39.630845350,99566,200,99527,168,99660,168,99450,168,99902,168,99315,268,99937,168,99180,168,100006,168,98652,168,100012,200,98356,100,100046,100,98246,100,100065,100,,,100080,100,,,100121,100,,
2019-06-28 10:06:40.000000000,99566,216,99527,184,99660,184,99450,184,99902,184,99315,284,99937,184,99180,184,100006,100,98652,100,100012,200,98356,100,100046,100,98246,100,100065,100,,,100080,100,,,100121,100,,
2019-06-28 10:06:50.000000000,99566,200,99527,168,99660,168,99450,168,99902,168,99315,268,99937,168,99180,168,100006,168,98652,168,100012,200,98356,100,100046,100,98246,100,100065,100,,,100080,100,,,100121,100,,
2019-06-28 10:07:00.000000000,99566,216,99527,184,99660,184,99450,184,99902,184,99315,284,99937,184,99180,184,100006,100,98652,100,100012,200,98356,100,100046,100,98246,100,100065,100,,,100080,100,,,100121,100,,
2019-06-28 10:07:10.000000000,99566,247,99527,215,99660,212,99450,212,99902,212,99315,312,99937,100,99180,100,100006,100,98652,100,100012,200,98356,100,100046,100,98246,100,100065,100,,,100080,100,,,100121,100,,
2019-06-28 10:07:11.551493893,99566,247,99527,215,99660,212,99450,212,99902,212,99315,312,99937,100,99180,100,100006,100,98863,100,100012,200,98652,100,100046,100,98356,100,100065,100,98246,100,100080,100,,,100121,100,,
2019-06-28 10:07:20.000000000,99566,247,99527,215,99660,212,99450,212,99902,212,99315,312,99937,100,99180,100,100006,100,98863,100,100012,200,98652,100,100046,100,98356,100,100065,100,98246,100,100080,100,,,100121,100,,
2019-06-28 10:07:28.636004006,99566,247,99527,115,99660,212,99450,212,99902,212,99315,212,99937,100,99180,100,100006,100,98863,100,100012,200,98652,100,100046,100,98356,100,100065,100,98246,100,100080,100,,,100121,100,,
2019-06-28 10:07:30.000000000,99566,200,99450,168,99660,168,99315,168,99902,168,99180,168,99937,168,98863,168,100006,168,98652,168,100012,200,98356,100,100046,100,98246,100,100065,100,,,100080,100,,,100121,100,,
2019-06-28 10:07:40.000000000,99566,216,99450,184,99660,184,99315,184,99902,184,99180,184,99937,184,98863,184,100006,100,98652,100,100012,200,98356,100,100046,100,98246,100,100065,100,,,100080,100,,,100121,100,,
2019-06-28 10:07:44.814363343,99565,100,99450,184,99566,216,99315,184,99660,184,99180,184,99902,184,98863,184,99937,184,98652,100,100006,100,98356,100,100012,200,98246,100,100046,100,,,100065,100,,,100080,100,,
2019-06-28 10:07:50.000000000,99565,215,99450,215,99566,244,99315,212,99660,212,99180,212,99902,100,98863,100,99937,100,98652,100,100006,100,98356,100,100012,200,98246,100,100046,100,,,100065,100,,,100080,100,,
2019-06-28 10:08:00.000000000,99565,269,99450,269,99566,301,99315,269,99660,100,99180,100,99902,100,98863,100,99937,100,98652,100,100006,100,98356,100,100012,200,98246,100,100046,100,,,100065,100,,,100080,100,,
2019-06-28 10:08:10.000000000,99565,168,99450,168,99566,200,99315,168,99660,168,99180,168,99902,168,98863,168,99937,168,98652,168,100006,100,98356,100,100012,200,98246,100,100046,100,,,100065,100,,,100080,100,,
2019-06-28 10:08:20.000000000,99565,168,99450,168,99566,200,99315,168,99660,168,99180,168,99902,168,98863,168,99937,168,98652,168,100006,100,98356,100,100012,200,98246,100,100046,100,,,100065,100,,,100080,100,,
2019-06-28 10:08:30.000000000,99565,215,99450,215,99566,244,99315,212,99660,212,99180,212,99902,100,98863,100,99937,100,98652,100,100006,100,98356,100,100012,200,98246,100,100046,100,,,100065,100,,,100080,100,,
