,ask_price_1,ask_size_1,bid_price_1,bid_size_1,ask_price_2,ask_size_2,bid_price_2,bid_size_2,ask_price_3,ask_size_3,bid_price_3,bid_size_3,ask_price_4,ask_size_4,bid_price_4,bid_size_4,ask_price_5,ask_size_5,bid_price_5,bid_size_5,ask_price_6,ask_size_6,bid_price_6,bid_size_6,ask_price_7,ask_size_7,bid_price_7,bid_size_7,ask_price_8,ask_size_8,bid_price_8,bid_size_8,ask_price_9,ask_size_9,bid_price_9,bid_size_9,ask_price_10,ask_size_10,bid_price_10,bid_size_10
2019-06-28 09:30:00.000000001,,,100032,100,,,99895,100,,,,,,,,,,,,,,,,,,,,,,,,,,,,,,,,
2019-06-28 09:30:00.000000002,,,99895,100,,,,,,,,,,,,,,,,,,,,,,,,,,,,,,,,,,,,
2019-06-28 09:30:00.000000003,100168,100,100039,100,,,99895,100,,,,,,,,,,,,,,,,,,,,,,,,,,,,,,,,
2019-06-28 09:30:00.000000005,100168,100,99895,100,,,,,,,,,,,,,,,,,,,,,,,,,,,,,,,,,,,,
2019-06-28 09:30:00.000000009,100168,100,99996,100,,,99895,100,,,,,,,,,,,,,,,,,,,,,,,,,,,,,,,,
2019-06-28 09:30:00.000000011,100168,100,99895,100,,,,,,,,,,,,,,,,,,,,,,,,,,,,,,,,,,,,
2019-06-28 09:30:00.000000012,100168,100,99905,100,,,99895,100,,,,,,,,,,,,,,,,,,,,,,,,,,,,,,,,
2019-06-28 09:30:00.000000013,100029,100,99905,100,100168,100,99895,100,,,,,,,,,,,,,,,,,,,,,,,,,,,,,,,,
2019-06-28 09:30:00.000000014,99997,100,99905,100,100029,100,99895,100,100168,100,,,,,,,,,,,,,,,,,,,,,,,,,,,,,,
2019-06-28 09:30:00.000000015,99997,100,99926,100,100029,100,99905,100,100168,100,99895,100,,,,,,,,,,,,,,,,,,,,,,,,,,,,
2019-06-28 09:30:00.000000018,99997,100,99926,100,100029,100,99905,100,100075,100,99895,100,100168,100,,,,,,,,,,,,,,,,,,,,,,,,,,
2019-06-28 09:30:00.000000020,99997,100,99965,100,100029,100,99926,100,100075,100,99905,100,100168,100,99895,100,,,,,,,,,,,,,,,,,,,,,,,,
2019-06-28 09:30:00.000000021,99997,100,99965,100,100029,100,99926,100,100039,100,99905,100,100075,100,99895,100,100168,100,,,,,,,,,,,,,,,,,,,,,,
2019-06-28 09:30:00.000000022,99997,100,99965,100,100029,100,99926,100,100039,100,99905,100,100052,100,99895,100,100075,100,,,100168,100,,,,,,,,,,,,,,,,,,
2019-06-28 09:30:00.000000025,99997,100,99965,100,100029,100,99926,100,100039,300,99905,100,100052,100,99895,100,100075,100,,,100135,100,,,100168,100,,,,,,,,,,,,,,
2019-06-28 09:30:00.000000026,99997,100,99965,100,100029,100,99926,100,100039,300,99920,100,100052,100,99905,100,100075,100,99895,100,100135,100,,,100168,100,,,,,,,,,,,,,,
2019-06-28 09:30:00.000000028,99997,100,99965,100,100029,100,99934,100,100039,400,99926,100,100052,100,99920,100,100075,100,99905,100,100135,100,99895,100,100168,100,,,,,,,,,,,,,,
2019-06-28 09:30:00.000000029,99997,100,99965,100,100029,100,99934,100,100039,400,99926,100,100052,100,99920,100,100075,100,99905,100,100079,100,99895,100,100135,100,,,100168,100,,,,,,,,,,
2019-06-28 09:30:00.000000036,99997,100,99965,100,100029,100,99934,100,100039,400,99926,100,100052,100,99920,100,100069,100,99905,100,100075,100,99895,100,100079,100,,,100135,100,,,100168,100,,,,,,
2019-06-28 09:30:00.000000037,99966,100,99965,100,99997,100,99934,100,100029,100,99926,100,100039,400,99920,100,100052,100,99905,100,100069,100,99895,100,100075,100,,,100079,100,,,100135,100,,,100168,100,,
2019-06-28 09:30:00.000000039,99966,100,99965,100,99997,100,99934,100,100029,100,99926,100,100039,500,99923,100,100052,100,99920,100,100069,100,99905,100,100075,100,99895,100,100079,100,,,100135,100,,,100168,100,,
2019-06-28 09:30:00.000000048,99966,100,99965,100,99997,100,99963,100,100029,100,99934,100,100039,500,99926,100,100052,100,99923,100,100069,100,99920,100,100075,100,99905,100,100079,100,99895,100,100135,100,,,100168,100,,
2019-06-28 09:30:00.000000049,99997,100,99965,100,100029,100,99963,100,100039,500,99934,100,100052,100,99926,100,100069,100,99923,100,100075,100,99920,100,100079,100,99905,100,100135,100,99895,100,100168,100,,,,,,
2019-06-28 09:30:00.000000052,99997,100,99965,100,100029,100,99963,100,100039,500,99934,100,100052,100,99926,100,100069,100,99923,100,100075,100,99920,200,100079,100,99905,100,100135,100,99895,100,100168,100,,,,,,
2019-06-28 09:30:00.000000054,99997,100,99965,100,100029,100,99963,100,100039,500,99934,100,100048,100,99926,100,100052,100,99923,100,100069,100,99920,200,100075,100,99905,100,100079,100,99895,100,100098,100,,,100135,100,,
2019-06-28 09:30:00.000000056,100029,100,99965,100,100039,500,99963,100,100048,100,99934,100,100052,100,99926,100,100069,100,99923,100,100075,100,99920,200,100079,100,99905,100,100098,100,99895,100,100135,100,,,100168,100,,
2019-06-28 09:30:00.000000057,100029,100,99965,100,100039,500,99963,100,100048,100,99934,100,100052,100,99926,100,100069,100,99923,100,100075,100,99920,200,100079,100,99905,100,100098,100,99895,100,100135,100,,,100141,100,,
2019-06-28 09:30:00.000000058,100029,100,99991,100,100039,500,99965,100,100048,100,99963,100,100052,100,99934,100,100069,100,99926,100,100075,100,99923,100,100079,100,99920,200,100098,100,99905,100,100135,100,99895,100,100141,100,,
2019-06-28 09:30:00.000000060,99997,100,99991,100,100029,100,99966,100,100039,500,99965,100,100048,100,99963,100,100052,100,99934,100,100069,100,99926,100,100075,100,99923,100,100079,100,99920,200,100098,100,99905,100,100135,100,99895,100
2019-06-28 09:30:00.000000061,99997,200,99991,100,100029,100,99966,100,100039,500,99965,100,100048,100,99963,100,100052,100,99934,100,100069,100,99926,100,100075,100,99923,100,100079,100,99920,200,100098,100,99905,100,100135,100,99895,100
2019-06-28 09:30:00.000000062,99997,200,99991,100,100029,100,99966,100,100039,500,99965,100,100043,100,99963,100,100048,100,99934,100,100052,100,99926,100,100057,100,99923,100,100069,100,99920,200,100075,100,99905,100,100079,100,99895,100
2019-06-28 09:30:00.000000063,99997,200,99991,100,100029,100,99966,100,100039,500,99965,100,100043,100,99963,100,100048,100,99950,100,100052,100,99934,100,100057,100,99926,100,100069,100,99923,100,100075,100,99920,200,100079,100,99905,100
2019-06-28 09:30:00.000000065,99997,100,99991,100,100029,100,99966,100,100039,500,99965,100,100043,100,99963,100,100048,100,99950,100,100052,100,99934,100,100057,100,99926,100,100069,100,99923,100,100075,100,99920,200,100079,100,99905,100
2019-06-28 09:30:00.000000072,99996,200,99991,100,99997,100,99966,100,100029,100,99965,100,100039,500,99963,100,100043,100,99950,100,100048,100,99934,100,100052,100,99926,100,100057,100,99923,100,100069,100,99920,200,100075,100,99905,100
2019-06-28 09:30:00.000000074,99996,100,99991,100,99997,100,99966,100,100029,100,99965,100,100039,500,99963,100,100043,100,99950,100,100048,100,99934,100,100052,100,99926,100,100057,100,99923,100,100069,100,99920,200,100075,100,99905,100
2019-06-28 09:30:00.000000077,99995,100,99991,100,99996,100,99966,100,99997,100,99965,100,100029,100,99963,100,100039,500,99950,100,100043,100,99934,100,100048,100,99926,100,100052,100,99923,100,100057,100,99920,200,100069,100,99905,100
2019-06-28 09:30:00.000000080,99995,100,99991,100,99996,100,99966,100,99997,100,99965,100,100029,100,99963,100,100039,500,99950,100,100043,100,99934,100,100048,100,99926,100,100052,100,99923,100,100057,100,99920,200,100059,100,99905,100
2019-06-28 09:30:00.000000083,99995,100,99991,100,99996,100,99966,100,99997,100,99965,100,100029,100,99963,100,100039,500,99950,100,100043,100,99934,100,100048,100,99926,100,100052,100,99923,100,100057,100,99920,200,100059,100,99905,100
2019-06-28 09:30:00.000000086,99996,100,99991,100,99997,100,99966,100,100029,100,99965,100,100039,500,99963,100,100043,100,99950,100,100048,100,99934,100,100052,100,99926,100,100057,100,99923,100,100059,100,99920,200,100069,100,99916,100
2019-06-28 09:30:00.000000087,99996,100,99966,100,99997,100,99965,100,100029,100,99963,100,100039,500,99950,100,100043,100,99934,100,100048,100,99926,100,100052,100,99923,100,100057,100,99920,200,100059,100,99916,100,100069,100,99905,100
2019-06-28 09:30:00.000000088,99996,100,99966,100,99997,100,99965,100,100029,100,99963,100,100039,500,99950,100,100043,100,99934,100,100048,100,99926,100,100052,100,99923,100,100057,100,99920,200,100059,100,99916,100,100069,100,99905,100
2019-06-28 09:30:00.000000089,99996,100,99991,100,99997,100,99966,100,100029,100,99965,100,100039,500,99963,100,100043,100,99950,100,100048,100,99934,100,100052,100,99926,100,100057,100,99923,100,100059,100,99920,200,100069,100,99916,100
2019-06-28 09:30:00.000000090,99996,100,99991,200,99997,100,99966,100,100029,100,99965,100,100039,500,99963,100,100043,100,99950,100,100048,100,99934,100,100052,100,99926,100,100057,100,99923,100,100059,100,99920,200,100069,100,99916,100
2019-06-28 09:30:00.000000091,99996,100,99991,200,99997,100,99966,100,100029,100,99965,100,100039,500,99963,100,100043,100,99950,100,100048,100,99934,100,100052,100,99926,100,100057,100,99923,100,100059,100,99920,200,100069,100,99916,100
2019-06-28 09:30:00.000000092,99996,100,99991,100,99997,100,99966,100,100029,100,99965,100,100039,500,99963,100,100043,100,99950,100,100048,100,99934,100,100052,100,99926,100,100057,100,99923,100,100059,100,99920,200,100069,100,99916,100
2019-06-28 09:30:00.000000095,99996,100,99966,100,99997,100,99965,100,100029,100,99963,100,100039,500,99950,100,100043,100,99934,100,100048,100,99926,100,100049,100,99923,100,100052,100,99920,200,100057,100,99916,100,100059,100,99905,100
2019-06-28 09:30:00.000000096,99996,100,99978,100,99997,100,99966,100,100029,100,99965,100,100039,500,99963,100,100043,100,99950,100,100048,100,99934,100,100049,100,99926,100,100052,100,99923,100,100057,100,99920,200,100059,100,99916,100
2019-06-28 09:30:00.000000098,99996,100,99966,100,99997,100,99965,100,100029,100,99963,100,100039,500,99950,100,100043,100,99934,100,100048,100,99926,100,100049,100,99923,100,100052,100,99920,200,100057,100,99916,100,100059,100,99905,100
2019-06-28 09:30:00.000000099,99996,100,99966,100,99997,100,99965,100,100029,100,99963,100,100039,500,99950,100,100043,100,99934,100,100048,100,99926,100,100049,100,99923,100,100052,100,99920,200,100057,100,99916,100,100059,100,99905,100
2019-06-28 09:30:10.000000000,99996,176,99966,176,99997,176,99965,176,100029,176,99963,176,100039,576,99950,176,100043,176,99934,176,100048,100,99926,100,100049,100,99923,100,100052,100,99920,200,100057,100,99916,100,100059,100,99905,100
2019-06-28 09:30:18.383912312,99991,100,99966,176,99996,176,99965,176,99997,176,99963,176,100029,176,99950,176,100039,576,99934,176,100043,176,99926,100,100048,100,99923,100,100049,100,99920,200,100052,100,99916,100,100057,100,99905,100
2019-06-28 09:30:20.000000000,99991,482,99966,482,99996,100,99965,100,99997,100,99963,100,100029,100,99950,100,100039,500,99934,100,100043,100,99926,100,100048,100,99923,100,100049,100,99920,200,100052,100,99916,100,100057,100,99905,100
2019-06-28 09:30:30.000000000,99991,291,99966,291,99996,291,99965,291,99997,100,99963,100,100029,100,99950,100,100039,500,99934,100,100043,100,99926,100,100048,100,99923,100,100049,100,99920,200,100052,100,99916,100,100057,100,99905,100
2019-06-28 09:30:40.000000000,99991,482,99966,482,99996,100,99965,100,99997,100,99963,100,100029,100,99950,100,100039,500,99934,100,100043,100,99926,100,100048,100,99923,100,100049,100,99920,200,100052,100,99916,100,100057,100,99905,100
2019-06-28 09:30:41.416033920,99991,482,99966,482,99996,100,99965,100,99997,100,99963,100,100029,100,99950,100,100039,500,99934,100,100043,100,99926,100,100048,100,99920,200,100049,100,99916,100,100052,100,99905,100,100057,100,99895,100
2019-06-28 09:30:50.000000000,99991,482,99966,482,99996,100,99965,100,99997,100,99963,100,100029,100,99950,100,100039,500,99934,100,100043,100,99926,100,100048,100,99920,200,100049,100,99916,100,100052,100,99905,100,100057,100,99895,100
2019-06-28 09:31:00.000000000,99991,291,99966,291,99996,291,99965,291,99997,100,99963,100,100029,100,99950,100,100039,500,99934,100,100043,100,99926,100,100048,100,99920,200,100049,100,99916,100,100052,100,99905,100,100057,100,99895,100
2019-06-28 09:31:10.000000000,99991,196,99966,196,99996,196,99965,196,99997,196,99963,196,100029,196,99950,196,100039,500,99934,100,100043,100,99926,100,100048,100,99920,200,100049,100,99916,100,100052,100,99905,100,100057,100,99895,100
2019-06-28 09:31:20.000000000,99991,196,99966,196,99996,196,99965,196,99997,196,99963,196,100029,196,99950,196,100039,500,99934,100,100043,100,99926,100,100048,100,99920,200,100049,100,99916,100,100052,100,99905,100,100057,100,99895,100
2019-06-28 09:31:24.885404832,99991,96,99966,196,99996,196,99965,196,99997,196,99963,196,100029,196,99950,196,100039,500,99934,100,100043,100,99926,100,100048,100,99920,200,100049,100,99916,100,100052,100,99905,100,100057,100,99895,100
2019-06-28 09:31:30.000000000,99996,176,99966,176,99997,176,99965,176,100029,176,99963,176,100039,576,99950,176,100043,176,99934,176,100048,100,99926,100,100049,100,99920,200,100052,100,99916,100,100057,100,99905,100,100059,100,99895,100
2019-06-28 09:31:40.000000000,99996,176,99966,176,99997,176,99965,176,100029,176,99963,176,100039,576,99950,176,100043,176,99934,176,100048,100,99926,100,100049,100,99920,200,100052,100,99916,100,100057,100,99905,100,100059,100,99895,100
2019-06-28 09:31:50.000000000,99996,230,99966,230,99997,226,99965,226,100029,226,99963,226,100039,500,99950,100,100043,100,99934,100,100048,100,99926,100,100049,100,99920,200,100052,100,99916,100,100057,100,99905,100,100059,100,99895,100
2019-06-28 09:31:53.653850243,99996,230,99966,230,99997,226,99965,226,100029,226,99963,226,100039,500,99950,100,100043,100,99934,100,100048,100,99926,100,100049,100,99920,200,100052,100,99916,100,100057,100,99895,100,100059,100,99870,100
2019-06-28 09:32:00.000000000,99996,482,99966,482,99997,100,99965,100,100029,100,99963,100,100039,500,99950,100,100043,100,99934,100,100048,100,99926,100,100049,100,99920,200,100052,100,99916,100,100057,100,99895,100,100059,100,99870,100
2019-06-28 09:32:04.488408876,99996,482,99966,482,99997,100,99965,100,100029,100,99963,100,100039,500,99950,100,100043,100,99934,100,100049,100,99926,100,100052,100,99920,200,100057,100,99916,100,100059,100,99895,100,100069,100,99891,100
2019-06-28 09:32:10.000000000,99996,176,99966,176,99997,176,99965,176,100029,176,99963,176,100039,576,99950,176,100043,176,99934,176,100049,100,99926,100,100052,100,99920,200,100057,100,99916,100,100059,100,99895,100,100069,100,99891,100
2019-06-28 09:32:14.399814665,99996,176,99966,176,99997,176,99965,176,100029,176,99963,176,100039,576,99950,176,100043,176,99934,176,100045,100,99926,100,100049,100,99920,200,100052,100,99916,100,100057,100,99895,100,100069,100,99891,100
2019-06-28 09:32:16.612836670,99996,76,99978,100,99997,176,99966,176,100029,176,99965,176,100039,576,99963,176,100043,176,99950,176,100045,100,99934,176,100049,100,99926,100,100052,100,99920,200,100057,100,99916,100,100069,100,99895,100
2019-06-28 09:32:18.553372909,99997,176,99996,24,100029,176,99978,100,100039,576,99966,176,100043,176,99965,176,100045,100,99963,176,100049,100,99950,176,100052,100,99934,176,100057,100,99926,100,100069,100,99920,200,100075,200,99916,100
2019-06-28 09:32:20.000000000,99997,291,99996,215,100029,291,99978,291,100039,500,99966,100,100043,100,99965,100,100045,100,99963,100,100049,100,99950,100,100052,100,99934,100,100057,100,99926,100,100069,100,99920,200,100075,200,99916,100
2019-06-28 09:32:30.000000000,99997,176,99996,100,100029,176,99978,176,100039,576,99966,176,100043,176,99965,176,100045,176,99963,176,100049,100,99950,100,100052,100,99934,100,100057,100,99926,100,100069,100,99920,200,100075,200,99916,100
2019-06-28 09:32:36.657028289,99997,176,99996,100,100029,176,99978,176,100039,576,99966,176,100043,76,99965,176,100045,176,99963,176,100049,100,99950,100,100052,100,99934,100,100057,100,99926,100,100069,100,99920,200,100075,200,99916,100
2019-06-28 09:32:36.855428091,99997,176,99996,100,100029,176,99978,176,100039,576,99966,176,100043,76,99965,176,100045,176,99963,176,100049,100,99950,100,100052,100,99934,100,100057,100,99926,100,100069,100,99920,100,100075,200,99916,100
2019-06-28 09:32:40.000000000,99997,196,99996,120,100029,196,99978,196,100039,596,99966,196,100045,196,99965,196,100049,100,99963,100,100052,100,99950,100,100057,100,99934,100,100069,100,99926,100,100075,200,99920,100,100079,100,99916,100
2019-06-28 09:32:49.752571660,99997,96,99996,120,100029,196,99978,196,100039,596,99966,196,100045,196,99965,196,100049,100,99963,100,100052,100,99950,100,100057,100,99934,100,100069,100,99926,100,100075,100,99920,100,100079,100,99916,100
2019-06-28 09:32:50.000000000,100029,482,99996,406,100039,500,99978,100,100045,100,99966,100,100049,100,99965,100,100052,100,99963,100,100057,100,99950,100,100069,100,99934,100,100075,100,99926,100,100079,100,99920,100,100098,100,99916,100
2019-06-28 09:33:00.000000000,100029,230,99996,154,100039,626,99978,226,100045,226,99966,226,100049,100,99965,100,100052,100,99963,100,100057,100,99950,100,100069,100,99934,100,100075,100,99926,100,100079,100,99920,100,100098,100,99916,100
2019-06-28 09:33:10.000000000,100029,230,99996,154,100039,626,99978,226,100045,226,99966,226,100049,100,99965,100,100052,100,99963,100,100057,100,99950,100,100069,100,99934,100,100075,100,99926,100,100079,100,99920,100,100098,100,99916,100
2019-06-28 09:33:20.000000000,100029,230,99996,154,100039,626,99978,226,100045,226,99966,226,100049,100,99965,100,100052,100,99963,100,100057,100,99950,100,100069,100,99934,100,100075,100,99926,100,100079,100,99920,100,100098,100,99916,100
2019-06-28 09:33:30.000000000,100029,230,99996,154,100039,626,99978,226,100045,226,99966,226,100049,100,99965,100,100052,100,99963,100,100057,100,99950,100,100069,100,99934,100,100075,100,99926,100,100079,100,99920,100,100098,100,99916,100
2019-06-28 09:33:40.000000000,100029,482,99996,406,100039,500,99978,100,100045,100,99966,100,100049,100,99965,100,100052,100,99963,100,100057,100,99950,100,100069,100,99934,100,100075,100,99926,100,100079,100,99920,100,100098,100,99916,100
2019-06-28 09:33:50.000000000,100029,291,99996,215,100039,691,99978,291,100045,100,99966,100,100049,100,99965,100,100052,100,99963,100,100057,100,99950,100,100069,100,99934,100,100075,100,99926,100,100079,100,99920,100,100098,100,99916,100
2019-06-28 09:33:58.633253082,100029,291,99996,215,100039,691,99978,291,100045,100,99966,100,100049,100,99965,100,100052,100,99963,100,100057,100,99950,100,100069,100,99934,100,100075,100,99926,100,100079,100,99920,100,100098,100,99916,100
2019-06-28 09:34:00.000000000,100029,230,99996,154,100039,626,99978,226,100045,226,99966,226,100049,100,99965,100,100052,100,99963,100,100057,100,99950,100,100069,100,99934,100,100075,100,99926,100,100079,100,99920,100,100098,100,99916,100
2019-06-28 09:34:09.173882384,100029,130,99996,154,100039,626,99978,226,100045,226,99966,226,100049,100,99965,100,100052,100,99963,100,100057,100,99950,100,100069,100,99934,100,100075,100,99926,100,100079,100,99920,100,100098,100,99895,100
2019-06-28 09:34:10.000000000,100039,691,99996,215,100045,291,99978,291,100049,100,99966,100,100052,100,99965,100,100057,100,99963,100,100069,100,99950,100,100075,100,99934,100,100079,100,99926,100,100098,100,99920,100,100107,100,99895,100
2019-06-28 09:34:12.706456294,100039,591,99996,215,100045,291,99978,291,100049,100,99966,100,100052,100,99965,100,100057,100,99963,100,100069,100,99950,100,100075,100,99934,100,100079,100,99926,100,100098,100,99920,100,100107,100,99895,100
2019-06-28 09:34:20.000000000,100039,476,99996,100,100045,176,99978,176,100049,176,99966,176,100052,176,99965,176,100057,176,99963,176,100069,100,99950,100,100075,100,99934,100,100079,100,99926,100,100098,100,99920,100,100107,100,99895,100
2019-06-28 09:34:27.983768296,100039,376,99996,100,100045,176,99978,176,100049,176,99966,176,100052,176,99965,176,100057,176,99963,176,100069,100,99950,100,100075,100,99934,100,100079,100,99926,100,100098,100,99920,100,100133,100,99895,100
2019-06-28 09:34:30.000000000,100039,682,99996,406,100045,100,99978,100,100049,100,99966,100,100052,100,99965,100,100057,100,99963,100,100069,100,99950,100,100075,100,99934,100,100079,100,99926,100,100098,100,99920,100,100133,100,99895,100
2019-06-28 09:34:34.374915091,100039,682,99996,406,100045,100,99978,100,100049,100,99966,100,100052,100,99965,100,100057,100,99963,100,100069,100,99950,100,100075,100,99934,100,100079,100,99926,100,100098,100,99920,100,100133,100,99895,100
2019-06-28 09:34:39.576840691,100039,682,99996,406,100045,100,99978,100,100049,100,99966,100,100052,100,99965,100,100057,100,99963,100,100069,100,99950,100,100075,100,99934,100,100079,100,99926,100,100098,100,99920,100,100133,100,99895,100
2019-06-28 09:34:40.000000000,100039,376,99996,100,100045,176,99978,176,100049,176,99966,176,100052,176,99965,176,100057,176,99963,176,100069,100,99950,100,100075,100,99934,100,100079,100,99926,100,100098,100,99920,100,100133,100,99895,100
2019-06-28 09:34:50.000000000,100039,491,99996,215,100045,291,99978,291,100049,100,99966,100,100052,100,99965,100,100057,100,99963,100,100069,100,99950,100,100075,100,99934,100,100079,100,99926,100,100098,100,99920,100,100133,100,99895,100
2019-06-28 09:35:00.000000000,100039,430,99996,154,100045,226,99978,226,100049,226,99966,226,100052,100,99965,100,100057,100,99963,100,100069,100,99950,100,100075,100,99934,100,100079,100,99926,100,100098,100,99920,100,100133,100,99895,100
2019-06-28 09:35:05.522478749,100039,330,99996,154,100045,226,99978,226,100049,226,99966,226,100052,100,99965,100,100057,100,99963,100,100069,100,99950,100,100079,100,99934,100,100098,100,99926,100,100133,100,99920,100,100135,100,99895,100
2019-06-28 09:35:10.000000000,100039,330,99996,154,100045,226,99978,226,100049,226,99966,226,100052,100,99965,100,100057,100,99963,100,100069,100,99950,100,100079,100,99934,100,100098,100,99926,100,100133,100,99920,100,100135,100,99895,100
2019-06-28 09:35:20.000000000,100039,276,99996,100,100045,176,99978,176,100049,176,99966,176,100052,176,99965,176,100057,176,99963,176,100069,100,99950,100,100079,100,99934,100,100098,100,99926,100,100133,100,99920,100,100135,100,99895,100
2019-06-28 09:35:27.518131179,100039,276,99996,100,100045,176,99978,176,100049,176,99966,176,100052,176,99965,176,100057,176,99963,176,100069,100,99950,100,100079,100,99934,100,100098,100,99926,100,100133,100,99920,100,100135,100,99895,100
2019-06-28 09:35:30.000000000,100039,296,99996,120,100045,196,99978,196,100049,196,99966,196,100052,196,99965,196,100057,100,99963,100,100069,100,99950,100,100079,100,99934,100,100098,100,99926,100,100133,100,99920,100,100135,100,99895,100
2019-06-28 09:35:30.443710320,100039,296,99996,120,100045,196,99978,196,100049,196,99966,196,100052,196,99965,196,100057,100,99963,100,100069,100,99950,100,100098,100,99934,100,100133,100,99926,100,100135,100,99920,100,100187,100,99895,100
2019-06-28 09:35:40.000000000,100039,391,99996,215,100045,291,99978,291,100049,100,99966,100,100052,100,99965,100,100057,100,99963,100,100069,100,99950,100,100098,100,99934,100,100133,100,99926,100,100135,100,99920,100,100187,100,99895,100
2019-06-28 09:35:43.067439375,100039,391,99996,215,100045,291,99978,291,100049,100,99966,100,100052,100,99965,100,100057,100,99963,100,100069,100,99950,100,100098,100,99934,100,100133,100,99926,100,100135,100,99920,100,100187,100,99891,100
2019-06-28 09:35:50.000000000,100039,582,99996,406,100045,100,99978,100,100049,100,99966,100,100052,100,99965,100,100057,100,99963,100,100069,100,99950,100,100098,100,99934,100,100133,100,99926,100,100135,100,99920,100,100187,100,99891,100
2019-06-28 09:35:56.734740469,100039,382,99996,406,100045,100,99978,100,100049,100,99966,100,100052,100,99965,100,100057,100,99963,100,100069,100,99950,100,100098,100,99934,100,100133,100,99926,100,100135,100,99920,100,100187,100,99891,100
2019-06-28 09:35:57.883033613,100039,282,99996,406,100045,100,99978,100,100049,100,99966,100,100052,100,99965,100,100057,100,99963,100,100069,100,99950,100,100098,100,99934,100,100133,100,99926,100,100135,100,99920,100,100187,100,99891,100
2019-06-28 09:36:00.000000000,100045,291,99996,215,100049,291,99978,291,100052,100,99966,100,100057,100,99965,100,100069,100,99963,100,100098,100,99950,100,100133,100,99934,100,100135,100,99926,100,100187,100,99920,100,100189,100,99891,100
2019-06-28 09:36:10.000000000,100045,291,99996,215,100049,291,99978,291,100052,100,99966,100,100057,100,99965,100,100069,100,99963,100,100098,100,99950,100,100133,100,99934,100,100135,100,99926,100,100187,100,99920,100,100189,100,99891,100
2019-06-28 09:36:16.007558892,100045,191,99996,215,100049,291,99978,291,100052,100,99966,100,100057,100,99965,100,100069,100,99963,100,100098,100,99950,100,100133,100,99934,100,100135,100,99926,100,100189,100,99920,100,100195,100,99891,100
2019-06-28 09:36:20.000000000,100049,291,99996,215,100052,291,99978,291,100057,100,99966,100,100069,100,99965,100,100098,100,99963,100,100133,100,99950,100,100135,100,99934,100,100189,100,99926,100,100195,100,99920,100,100243,100,99891,100
2019-06-28 09:36:22.171996406,100049,191,99996,215,100052,291,99978,291,100057,100,99966,100,100069,100,99965,100,100098,100,99963,100,100133,100,99950,100,100135,100,99934,100,100189,100,99926,100,100195,100,99920,100,100243,100,99891,100
2019-06-28 09:36:25.171747678,100049,191,99996,215,100052,291,99978,291,100057,100,99966,100,100069,100,99965,100,100098,100,99963,100,100135,100,99950,100,100189,100,99934,100,100195,100,99926,100,100243,100,99920,100,100269,100,99891,100
2019-06-28 09:36:30.000000000,100052,176,99996,100,100057,176,99978,176,100069,176,99966,176,100098,176,99965,176,100135,176,99963,176,100189,100,99950,100,100195,100,99934,100,100243,100,99926,100,100269,100,99920,100,100334,100,99891,100
2019-06-28 09:36:30.345827483,100052,76,99996,100,100057,176,99978,176,100069,176,99966,176,100098,176,99965,176,100135,176,99963,176,100189,100,99950,100,100195,100,99934,100,100243,100,99926,100,100269,100,99891,100,100334,100,99870,100
2019-06-28 09:36:40.000000000,100057,291,99996,215,100069,291,99978,291,100098,100,99966,100,100135,100,99965,100,100189,100,99963,100,100195,100,99950,100,100243,100,99934,100,100269,100,99926,100,100334,100,99891,100,100360,100,99870,100
2019-06-28 09:36:50.000000000,100057,291,99996,215,100069,291,99978,291,100098,100,99966,100,100135,100,99965,100,100189,100,99963,100,100195,100,99950,100,100243,100,99934,100,100269,100,99926,100,100334,100,99891,100,100360,100,99870,100
2019-06-28 09:36:53.941389136,100057,291,99996,215,100069,291,99978,291,100098,100,99966,100,100135,100,99965,100,100189,100,99963,100,100195,100,99950,100,100243,100,99934,100,100269,100,99926,100,100334,100,99891,100,100360,100,99870,100
2019-06-28 09:37:00.000000000,100057,482,99996,406,100069,100,99978,100,100098,100,99966,100,100135,100,99965,100,100189,100,99963,100,100195,100,99950,100,100243,100,99934,100,100269,100,99926,100,100334,100,99891,100,100360,100,99870,100
2019-06-28 09:37:04.869344266,100057,482,99996,406,100069,100,99978,100,100098,100,99966,100,100135,100,99965,100,100189,100,99963,100,100195,100,99950,100,100243,100,99934,100,100269,100,99926,100,100334,100,99891,100,100360,100,99870,100
2019-06-28 09:37:10.000000000,100057,482,99996,406,100069,100,99978,100,100098,100,99966,100,100135,100,99965,100,100189,100,99963,100,100195,100,99950,100,100243,100,99934,100,100269,100,99926,100,100334,100,99891,100,100360,100,99870,100
2019-06-28 09:37:20.000000000,100057,482,99996,406,100069,100,99978,100,100098,100,99966,100,100135,100,99965,100,100189,100,99963,100,100195,100,99950,100,100243,100,99934,100,100269,100,99926,100,100334,100,99891,100,100360,100,99870,100
2019-06-28 09:37:26.228889410,100057,482,99996,406,100069,100,99978,100,100098,100,99966,100,100135,100,99965,100,100189,100,99963,100,100195,100,99950,100,100243,100,99934,100,100269,100,99926,100,100334,100,99891,100,100377,100,99870,100
2019-06-28 09:37:30.000000000,100057,230,99996,154,100069,226,99978,226,100098,226,99966,226,100135,100,99965,100,100189,100,99963,100,100195,100,99950,100,100243,100,99934,100,100269,100,99926,100,100334,100,99891,100,100377,100,99870,100
2019-06-28 09:37:40.000000000,100057,196,99996,120,100069,196,99978,196,100098,196,99966,196,100135,196,99965,196,100189,100,99963,100,100195,100,99950,100,100243,100,99934,100,100269,100,99926,100,100334,100,99891,100,100377,100,99870,100
2019-06-28 09:37:50.000000000,100057,176,99996,100,100069,176,99978,176,100098,176,99966,176,100135,176,99965,176,100189,176,99963,176,100195,100,99950,100,100243,100,99934,100,100269,100,99926,100,100334,100,99891,100,100377,100,99870,100
2019-06-28 09:38:00.000000000,100057,482,99996,406,100069,100,99978,100,100098,100,99966,100,100135,100,99965,100,100189,100,99963,100,100195,100,99950,100,100243,100,99934,100,100269,100,99926,100,100334,100,99891,100,100377,100,99870,100
2019-06-28 09:38:10.000000000,100057,291,99996,215,100069,291,99978,291,100098,100,99966,100,100135,100,99965,100,100189,100,99963,100,100195,100,99950,100,100243,100,99934,100,100269,100,99926,100,100334,100,99891,100,100377,100,99870,100
2019-06-28 09:38:14.565843550,100057,191,99996,215,100069,291,99978,291,100098,100,99966,100,100135,100,99965,100,100189,100,99963,100,100195,100,99950,100,100243,100,99934,100,100269,100,99926,100,100334,100,99891,100,100377,100,99870,100
2019-06-28 09:38:20.000000000,100069,230,99996,154,100098,226,99978,226,100135,226,99966,226,100189,100,99965,100,100195,100,99963,100,100243,100,99950,100,100269,100,99934,100,100334,100,99926,100,100377,100,99891,100,100407,100,99870,100
2019-06-28 09:38:30.000000000,100069,482,99996,406,100098,100,99978,100,100135,100,99966,100,100189,100,99965,100,100195,100,99963,100,100243,100,99950,100,100269,100,99934,100,100334,100,99926,100,100377,100,99891,100,100407,100,99870,100
2019-06-28 09:38:40.000000000,100069,230,99996,154,100098,226,99978,226,100135,226,99966,226,100189,100,99965,100,100195,100,99963,100,100243,100,99950,100,100269,100,99934,100,100334,100,99926,100,100377,100,99891,100,100407,100,99870,100
2019-06-28 09:38:45.056448275,100069,230,99996,154,100098,226,99978,226,100135,226,99966,226,100189,100,99965,100,100195,100,99963,100,100243,100,99950,100,100269,100,99934,100,100334,100,99926,100,100377,100,99891,100,100407,100,99870,100
2019-06-28 09:38:50.000000000,100069,176,99996,100,100098,176,99978,176,100135,176,99966,176,100189,176,99965,176,100195,176,99963,176,100243,100,99950,100,100269,100,99934,100,100334,100,99926,100,100377,100,99891,100,100407,100,99870,100
2019-06-28 09:38:57.753954666,100069,176,99996,100,100098,176,99978,176,100135,176,99966,176,100189,176,99965,176,100195,176,99963,176,100243,100,99950,100,100269,100,99934,100,100334,100,99926,100,100377,100,99891,100,100407,100,99870,100
2019-06-28 09:38:58.998926481,100069,76,99996,100,100098,176,99978,176,100135,176,99966,176,100189,176,99965,176,100195,176,99963,176,100243,100,99950,100,100269,100,99934,100,100334,100,99926,100,100377,100,99891,100,100407,100,99870,100
2019-06-28 09:39:00.000000000,100098,482,99996,406,100135,100,99978,100,100189,100,99966,100,100195,100,99965,100,100243,100,99963,100,100269,100,99950,100,100334,100,99934,100,100377,100,99926,100,100407,100,99891,100,100521,100,99870,100
2019-06-28 09:39:10.000000000,100098,291,99996,215,100135,291,99978,291,100189,100,99966,100,100195,100,99965,100,100243,100,99963,100,100269,100,99950,100,100334,100,99934,100,100377,100,99926,100,100407,100,99891,100,100521,100,99870,100
2019-06-28 09:39:20.000000000,100098,196,99996,120,100135,196,99978,196,100189,196,99966,196,100195,196,99965,196,100243,100,99963,100,100269,100,99950,100,100334,100,99934,100,100377,100,99926,100,100407,100,99891,100,100521,100,99870,100
2019-06-28 09:39:26.214327367,100098,196,99996,120,100135,196,99978,196,100189,196,99966,196,100195,196,99965,196,100243,100,99963,100,100269,100,99950,100,100334,100,99934,100,100377,100,99926,100,100407,100,99891,100,100521,100,99870,100
2019-06-28 09:39:30.000000000,100098,230,99996,154,100135,226,99978,226,100189,226,99966,226,100195,100,99965,100,100243,100,99963,100,100269,100,99950,100,100334,100,99934,100,100377,100,99926,100,100407,100,99891,100,100521,100,99870,100
2019-06-28 09:39:40.000000000,100098,196,99996,120,100135,196,99978,196,100189,196,99966,196,100195,196,99965,196,100243,100,99963,100,100269,100,99950,100,100334,100,99934,100,100377,100,99926,100,100407,100,99891,100,100521,100,99870,100
2019-06-28 09:39:50.000000000,100098,176,99996,100,100135,176,99978,176,100189,176,99966,176,100195,176,99965,176,100243,176,99963,176,100269,100,99950,100,100334,100,99934,100,100377,100,99926,100,100407,100,99891,100,100521,100,99870,100
2019-06-28 09:39:59.540923724,100098,176,99978,176,100135,176,99966,176,100189,176,99965,176,100195,176,99963,176,100243,76,99950,100,100269,100,99934,100,100334,100,99926,100,100377,100,99891,100,100407,100,99870,100,100521,100,99845,100
2019-06-28 09:40:00.000000000,100098,291,99978,291,100135,291,99966,291,100189,100,99965,100,100195,100,99963,100,100269,100,99950,100,100334,100,99934,100,100377,100,99926,100,100407,100,99891,100,100521,100,99870,100,100551,100,99845,100
2019-06-28 09:40:06.982029136,100098,291,99978,291,100135,291,99966,291,100189,100,99965,100,100195,100,99963,100,100269,100,99950,100,100334,100,99934,100,100377,100,99926,100,100407,100,99891,100,100521,100,99870,100,100551,100,99845,100
2019-06-28 09:40:10.000000000,100098,230,99978,230,100135,226,99966,226,100189,226,99965,226,100195,100,99963,100,100269,100,99950,100,100334,100,99934,100,100377,100,99926,100,100407,100,99891,100,100521,100,99870,100,100551,100,99845,100
2019-06-28 09:40:20.000000000,100098,196,99978,196,100135,196,99966,196,100189,196,99965,196,100195,196,99963,196,100269,100,99950,100,100334,100,99934,100,100377,100,99926,100,100407,100,99891,100,100521,100,99870,100,100551,100,99845,100
2019-06-28 09:40:30.000000000,100098,196,99978,196,100135,196,99966,196,100189,196,99965,196,100195,196,99963,196,100269,100,99950,100,100334,100,99934,100,100377,100,99926,100,100407,100,99891,100,100521,100,99870,100,100551,100,99845,100
2019-06-28 09:40:37.336162841,100098,196,99978,96,100135,196,99966,196,100189,196,99965,196,100195,196,99963,196,100269,100,99950,100,100334,100,99934,100,100407,100,99926,100,100521,100,99891,100,100551,100,99870,100,100678,100,99845,100
2019-06-28 09:40:39.269064676,99996,100,99978,96,100098,196,99966,196,100135,196,99965,196,100189,196,99963,196,100195,196,99950,100,100269,100,99934,100,100334,100,99926,100,100407,100,99891,100,100521,100,99870,100,100551,100,99845,100
2019-06-28 09:40:40.000000000,99996,196,99966,196,100098,196,99965,196,100135,196,99963,196,100189,196,99950,196,100195,100,99934,100,100269,100,99926,100,100334,100,99891,100,100407,100,99870,100,100521,100,99845,100,100551,100,99368,100
2019-06-28 09:40:40.267473160,99996,196,99966,96,100098,196,99965,196,100135,196,99963,196,100189,196,99950,196,100195,100,99934,100,100269,100,99926,100,100334,100,99891,100,100407,100,99870,100,100521,100,99845,100,100551,100,99368,100
2019-06-28 09:40:50.000000000,99996,176,99965,176,100098,176,99963,176,100135,176,99950,176,100189,176,99934,176,100195,176,99926,176,100269,100,99891,100,100334,100,99870,100,100407,100,99845,100,100521,100,99368,100,100551,100,,
2019-06-28 09:41:00.000000000,99996,230,99965,230,100098,226,99963,226,100135,226,99950,226,100189,100,99934,100,100195,100,99926,100,100269,100,99891,100,100334,100,99870,100,100407,100,99845,100,100521,100,99368,100,100551,100,,
2019-06-28 09:41:10.000000000,99996,230,99965,230,100098,226,99963,226,100135,226,99950,226,100189,100,99934,100,100195,100,99926,100,100269,100,99891,100,100334,100,99870,100,100407,100,99845,100,100521,100,99368,100,100551,100,,
2019-06-28 09:41:20.000000000,99996,230,99965,230,100098,226,99963,226,100135,226,99950,226,100189,100,99934,100,100195,100,99926,100,100269,100,99891,100,100334,100,99870,100,100407,100,99845,100,100521,100,99368,100,100551,100,,
2019-06-28 09:41:30.000000000,99996,482,99965,482,100098,100,99963,100,100135,100,99950,100,100189,100,99934,100,100195,100,99926,100,100269,100,99891,100,100334,100,99870,100,100407,100,99845,100,100521,100,99368,100,100551,100,,
2019-06-28 09:41:40.000000000,99996,291,99965,291,100098,291,99963,291,100135,100,99950,100,100189,100,99934,100,100195,100,99926,100,100269,100,99891,100,100334,100,99870,100,100407,100,99845,100,100521,100,99368,100,100551,100,,
2019-06-28 09:41:50.000000000,99996,482,99965,482,100098,100,99963,100,100135,100,99950,100,100189,100,99934,100,100195,100,99926,100,100269,100,99891,100,100334,100,99870,100,100407,100,99845,100,100521,100,99368,100,100551,100,,
2019-06-28 09:42:00.000000000,99996,230,99965,230,100098,226,99963,226,100135,226,99950,226,100189,100,99934,100,100195,100,99926,100,100269,100,99891,100,100334,100,99870,100,100407,100,99845,100,100521,100,99368,100,100551,100,,
2019-06-28 09:42:10.000000000,99996,482,99965,482,100098,100,99963,100,100135,100,99950,100,100189,100,99934,100,100195,100,99926,100,100269,100,99891,100,100334,100,99870,100,100407,100,99845,100,100521,100,99368,100,100551,100,,
2019-06-28 09:42:20.000000000,99996,230,99965,230,100098,226,99963,226,100135,226,99950,226,100189,100,99934,100,100195,100,99926,100,100269,100,99891,100,100334,100,99870,100,100407,100,99845,100,100521,100,99368,100,100551,100,,
2019-06-28 09:42:30.000000000,99996,230,99965,230,100098,226,99963,226,100135,226,99950,226,100189,100,99934,100,100195,100,99926,100,100269,100,99891,100,100334,100,99870,100,100407,100,99845,100,100521,100,99368,100,100551,100,,
2019-06-28 09:42:33.736232567,99996,230,99965,130,100098,226,99963,126,100135,226,99950,226,100189,100,99934,100,100195,100,99926,100,100269,100,99891,100,100334,100,99870,100,100407,100,99845,100,100521,100,99368,100,100551,100,,
2019-06-28 09:42:40.000000000,99996,196,99950,196,100098,196,99934,196,100135,196,99926,196,100189,196,99891,196,100195,100,99870,100,100269,100,99845,100,100334,100,99368,100,100407,100,,,100521,100,,,100551,100,,
2019-06-28 09:42:50.000000000,99996,230,99950,230,100098,226,99934,226,100135,226,99926,226,100189,100,99891,100,100195,100,99870,100,100269,100,99845,100,100334,100,99368,100,100407,100,,,100521,100,,,100551,100,,
2019-06-28 09:42:57.236746897,99996,230,99950,130,100098,226,99934,226,100135,126,99926,226,100189,100,99891,100,100195,100,99870,100,100269,100,99845,100,100334,100,99368,100,100407,100,,,100521,100,,,100551,100,,
2019-06-28 09:42:57.466677397,99996,230,99950,30,100098,226,99934,226,100135,126,99926,226,100189,100,99891,100,100195,100,99870,100,100269,100,99845,100,100334,100,99368,100,100407,100,,,100521,100,,,100551,100,,
2019-06-28 09:43:00.000000000,99996,176,99934,176,100098,176,99926,176,100189,176,99891,176,100195,176,99870,176,100269,176,99845,176,100334,100,99368,100,100407,100,,,100521,100,,,100551,100,,,100678,100,,
2019-06-28 09:43:07.020114521,99996,176,99934,76,100098,176,99926,176,100189,176,99891,176,100195,176,99870,176,100269,176,99845,176,100334,100,99368,100,100407,100,,,100521,100,,,100551,100,,,100678,100,,
2019-06-28 09:43:10.000000000,99996,176,99926,176,100098,176,99891,176,100189,176,99870,176,100195,176,99845,176,100269,176,99368,176,100334,100,,,100407,100,,,100521,100,,,100551,100,,,100678,100,,
2019-06-28 09:43:18.102905048,99996,176,99926,176,100098,176,99891,176,100189,176,99870,176,100195,176,99845,176,100269,176,99368,176,100334,100,98879,100,100407,100,,,100521,100,,,100551,100,,,100678,100,,
2019-06-28 09:43:19.452447600,99996,176,99926,176,100098,176,99891,176,100189,176,99870,176,100195,176,99845,176,100269,176,99368,176,100334,100,99089,100,100407,100,98879,100,100551,100,,,100678,100,,,100872,100,,
2019-06-28 09:43:20.000000000,99996,176,99926,176,100098,176,99891,176,100189,176,99870,176,100195,176,99845,176,100269,176,99368,176,100334,100,99089,100,100407,100,98879,100,100551,100,,,100678,100,,,100872,100,,
2019-06-28 09:43:30.000000000,99996,230,99926,230,100098,226,99891,226,100189,226,99870,226,100195,100,99845,100,100269,100,99368,100,100334,100,99089,100,100407,100,98879,100,100551,100,,,100678,100,,,100872,100,,
2019-06-28 09:43:30.380088532,99950,100,99926,230,99996,230,99891,226,100098,226,99870,226,100189,226,99845,100,100195,100,99368,100,100269,100,99089,100,100334,100,98879,100,100407,100,,,100551,100,,,100678,100,,
2019-06-28 09:43:40.000000000,99950,176,99926,176,99996,176,99891,176,100098,176,99870,176,100189,176,99845,176,100195,176,99368,176,100269,100,99089,100,100334,100,98879,100,100407,100,,,100551,100,,,100678,100,,
2019-06-28 09:43:50.000000000,99950,482,99926,482,99996,100,99891,100,100098,100,99870,100,100189,100,99845,100,100195,100,99368,100,100269,100,99089,100,100334,100,98879,100,100407,100,,,100551,100,,,100678,100,,
2019-06-28 09:43:52.492258475,99950,482,99926,382,99996,100,99891,100,100098,100,99870,100,100189,100,99845,100,100195,100,99368,100,100269,100,99089,100,100334,100,98879,100,100407,100,,,100551,100,,,100678,100,,
2019-06-28 09:44:00.000000000,99950,291,99891,291,99996,291,99870,291,100098,100,99845,100,100189,100,99368,100,100195,100,99089,100,100269,100,98879,100,100334,100,,,100407,100,,,100551,100,,,100678,100,,
2019-06-28 09:44:07.492758244,99934,100,99891,291,99950,291,99870,291,99996,291,99845,100,100098,100,99368,100,100189,100,99089,100,100195,100,98879,100,100269,100,,,100334,100,,,100407,100,,,100551,100,,
2019-06-28 09:44:10.000000000,99934,291,99891,291,99950,291,99870,291,99996,100,99845,100,100098,100,99368,100,100189,100,99089,100,100195,100,98879,100,100269,100,,,100334,100,,,100407,100,,,100551,100,,
2019-06-28 09:44:20.000000000,99934,291,99891,291,99950,291,99870,291,99996,100,99845,100,100098,100,99368,100,100189,100,99089,100,100195,100,98879,100,100269,100,,,100334,100,,,100407,100,,,100551,100,,
2019-06-28 09:44:30.000000000,99934,176,99891,176,99950,176,99870,176,99996,176,99845,176,100098,176,99368,176,100189,176,99089,176,100195,100,98879,100,100269,100,,,100334,100,,,100407,100,,,100551,100,,
2019-06-28 09:44:40.000000000,99934,196,99891,196,99950,196,99870,196,99996,196,99845,196,100098,196,99368,196,100189,100,99089,100,100195,100,98879,100,100269,100,,,100334,100,,,100407,100,,,100551,100,,
2019-06-28 09:44:47.370914274,99934,196,99891,96,99950,196,99870,96,99996,196,99845,196,100098,196,99368,196,100189,100,99089,100,100195,100,98879,100,100269,100,,,100334,100,,,100407,100,,,100551,100,,
2019-06-28 09:44:50.000000000,99934,196,99845,196,99950,196,99368,196,99996,196,99089,196,100098,196,98879,196,100189,100,,,100195,100,,,100269,100,,,100334,100,,,100407,100,,,100551,100,,
2019-06-28 09:44:54.965862033,99934,196,99845,96,99950,196,99368,196,99996,196,99089,196,100098,196,98879,96,100189,100,,,100195,100,,,100269,100,,,100334,100,,,100407,100,,,100551,100,,
2019-06-28 09:45:00.000000000,99934,196,99368,196,99950,196,99089,196,99996,196,99088,96,100098,196,,,100189,100,,,100195,100,,,100269,100,,,100334,100,,,100407,100,,,100551,100,,
2019-06-28 09:45:07.554252918,99934,196,99368,196,99950,196,99089,196,99996,196,99088,96,100098,196,98574,100,100189,100,,,100269,100,,,100334,100,,,100407,100,,,100551,100,,,100678,100,,
2019-06-28 09:45:10.000000000,99934,230,99368,230,99950,226,99089,226,99996,226,98574,226,100098,100,,,100189,100,,,100269,100,,,100334,100,,,100407,100,,,100551,100,,,100678,100,,
2019-06-28 09:45:16.056806918,99934,230,99368,130,99950,226,99089,226,99996,226,98574,226,100098,100,,,100189,100,,,100269,100,,,100334,100,,,100407,100,,,100551,100,,,100678,100,,
2019-06-28 09:45:20.000000000,99934,176,99089,176,99950,176,98574,176,99996,176,98573,76,100098,176,,,100189,176,,,100269,100,,,100334,100,,,100407,100,,,100551,100,,,100678,100,,
2019-06-28 09:45:30.000000000,99934,196,99089,196,99950,196,98574,196,99996,196,98573,96,100098,196,,,100189,100,,,100269,100,,,100334,100,,,100407,100,,,100551,100,,,100678,100,,
2019-06-28 09:45:32.726855148,99934,196,99089,196,99950,196,98887,100,99996,196,98574,196,100098,196,98573,96,100189,100,,,100269,100,,,100334,100,,,100551,100,,,100678,100,,,100872,100,,
2019-06-28 09:45:40.000000000,99934,230,99089,230,99950,226,98887,226,99996,226,98574,226,100098,100,,,100189,100,,,100269,100,,,100334,100,,,100551,100,,,100678,100,,,100872,100,,
2019-06-28 09:45:44.175266638,99845,100,99089,230,99934,230,98887,226,99950,226,98574,226,99996,226,,,100098,100,,,100189,100,,,100269,100,,,100334,100,,,100551,100,,,100678,100,,
2019-06-28 09:45:47.967746349,99203,100,99089,230,99845,100,98887,226,99934,230,98574,226,99950,226,,,99996,226,,,100098,100,,,100189,100,,,100269,100,,,100334,100,,,100551,100,,
2019-06-28 09:45:50.000000000,99203,230,99089,230,99845,226,98887,226,99934,226,98574,226,99950,100,,,99996,100,,,100098,100,,,100189,100,,,100269,100,,,100334,100,,,100551,100,,
2019-06-28 09:45:50.810660708,99203,230,99089,230,99845,226,98887,226,99934,226,98850,100,99950,100,98574,226,99996,100,,,100098,100,,,100189,100,,,100269,100,,,100334,100,,,100551,100,,
2019-06-28 09:46:00.000000000,99203,482,99089,482,99845,100,98887,100,99934,100,98850,100,99950,100,98574,100,99996,100,,,100098,100,,,100189,100,,,100269,100,,,100334,100,,,100551,100,,
2019-06-28 09:46:10.000000000,99203,196,99089,196,99845,196,98887,196,99934,196,98850,196,99950,196,98574,196,99996,100,,,100098,100,,,100189,100,,,100269,100,,,100334,100,,,100551,100,,
2019-06-28 09:46:13.834010062,99203,196,99089,196,99343,100,98887,196,99845,196,98850,196,99934,196,98574,196,99950,196,,,99996,100,,,100098,100,,,100189,100,,,100269,100,,,100334,100,,
2019-06-28 09:46:20.000000000,99203,482,99089,482,99343,100,98887,100,99845,100,98850,100,99934,100,98574,100,99950,100,,,99996,100,,,100098,100,,,100189,100,,,100269,100,,,100334,100,,
2019-06-28 09:46:28.161935767,99203,382,99089,482,99343,100,98887,100,99845,100,98850,100,99934,100,98574,100,99950,100,,,99996,100,,,100098,100,,,100189,100,,,100269,100,,,100334,100,,
2019-06-28 09:46:30.000000000,99343,291,99089,291,99845,291,98887,291,99934,100,98850,100,99950,100,98574,100,99996,100,,,100098,100,,,100189,100,,,100269,100,,,100334,100,,,100551,100,,
2019-06-28 09:46:40.000000000,99343,291,99089,291,99845,291,98887,291,99934,100,98850,100,99950,100,98574,100,99996,100,,,100098,100,,,100189,100,,,100269,100,,,100334,100,,,100551,100,,
2019-06-28 09:46:46.392219354,99343,291,99203,100,99845,291,99089,291,99934,100,98887,291,99950,100,98850,100,100098,100,98574,100,100189,100,,,100269,100,,,100334,100,,,100551,100,,,100678,100,,
2019-06-28 09:46:50.000000000,99343,230,99203,230,99845,226,99089,226,99934,226,98887,226,99950,100,98850,100,100098,100,98574,100,100189,100,,,100269,100,,,100334,100,,,100551,100,,,100678,100,,
2019-06-28 09:46:53.564362467,99343,130,99203,230,99845,226,99089,226,99934,226,98887,226,99950,100,98850,100,100098,100,98574,100,100189,100,,,100334,100,,,100551,100,,,100678,100,,,100872,100,,
2019-06-28 09:47:00.000000000,99845,482,99203,482,99934,100,99089,100,99950,100,98887,100,100098,100,98850,100,100189,100,98574,100,100334,100,,,100551,100,,,100678,100,,,100872,100,,,100909,100,,
2019-06-28 09:47:10.000000000,99845,230,99203,230,99934,226,99089,226,99950,226,98887,226,100098,100,98850,100,100189,100,98574,100,100334,100,,,100551,100,,,100678,100,,,100872,100,,,100909,100,,
2019-06-28 09:47:15.011657050,99420,100,99203,230,99845,230,99089,226,99934,226,98887,126,99950,226,98850,100,100098,100,98574,100,100189,100,,,100334,100,,,100551,100,,,100678,100,,,100872,100,,
2019-06-28 09:47:20.000000000,99420,291,99203,291,99845,291,99089,291,99934,100,98850,100,99950,100,98574,100,100098,100,,,100189,100,,,100334,100,,,100551,100,,,100678,100,,,100872,100,,
2019-06-28 09:47:29.890486562,99420,291,99204,100,99845,291,99203,291,99934,100,99089,291,99950,100,98850,100,100098,100,98574,100,100189,100,,,100334,100,,,100551,100,,,100678,100,,,100872,100,,
2019-06-28 09:47:30.000000000,99420,196,99204,196,99845,196,99203,196,99934,196,99089,196,99950,196,98850,196,100098,100,98574,100,100189,100,,,100334,100,,,100551,100,,,100678,100,,,100872,100,,
2019-06-28 09:47:40.000000000,99420,230,99204,230,99845,226,99203,226,99934,226,99089,226,99950,100,98850,100,100098,100,98574,100,100189,100,,,100334,100,,,100551,100,,,100678,100,,,100872,100,,
2019-06-28 09:47:50.000000000,99420,230,99204,230,99845,226,99203,226,99934,226,99089,226,99950,100,98850,100,100098,100,98574,100,100189,100,,,100334,100,,,100551,100,,,100678,100,,,100872,100,,
2019-06-28 09:47:57.614937625,99420,230,99204,130,99845,226,99203,226,99934,226,99089,226,99950,100,98850,100,100098,100,98574,100,100189,100,,,100334,100,,,100551,100,,,100678,100,,,100872,100,,
2019-06-28 09:48:00.000000000,99420,230,99203,230,99845,226,99089,226,99934,226,98850,226,99950,100,98574,100,100098,100,,,100189,100,,,100334,100,,,100551,100,,,100678,100,,,100872,100,,
2019-06-28 09:48:10.000000000,99420,482,99203,482,99845,100,99089,100,99934,100,98850,100,99950,100,98574,100,100098,100,,,100189,100,,,100334,100,,,100551,100,,,100678,100,,,100872,100,,
2019-06-28 09:48:20.000000000,99420,196,99203,196,99845,196,99089,196,99934,196,98850,196,99950,196,98574,196,100098,100,,,100189,100,,,100334,100,,,100551,100,,,100678,100,,,100872,100,,
2019-06-28 09:48:30.000000000,99420,176,99203,176,99845,176,99089,176,99934,176,98850,176,99950,176,98574,176,100098,176,98573,76,100189,100,,,100334,100,,,100551,100,,,100678,100,,,100872,100,,
2019-06-28 09:48:36.275382205,99420,176,99203,176,99715,100,99089,176,99845,176,98850,176,99934,176,98574,176,99950,176,98573,76,100098,176,,,100189,100,,,100334,100,,,100551,100,,,100678,100,,
2019-06-28 09:48:36.439737859,99420,76,99203,176,99715,100,99089,176,99845,176,98850,176,99934,176,98574,176,99950,176,98573,76,100098,176,,,100189,100,,,100334,100,,,100551,100,,,100678,100,,
2019-06-28 09:48:40.000000000,99715,482,99203,482,99845,100,99089,100,99934,100,98850,100,99950,100,98574,100,100098,100,,,100189,100,,,100334,100,,,100551,100,,,100678,100,,,100872,100,,
2019-06-28 09:48:41.532835152,99621,100,99203,482,99715,482,99089,100,99845,100,98850,100,99934,100,98574,100,99950,100,,,100098,100,,,100189,100,,,100334,100,,,100551,100,,,100678,100,,
2019-06-28 09:48:43.091120791,99621,100,99203,482,99648,100,99089,100,99715,482,98574,100,99845,100,,,99934,100,,,99950,100,,,100098,100,,,100189,100,,,100334,100,,,100551,100,,
2019-06-28 09:48:50.000000000,99621,176,99203,176,99648,176,99089,176,99715,176,98574,176,99845,176,98573,76,99934,176,,,99950,100,,,100098,100,,,100189,100,,,100334,100,,,100551,100,,
2019-06-28 09:49:00.000000000,99621,482,99203,482,99648,100,99089,100,99715,100,98574,100,99845,100,,,99934,100,,,99950,100,,,100098,100,,,100189,100,,,100334,100,,,100551,100,,
2019-06-28 09:49:10.000000000,99621,176,99203,176,99648,176,99089,176,99715,176,98574,176,99845,176,98573,76,99934,176,,,99950,100,,,100098,100,,,100189,100,,,100334,100,,,100551,100,,
2019-06-28 09:49:20.000000000,99621,230,99203,230,99648,226,99089,226,99715,226,98574,226,99845,100,,,99934,100,,,99950,100,,,100098,100,,,100189,100,,,100334,100,,,100551,100,,
2019-06-28 09:49:28.395814277,99621,230,99491,100,99648,226,99203,230,99715,226,99089,226,99845,100,98574,226,99934,100,,,99950,100,,,100098,100,,,100189,100,,,100334,100,,,100551,100,,
2019-06-28 09:49:30.000000000,99621,196,99491,196,99648,196,99203,196,99715,196,99089,196,99845,196,98574,196,99934,100,,,99950,100,,,100098,100,,,100189,100,,,100334,100,,,100551,100,,
2019-06-28 09:49:40.000000000,99621,291,99491,291,99648,291,99203,291,99715,100,99089,100,99845,100,98574,100,99934,100,,,99950,100,,,100098,100,,,100189,100,,,100334,100,,,100551,100,,
2019-06-28 09:49:40.024523293,99621,291,99491,291,99648,291,99205,100,99715,100,99203,291,99845,100,99089,100,99934,100,98574,100,99950,100,,,100098,100,,,100189,100,,,100334,100,,,100551,100,,
2019-06-28 09:49:44.156519445,99621,291,99491,191,99648,291,99205,100,99715,100,99203,291,99845,100,99089,100,99934,100,98574,100,99950,100,,,100098,100,,,100189,100,,,100334,100,,,100551,100,,
2019-06-28 09:49:46.641329567,99621,291,99491,91,99648,291,99205,100,99715,100,99203,291,99845,100,99089,100,99934,100,98574,100,99950,100,,,100098,100,,,100189,100,,,100334,100,,,100551,100,,
2019-06-28 09:49:50.000000000,99621,230,99205,230,99648,226,99203,226,99715,226,99089,226,99845,100,98574,100,99934,100,,,99950,100,,,100098,100,,,100189,100,,,100334,100,,,100551,100,,
2019-06-28 09:50:00.000000000,99621,196,99205,196,99648,196,99203,196,99715,196,99089,196,99845,196,98574,196,99934,100,,,99950,100,,,100098,100,,,100189,100,,,100334,100,,,100551,100,,
2019-06-28 09:50:06.586287779,99621,196,99205,196,99648,196,99203,196,99715,196,99092,100,99845,196,99089,196,99934,100,98574,196,99950,100,,,100098,100,,,100189,100,,,100334,100,,,100551,100,,
2019-06-28 09:50:10.000000000,99621,291,99205,291,99648,291,99203,291,99715,100,99092,100,99845,100,99089,100,99934,100,98574,100,99950,100,,,100098,100,,,100189,100,,,100334,100,,,100551,100,,
2019-06-28 09:50:20.000000000,99621,230,99205,230,99648,226,99203,226,99715,226,99092,226,99845,100,99089,100,99934,100,98574,100,99950,100,,,100098,100,,,100189,100,,,100334,100,,,100551,100,,
2019-06-28 09:50:22.623675709,99621,230,99205,230,99648,226,99203,226,99715,226,99092,226,99845,100,99089,100,99934,100,98858,100,99950,100,98574,100,100098,100,,,100189,100,,,100334,100,,,100551,100,,
2019-06-28 09:50:22.775317852,99621,230,99205,130,99648,226,99203,226,99715,226,99092,226,99845,100,99089,100,99934,100,98858,100,99950,100,98574,100,100098,100,,,100189,100,,,100334,100,,,100551,100,,
2019-06-28 09:50:30.000000000,99621,291,99203,291,99648,291,99092,291,99715,100,99089,100,99845,100,98858,100,99934,100,98574,100,99950,100,,,100098,100,,,100189,100,,,100334,100,,,100551,100,,
2019-06-28 09:50:40.000000000,99621,196,99203,196,99648,196,99092,196,99715,196,99089,196,99845,196,98858,196,99934,100,98574,100,99950,100,,,100098,100,,,100189,100,,,100334,100,,,100551,100,,
2019-06-28 09:50:40.107715786,99621,196,99203,196,99648,96,99092,196,99715,196,99089,196,99845,196,98858,196,99934,100,98617,100,99950,100,98574,100,100098,100,,,100189,100,,,100334,100,,,100551,100,,
2019-06-28 09:50:50.000000000,99621,176,99203,176,99715,176,99092,176,99845,176,99089,176,99934,176,98858,176,99950,176,98617,176,100098,100,98574,100,100189,100,,,100334,100,,,100551,100,,,100678,100,,
2019-06-28 09:51:00.000000000,99621,291,99203,291,99715,291,99092,291,99845,100,99089,100,99934,100,98858,100,99950,100,98617,100,100098,100,98574,100,100189,100,,,100334,100,,,100551,100,,,100678,100,,
2019-06-28 09:51:08.676800358,99621,291,99203,191,99715,291,99092,291,99845,100,99089,100,99934,100,98858,100,99950,100,98617,100,100098,100,98574,100,100189,100,,,100334,100,,,100551,100,,,100678,100,,
2019-06-28 09:51:10.000000000,99621,176,99092,176,99715,176,99089,176,99845,176,98858,176,99934,176,98617,176,99950,176,98574,176,100098,100,,,100189,100,,,100334,100,,,100551,100,,,100678,100,,
2019-06-28 09:51:20.000000000,99621,230,99092,230,99715,226,99089,226,99845,226,98858,226,99934,100,98617,100,99950,100,98574,100,100098,100,,,100189,100,,,100334,100,,,100551,100,,,100678,100,,
2019-06-28 09:51:23.744915271,99205,100,99092,230,99621,230,99089,226,99715,226,98858,226,99845,226,98617,100,99950,100,98574,100,100098,100,,,100189,100,,,100334,100,,,100551,100,,,100678,100,,
2019-06-28 09:51:30.000000000,99205,230,99092,230,99621,226,99089,226,99715,226,98858,226,99845,100,98617,100,99950,100,98574,100,100098,100,,,100189,100,,,100334,100,,,100551,100,,,100678,100,,
2019-06-28 09:51:34.456352772,99205,230,99092,230,99621,226,99089,226,99715,226,98858,226,99845,100,98617,100,99950,100,98574,100,100098,100,98456,100,100189,100,,,100334,100,,,100551,100,,,100678,100,,
2019-06-28 09:51:40.000000000,99205,230,99092,230,99621,226,99089,226,99715,226,98858,226,99845,100,98617,100,99950,100,98574,100,100098,100,98456,100,100189,100,,,100334,100,,,100551,100,,,100678,100,,
2019-06-28 09:51:50.000000000,99205,291,99092,291,99621,291,99089,291,99715,100,98858,100,99845,100,98617,100,99950,100,98574,100,100098,100,98456,100,100189,100,,,100334,100,,,100551,100,,,100678,100,,
2019-06-28 09:52:00.000000000,99205,230,99092,230,99621,226,99089,226,99715,226,98858,226,99845,100,98617,100,99950,100,98574,100,100098,100,98456,100,100189,100,,,100334,100,,,100551,100,,,100678,100,,
2019-06-28 09:52:10.000000000,99205,482,99092,482,99621,100,99089,100,99715,100,98858,100,99845,100,98617,100,99950,100,98574,100,100098,100,98456,100,100189,100,,,100334,100,,,100551,100,,,100678,100,,
2019-06-28 09:52:13.633235735,99205,582,99092,482,99621,100,99089,100,99715,100,98858,100,99845,100,98617,100,99950,100,98574,100,100098,100,98456,100,100189,100,,,100334,100,,,100551,100,,,100678,100,,
2019-06-28 09:52:20.000000000,99205,391,99092,291,99621,291,99089,291,99715,100,98858,100,99845,100,98617,100,99950,100,98574,100,100098,100,98456,100,100189,100,,,100334,100,,,100551,100,,,100678,100,,
2019-06-28 09:52:30.000000000,99205,276,99092,176,99621,176,99089,176,99715,176,98858,176,99845,176,98617,176,99950,176,98574,176,100098,100,98456,100,100189,100,,,100334,100,,,100551,100,,,100678,100,,
2019-06-28 09:52:40.000000000,99205,582,99092,482,99621,100,99089,100,99715,100,98858,100,99845,100,98617,100,99950,100,98574,100,100098,100,98456,100,100189,100,,,100334,100,,,100551,100,,,100678,100,,
2019-06-28 09:52:49.662756872,99205,582,99092,482,99621,100,99089,100,99715,100,98921,100,99845,100,98858,100,99950,100,98617,100,100098,100,98574,100,100189,100,98456,100,100334,100,,,100551,100,,,100678,100,,
2019-06-28 09:52:50.000000000,99205,296,99092,196,99621,196,99089,196,99715,196,98921,196,99845,196,98858,196,99950,100,98617,100,100098,100,98574,100,100189,100,98456,100,100334,100,,,100551,100,,,100678,100,,
2019-06-28 09:52:51.842659419,99205,296,99092,196,99621,196,99089,196,99715,196,98952,100,99845,196,98921,196,99950,100,98858,196,100098,100,98617,100,100189,100,98456,100,100334,100,,,100551,100,,,100678,100,,
2019-06-28 09:52:52.333522198,99205,296,99092,196,99621,196,99089,196,99715,196,98981,100,99845,196,98952,100,99950,100,98921,196,100098,100,98858,196,100189,100,98617,100,100334,100,98456,100,100551,100,,,100678,100,,
2019-06-28 09:53:00.000000000,99205,276,99092,176,99621,176,99089,176,99715,176,98981,176,99845,176,98952,176,99950,176,98921,176,100098,100,98858,100,100189,100,98617,100,100334,100,98456,100,100551,100,,,100678,100,,
2019-06-28 09:53:10.000000000,99205,330,99092,230,99621,226,99089,226,99715,226,98981,226,99845,100,98952,100,99950,100,98921,100,100098,100,98858,100,100189,100,98617,100,100334,100,98456,100,100551,100,,,100678,100,,
2019-06-28 09:53:20.000000000,99205,330,99092,230,99621,226,99089,226,99715,226,98981,226,99845,100,98952,100,99950,100,98921,100,100098,100,98858,100,100189,100,98617,100,100334,100,98456,100,100551,100,,,100678,100,,
2019-06-28 09:53:30.000000000,99205,330,99092,230,99621,226,99089,226,99715,226,98981,226,99845,100,98952,100,99950,100,98921,100,100098,100,98858,100,100189,100,98617,100,100334,100,98456,100,100551,100,,,100678,100,,
2019-06-28 09:53:40.000000000,99205,296,99092,196,99621,196,99089,196,99715,196,98981,196,99845,196,98952,196,99950,100,98921,100,100098,100,98858,100,100189,100,98617,100,100334,100,98456,100,100551,100,,,100678,100,,
2019-06-28 09:53:50.000000000,99205,296,99092,196,99621,196,99089,196,99715,196,98981,196,99845,196,98952,196,99950,100,98921,100,100098,100,98858,100,100189,100,98617,100,100334,100,98456,100,100551,100,,,100678,100,,
2019-06-28 09:53:52.350460739,99205,396,99092,196,99621,196,99089,196,99715,196,98981,196,99845,196,98952,196,99950,100,98921,100,100098,100,98858,100,100189,100,98617,100,100334,100,98456,100,100551,100,,,100678,100,,
2019-06-28 09:54:00.000000000,99205,491,99092,291,99621,291,99089,291,99715,100,98981,100,99845,100,98952,100,99950,100,98921,100,100098,100,98858,100,100189,100,98617,100,100334,100,98456,100,100551,100,,,100678,100,,
2019-06-28 09:54:10.000000000,99205,376,99092,176,99621,176,99089,176,99715,176,98981,176,99845,176,98952,176,99950,176,98921,176,100098,100,98858,100,100189,100,98617,100,100334,100,98456,100,100551,100,,,100678,100,,
2019-06-28 09:54:20.000000000,99205,376,99092,176,99621,176,99089,176,99715,176,98981,176,99845,176,98952,176,99950,176,98921,176,100098,100,98858,100,100189,100,98617,100,100334,100,98456,100,100551,100,,,100678,100,,
2019-06-28 09:54:30.000000000,99205,376,99092,176,99621,176,99089,176,99715,176,98981,176,99845,176,98952,176,99950,176,98921,176,100098,100,98858,100,100189,100,98617,100,100334,100,98456,100,100551,100,,,100678,100,,
2019-06-28 09:54:32.243250396,99205,376,99092,176,99621,176,99089,176,99715,176,98981,176,99845,176,98952,176,99950,76,98921,176,100098,100,98858,100,100189,100,98617,100,100334,100,98456,100,100551,100,,,100678,100,,
2019-06-28 09:54:40.000000000,99205,682,99092,482,99621,100,99089,100,99715,100,98981,100,99845,100,98952,100,100098,100,98921,100,100189,100,98858,100,100334,100,98617,100,100551,100,98456,100,100678,100,,,100872,100,,
2019-06-28 09:54:45.715606875,99205,682,99092,382,99621,100,99089,100,99715,100,98981,100,99845,100,98952,100,100098,100,98921,100,100189,100,98858,100,100334,100,98617,100,100551,100,98456,100,100678,100,,,100872,100,,
2019-06-28 09:54:50.000000000,99205,396,99089,196,99621,196,98981,196,99715,196,98952,196,99845,196,98921,196,100098,100,98858,100,100189,100,98617,100,100334,100,98456,100,100551,100,,,100678,100,,,100872,100,,
2019-06-28 09:54:52.440037343,99205,396,99089,196,99621,196,98981,196,99715,196,98952,196,99845,196,98921,196,100098,100,98858,100,100189,100,98617,100,100334,100,98456,100,100551,100,97974,100,100678,100,,,100872,100,,
2019-06-28 09:55:00.000000000,99205,682,99089,482,99621,100,98981,100,99715,100,98952,100,99845,100,98921,100,100098,100,98858,100,100189,100,98617,100,100334,100,98456,100,100551,100,97974,100,100678,100,,,100872,100,,
2019-06-28 09:55:06.912568853,99205,682,99089,382,99621,100,98981,100,99715,100,98952,100,99845,100,98921,100,100098,100,98858,100,100189,100,98617,100,100334,100,98456,100,100551,100,97974,100,100678,100,,,100872,100,,
2019-06-28 09:55:09.068971314,99205,682,99089,382,99621,100,98981,100,99715,100,98952,100,99845,100,98921,100,100098,100,98858,100,100189,100,98617,100,100334,100,98456,100,100551,100,97872,100,100678,100,,,100872,100,,
2019-06-28 09:55:10.000000000,99205,430,98981,230,99621,226,98952,226,99715,226,98921,226,99845,100,98858,100,100098,100,98617,100,100189,100,98456,100,100334,100,97872,100,100551,100,,,100678,100,,,100872,100,,
2019-06-28 09:55:20.000000000,99205,376,98981,176,99621,176,98952,176,99715,176,98921,176,99845,176,98858,176,100098,176,98617,176,100189,100,98456,100,100334,100,97872,100,100551,100,,,100678,100,,,100872,100,,
2019-06-28 09:55:23.108054032,99205,376,98981,76,99621,176,98952,176,99715,176,98921,176,99845,176,98858,176,100098,176,98617,176,100189,100,98456,100,100334,100,97872,100,100551,100,,,100678,100,,,100872,100,,
2019-06-28 09:55:30.000000000,99205,491,98952,291,99621,291,98921,291,99715,100,98858,100,99845,100,98617,100,100098,100,98456,100,100189,100,97872,100,100334,100,,,100551,100,,,100678,100,,,100872,100,,
2019-06-28 09:55:40.000000000,99205,682,98952,482,99621,100,98921,100,99715,100,98858,100,99845,100,98617,100,100098,100,98456,100,100189,100,97872,100,100334,100,,,100551,100,,,100678,100,,,100872,100,,
2019-06-28 09:55:50.000000000,99205,396,98952,196,99621,196,98921,196,99715,196,98858,196,99845,196,98617,196,100098,100,98456,100,100189,100,97872,100,100334,100,,,100551,100,,,100678,100,,,100872,100,,
2019-06-28 09:56:00.000000000,99205,396,98952,196,99621,196,98921,196,99715,196,98858,196,99845,196,98617,196,100098,100,98456,100,100189,100,97872,100,100334,100,,,100551,100,,,100678,100,,,100872,100,,
2019-06-28 09:56:07.105449109,99089,100,98952,196,99205,396,98921,196,99621,196,98858,196,99715,196,98617,196,99845,196,98456,100,100098,100,97872,100,100189,100,,,100334,100,,,100551,100,,,100678,100,,
2019-06-28 09:56:10.000000000,99089,196,98952,196,99205,396,98921,196,99621,196,98858,196,99715,196,98617,196,99845,100,98456,100,100098,100,97872,100,100189,100,,,100334,100,,,100551,100,,,100678,100,,
2019-06-28 09:56:20.000000000,99089,196,98952,196,99205,396,98921,196,99621,196,98858,196,99715,196,98617,196,99845,100,98456,100,100098,100,97872,100,100189,100,,,100334,100,,,100551,100,,,100678,100,,
2019-06-28 09:56:30.000000000,99089,482,98952,482,99205,300,98921,100,99621,100,98858,100,99715,100,98617,100,99845,100,98456,100,100098,100,97872,100,100189,100,,,100334,100,,,100551,100,,,100678,100,,
2019-06-28 09:56:39.931364342,99089,482,98952,382,99205,300,98921,100,99621,100,98858,100,99715,100,98617,100,99845,100,98456,100,100098,100,97872,100,100189,100,,,100334,100,,,100551,100,,,100678,100,,
2019-06-28 09:56:40.000000000,99089,482,98921,482,99205,300,98858,100,99621,100,98617,100,99715,100,98456,100,99845,100,97872,100,100098,100,,,100189,100,,,100334,100,,,100551,100,,,100678,100,,
2019-06-28 09:56:40.725196336,98981,100,98921,482,99089,482,98858,100,99205,300,98617,100,99621,100,98456,100,99715,100,97872,100,99845,100,,,100098,100,,,100189,100,,,100334,100,,,100551,100,,
2019-06-28 09:56:42.323413852,98981,200,98921,482,99089,482,98858,100,99205,300,98617,100,99621,100,98456,100,99715,100,97872,100,99845,100,,,100098,100,,,100189,100,,,100334,100,,,100551,100,,
2019-06-28 09:56:48.909190776,98981,200,98921,482,99089,482,98858,100,99205,300,98617,100,99621,100,98456,100,99715,100,97872,100,99845,100,97637,100,100098,100,,,100189,100,,,100334,100,,,100551,100,,
2019-06-28 09:56:50.000000000,98981,391,98921,291,99089,291,98858,291,99205,300,98617,100,99621,100,98456,100,99715,100,97872,100,99845,100,97637,100,100098,100,,,100189,100,,,100334,100,,,100551,100,,
2019-06-28 09:57:00.000000000,98981,276,98921,176,99089,176,98858,176,99205,376,98617,176,99621,176,98456,176,99715,176,97872,176,99845,100,97637,100,100098,100,,,100189,100,,,100334,100,,,100551,100,,
2019-06-28 09:57:03.566658637,98981,276,98921,76,99089,176,98858,176,99205,376,98617,176,99621,176,98456,176,99715,176,97872,76,99845,100,97637,100,100098,100,,,100189,100,,,100334,100,,,100551,100,,
2019-06-28 09:57:10.000000000,98981,391,98858,291,99089,291,98617,291,99205,300,98456,100,99621,100,97637,100,99715,100,,,99845,100,,,100098,100,,,100189,100,,,100334,100,,,100551,100,,
2019-06-28 09:57:13.073137615,98981,391,98858,291,99089,291,98617,291,99205,300,98456,100,99621,100,97796,100,99715,100,97637,100,99845,100,,,100098,100,,,100189,100,,,100334,100,,,100551,100,,
2019-06-28 09:57:20.000000000,98981,276,98858,176,99089,176,98617,176,99205,376,98456,176,99621,176,97796,176,99715,176,97637,176,99845,100,,,100098,100,,,100189,100,,,100334,100,,,100551,100,,
2019-06-28 09:57:30.000000000,98981,582,98858,482,99089,100,98617,100,99205,300,98456,100,99621,100,97796,100,99715,100,97637,100,99845,100,,,100098,100,,,100189,100,,,100334,100,,,100551,100,,
2019-06-28 09:57:40.000000000,98981,391,98858,291,99089,291,98617,291,99205,300,98456,100,99621,100,97796,100,99715,100,97637,100,99845,100,,,100098,100,,,100189,100,,,100334,100,,,100551,100,,
2019-06-28 09:57:50.000000000,98981,330,98858,230,99089,226,98617,226,99205,426,98456,226,99621,100,97796,100,99715,100,97637,100,99845,100,,,100098,100,,,100189,100,,,100334,100,,,100551,100,,
2019-06-28 09:58:00.000000000,98981,582,98858,482,99089,100,98617,100,99205,300,98456,100,99621,100,97796,100,99715,100,97637,100,99845,100,,,100098,100,,,100189,100,,,100334,100,,,100551,100,,
2019-06-28 09:58:10.000000000,98981,276,98858,176,99089,176,98617,176,99205,376,98456,176,99621,176,97796,176,99715,176,97637,176,99845,100,,,100098,100,,,100189,100,,,100334,100,,,100551,100,,
2019-06-28 09:58:15.842993847,98981,276,98858,76,99089,176,98617,176,99205,376,98456,176,99621,176,97796,176,99715,176,97637,176,99845,100,,,100098,100,,,100189,100,,,100334,100,,,100551,100,,
2019-06-28 09:58:20.000000000,98981,276,98617,176,99089,176,98456,176,99205,376,97796,176,99621,176,97637,176,99715,176,97636,76,99845,100,,,100098,100,,,100189,100,,,100334,100,,,100551,100,,
2019-06-28 09:58:23.544739754,98981,276,98617,176,99089,176,98456,176,99205,376,97796,176,99621,176,97637,176,99715,176,97636,76,99845,100,97526,100,100098,100,,,100189,100,,,100334,100,,,100551,100,,
2019-06-28 09:58:30.000000000,98981,582,98617,482,99089,100,98456,100,99205,300,97796,100,99621,100,97637,100,99715,100,97526,100,99845,100,,,100098,100,,,100189,100,,,100334,100,,,100551,100,,
2019-06-28 09:58:40.000000000,98981,276,98617,176,99089,176,98456,176,99205,376,97796,176,99621,176,97637,176,99715,176,97526,176,99845,100,,,100098,100,,,100189,100,,,100334,100,,,100551,100,,
2019-06-28 09:58:50.000000000,98981,330,98617,230,99089,226,98456,226,99205,426,97796,226,99621,100,97637,100,99715,100,97526,100,99845,100,,,100098,100,,,100189,100,,,100334,100,,,100551,100,,
2019-06-28 09:59:00.000000000,98981,582,98617,482,99089,100,98456,100,99205,300,97796,100,99621,100,97637,100,99715,100,97526,100,99845,100,,,100098,100,,,100189,100,,,100334,100,,,100551,100,,
2019-06-28 09:59:06.344529282,98981,582,98617,482,99089,100,98456,100,99205,200,97796,100,99621,100,97637,100,99715,100,97526,100,99845,100,,,100098,100,,,100189,100,,,100334,100,,,100551,100,,
2019-06-28 09:59:10.000000000,98981,582,98617,482,99089,100,98456,100,99205,200,97796,100,99621,100,97637,100,99715,100,97526,100,99845,100,,,100098,100,,,100189,100,,,100334,100,,,100551,100,,
2019-06-28 09:59:14.931504395,98921,100,98617,482,98981,582,98456,100,99089,100,97796,100,99205,200,97637,100,99621,100,97526,100,99715,100,,,99845,100,,,100098,100,,,100189,100,,,100334,100,,
2019-06-28 09:59:20.000000000,98921,230,98617,230,98981,326,98456,226,99089,226,97796,226,99205,200,97637,100,99621,100,97526,100,99715,100,,,99845,100,,,100098,100,,,100189,100,,,100334,100,,
2019-06-28 09:59:30.000000000,98921,230,98617,230,98981,326,98456,226,99089,226,97796,226,99205,200,97637,100,99621,100,97526,100,99715,100,,,99845,100,,,100098,100,,,100189,100,,,100334,100,,
2019-06-28 09:59:39.485241563,98921,230,98617,230,98981,326,98456,226,99089,226,97833,100,99205,200,97796,226,99621,100,97637,100,99715,100,97526,100,99845,100,,,100098,100,,,100189,100,,,100334,100,,
2019-06-28 09:59:40.000000000,98921,176,98617,176,98981,276,98456,176,99089,176,97833,176,99205,276,97796,176,99621,176,97637,176,99715,100,97526,100,99845,100,,,100098,100,,,100189,100,,,100334,100,,
2019-06-28 09:59:40.295878512,98921,176,98617,76,98981,276,98456,176,99089,176,97833,176,99205,276,97796,176,99621,176,97637,176,99715,100,97526,100,99845,100,,,100098,100,,,100334,100,,,100551,100,,
2019-06-28 09:59:42.238004775,98617,24,98456,176,98921,176,97833,176,98981,276,97796,176,99089,176,97637,176,99205,276,97526,100,99621,176,,,99715,100,,,99845,100,,,100098,100,,,100334,100,,
2019-06-28 09:59:50.000000000,98617,100,98456,176,98921,176,97833,176,98981,276,97796,176,99089,176,97637,176,99205,276,97526,176,99621,100,,,99715,100,,,99845,100,,,100098,100,,,100334,100,,
2019-06-28 09:59:52.044019161,98617,100,98456,176,98921,176,97833,176,98981,276,97796,176,99089,176,97637,176,99205,276,97590,100,99621,100,97526,176,99715,100,,,99845,100,,,100098,100,,,100334,100,,
2019-06-28 10:00:00.000000000,98617,120,98456,196,98921,196,97833,196,98981,296,97796,196,99089,196,97637,196,99205,200,97590,100,99621,100,97526,100,99715,100,,,99845,100,,,100098,100,,,100334,100,,
2019-06-28 10:00:10.000000000,98617,120,98456,196,98921,196,97833,196,98981,296,97796,196,99089,196,97637,196,99205,200,97590,100,99621,100,97526,100,99715,100,,,99845,100,,,100098,100,,,100334,100,,
2019-06-28 10:00:20.000000000,98617,120,98456,196,98921,196,97833,196,98981,296,97796,196,99089,196,97637,196,99205,200,97590,100,99621,100,97526,100,99715,100,,,99845,100,,,100098,100,,,100334,100,,
2019-06-28 10:00:30.000000000,98617,120,98456,196,98921,196,97833,196,98981,296,97796,196,99089,196,97637,196,99205,200,97590,100,99621,100,97526,100,99715,100,,,99845,100,,,100098,100,,,100334,100,,
2019-06-28 10:00:35.511939618,98617,220,98456,196,98921,196,97833,196,98981,296,97796,196,99089,196,97637,196,99205,200,97590,100,99621,100,97526,100,99715,100,,,99845,100,,,100098,100,,,100334,100,,
2019-06-28 10:00:40.000000000,98617,254,98456,230,98921,226,97833,226,98981,326,97796,226,99089,100,97637,100,99205,200,97590,100,99621,100,97526,100,99715,100,,,99845,100,,,100098,100,,,100334,100,,
2019-06-28 10:00:50.000000000,98617,506,98456,482,98921,100,97833,100,98981,200,97796,100,99089,100,97637,100,99205,200,97590,100,99621,100,97526,100,99715,100,,,99845,100,,,100098,100,,,100334,100,,
2019-06-28 10:01:00.000000000,98617,315,98456,291,98921,291,97833,291,98981,200,97796,100,99089,100,97637,100,99205,200,97590,100,99621,100,97526,100,99715,100,,,99845,100,,,100098,100,,,100334,100,,
2019-06-28 10:01:10.000000000,98617,220,98456,196,98921,196,97833,196,98981,296,97796,196,99089,196,97637,196,99205,200,97590,100,99621,100,97526,100,99715,100,,,99845,100,,,100098,100,,,100334,100,,
2019-06-28 10:01:15.889958961,98617,220,98456,196,98921,196,97833,196,98981,296,97796,196,99089,196,97637,196,99205,200,97590,100,99621,100,97526,100,99715,100,97513,100,99845,100,,,100098,100,,,100334,100,,
2019-06-28 10:01:20.000000000,98617,220,98456,196,98921,196,97833,196,98981,296,97796,196,99089,196,97637,196,99205,200,97590,100,99621,100,97526,100,99715,100,97513,100,99845,100,,,100098,100,,,100334,100,,
2019-06-28 10:01:28.230246188,98617,220,98456,196,98921,196,97921,100,98981,296,97833,196,99089,196,97796,196,99205,200,97637,196,99621,100,97590,100,99715,100,97526,100,99845,100,97513,100,100098,100,,,100334,100,,
2019-06-28 10:01:30.000000000,98617,220,98456,196,98921,196,97921,196,98981,296,97833,196,99089,196,97796,196,99205,200,97637,100,99621,100,97590,100,99715,100,97526,100,99845,100,97513,100,100098,100,,,100334,100,,
2019-06-28 10:01:40.000000000,98617,315,98456,291,98921,291,97921,291,98981,200,97833,100,99089,100,97796,100,99205,200,97637,100,99621,100,97590,100,99715,100,97526,100,99845,100,97513,100,100098,100,,,100334,100,,
2019-06-28 10:01:50.000000000,98617,220,98456,196,98921,196,97921,196,98981,296,97833,196,99089,196,97796,196,99205,200,97637,100,99621,100,97590,100,99715,100,97526,100,99845,100,97513,100,100098,100,,,100334,100,,
2019-06-28 10:02:00.000000000,98617,506,98456,482,98921,100,97921,100,98981,200,97833,100,99089,100,97796,100,99205,200,97637,100,99621,100,97590,100,99715,100,97526,100,99845,100,97513,100,100098,100,,,100334,100,,
2019-06-28 10:02:10.000000000,98617,506,98456,482,98921,100,97921,100,98981,200,97833,100,99089,100,97796,100,99205,200,97637,100,99621,100,97590,100,99715,100,97526,100,99845,100,97513,100,100098,100,,,100334,100,,
2019-06-28 10:02:20.000000000,98617,200,98456,176,98921,176,97921,176,98981,276,97833,176,99089,176,97796,176,99205,276,97637,176,99621,100,97590,100,99715,100,97526,100,99845,100,97513,100,100098,100,,,100334,100,,
2019-06-28 10:02:23.361420703,98617,176,98456,76,98921,176,97921,176,98981,276,97833,176,99089,176,97796,176,99205,276,97637,176,99621,100,97590,100,99715,100,97526,100,99845,100,97513,100,100098,100,,,100334,100,,
2019-06-28 10:02:30.000000000,98617,230,97921,230,98921,226,97833,226,98981,326,97796,226,99089,100,97637,100,99205,200,97590,100,99621,100,97526,100,99715,100,97513,100,99845,100,,,100098,100,,,100334,100,,
2019-06-28 10:02:40.000000000,98617,196,97921,196,98921,196,97833,196,98981,296,97796,196,99089,196,97637,196,99205,200,97590,100,99621,100,97526,100,99715,100,97513,100,99845,100,,,100098,100,,,100334,100,,
2019-06-28 10:02:50.000000000,98617,196,97921,196,98921,196,97833,196,98981,296,97796,196,99089,196,97637,196,99205,200,97590,100,99621,100,97526,100,99715,100,97513,100,99845,100,,,100098,100,,,100334,100,,
2019-06-28 10:03:00.000000000,98617,230,97921,230,98921,226,97833,226,98981,326,97796,226,99089,100,97637,100,99205,200,97590,100,99621,100,97526,100,99715,100,97513,100,99845,100,,,100098,100,,,100334,100,,
2019-06-28 10:03:10.000000000,98617,482,97921,482,98921,100,97833,100,98981,200,97796,100,99089,100,97637,100,99205,200,97590,100,99621,100,97526,100,99715,100,97513,100,99845,100,,,100098,100,,,100334,100,,
2019-06-28 10:03:20.000000000,98617,196,97921,196,98921,196,97833,196,98981,296,97796,196,99089,196,97637,196,99205,200,97590,100,99621,100,97526,100,99715,100,97513,100,99845,100,,,100098,100,,,100334,100,,
2019-06-28 10:03:30.000000000,98617,482,97921,482,98921,100,97833,100,98981,200,97796,100,99089,100,97637,100,99205,200,97590,100,99621,100,97526,100,99715,100,97513,100,99845,100,,,100098,100,,,100334,100,,
2019-06-28 10:03:32.824109176,98043,100,97921,482,98617,482,97833,100,98921,100,97796,100,98981,200,97637,100,99089,100,97590,100,99205,200,97526,100,99621,100,97513,100,99715,100,,,99845,100,,,100098,100,,
2019-06-28 10:03:36.610919021,98043,100,97921,482,98158,100,97833,100,98617,482,97796,100,98921,100,97637,100,98981,200,97590,100,99089,100,97526,100,99205,200,97513,100,99621,100,,,99715,100,,,99845,100,,
2019-06-28 10:03:40.000000000,98043,291,97921,291,98158,291,97833,291,98617,100,97796,100,98921,100,97637,100,98981,200,97590,100,99089,100,97526,100,99205,200,97513,100,99621,100,,,99715,100,,,99845,100,,
2019-06-28 10:03:50.000000000,98043,291,97921,291,98158,291,97833,291,98617,100,97796,100,98921,100,97637,100,98981,200,97590,100,99089,100,97526,100,99205,200,97513,100,99621,100,,,99715,100,,,99845,100,,
2019-06-28 10:03:53.758187766,98043,191,97921,291,98158,291,97833,191,98617,100,97796,100,98921,100,97637,100,98981,200,97590,100,99089,100,97526,100,99205,200,97513,100,99621,100,,,99715,100,,,99845,100,,
2019-06-28 10:04:00.000000000,98158,291,97921,291,98617,291,97796,291,98921,100,97637,100,98981,200,97590,100,99089,100,97526,100,99205,200,97513,100,99621,100,,,99715,100,,,99845,100,,,100098,100,,
2019-06-28 10:04:01.135602003,98158,291,97921,291,98456,100,97796,291,98617,291,97637,100,98981,200,97590,100,99089,100,97526,100,99205,200,97513,100,99621,100,,,99715,100,,,99845,100,,,100098,100,,
2019-06-28 10:04:01.145518412,98158,291,97921,291,98456,100,97796,291,98577,100,97637,100,98617,291,97590,100,98981,200,97526,100,99089,100,97513,100,99205,200,,,99621,100,,,99715,100,,,99845,100,,
2019-06-28 10:04:10.000000000,98158,482,97921,482,98456,100,97796,100,98577,100,97637,100,98617,100,97590,100,98981,200,97526,100,99089,100,97513,100,99205,200,,,99621,100,,,99715,100,,,99845,100,,
2019-06-28 10:04:19.689725486,98158,482,97921,482,98456,100,97796,100,98577,100,97637,100,98617,100,97590,100,98805,100,97526,100,98981,200,97513,100,99089,100,,,99205,200,,,99621,100,,,99715,100,,
2019-06-28 10:04:20.000000000,98158,291,97921,291,98456,291,97796,291,98577,100,97637,100,98617,100,97590,100,98805,100,97526,100,98981,200,97513,100,99089,100,,,99205,200,,,99621,100,,,99715,100,,
2019-06-28 10:04:30.000000000,98158,291,97921,291,98456,291,97796,291,98577,100,97637,100,98617,100,97590,100,98805,100,97526,100,98981,200,97513,100,99089,100,,,99205,200,,,99621,100,,,99715,100,,
2019-06-28 10:04:31.494598112,98158,191,97921,291,98456,291,97796,291,98577,100,97637,100,98617,100,97590,100,98805,100,97526,100,98981,200,97513,100,99089,100,,,99205,200,,,99621,100,,,99715,100,,
2019-06-28 10:04:40.000000000,98456,176,97921,176,98577,176,97796,176,98617,176,97637,176,98805,176,97590,176,98981,276,97526,176,99089,100,97513,100,99205,200,,,99621,100,,,99715,100,,,99845,100,,
2019-06-28 10:04:50.000000000,98456,482,97921,482,98577,100,97796,100,98617,100,97637,100,98805,100,97590,100,98981,200,97526,100,99089,100,97513,100,99205,200,,,99621,100,,,99715,100,,,99845,100,,
2019-06-28 10:05:00.000000000,98456,291,97921,291,98577,291,97796,291,98617,100,97637,100,98805,100,97590,100,98981,200,97526,100,99089,100,97513,100,99205,200,,,99621,100,,,99715,100,,,99845,100,,
2019-06-28 10:05:04.511171915,98456,191,97921,291,98577,291,97796,291,98617,100,97637,100,98805,100,97590,100,98981,200,97526,100,99089,100,97513,100,99205,200,,,99621,100,,,99715,100,,,99845,100,,
2019-06-28 10:05:09.939055582,98456,191,97921,291,98577,291,97796,291,98617,100,97637,100,98805,100,97590,100,98981,200,97526,100,99021,100,97513,100,99089,100,,,99205,200,,,99621,100,,,99715,100,,
2019-06-28 10:05:10.000000000,98577,482,97921,482,98617,100,97796,100,98805,100,97637,100,98981,200,97590,100,99021,100,97526,100,99089,100,97513,100,99205,200,,,99621,100,,,99715,100,,,99845,100,,
2019-06-28 10:05:20.000000000,98577,291,97921,291,98617,291,97796,291,98805,100,97637,100,98981,200,97590,100,99021,100,97526,100,99089,100,97513,100,99205,200,,,99621,100,,,99715,100,,,99845,100,,
2019-06-28 10:05:23.370288553,98577,191,97921,291,98617,291,97796,291,98805,100,97637,100,98981,200,97590,100,99021,100,97526,100,99089,100,97513,100,99205,200,,,99621,100,,,99715,100,,,99845,100,,
2019-06-28 10:05:30.000000000,98617,176,97921,176,98805,176,97796,176,98981,276,97637,176,99021,176,97590,176,99089,176,97526,176,99205,200,97513,100,99621,100,,,99715,100,,,99845,100,,,100098,100,,
2019-06-28 10:05:40.000000000,98617,230,97921,230,98805,226,97796,226,98981,326,97637,226,99021,100,97590,100,99089,100,97526,100,99205,200,97513,100,99621,100,,,99715,100,,,99845,100,,,100098,100,,
2019-06-28 10:05:43.419497852,98553,100,97921,230,98617,230,97796,226,98805,226,97637,226,98981,326,97590,100,99021,100,97526,100,99089,100,97513,100,99205,200,,,99621,100,,,99715,100,,,99845,100,,
2019-06-28 10:05:46.751868868,98553,100,97921,230,98614,100,97796,226,98617,230,97637,226,98805,226,97590,100,98981,326,97526,100,99021,100,97513,100,99089,100,,,99205,200,,,99621,100,,,99715,100,,
2019-06-28 10:05:49.532082910,98553,100,97921,230,98576,100,97796,226,98614,100,97637,226,98617,230,97590,100,98805,226,97526,100,98981,326,97513,100,99021,100,,,99089,100,,,99205,200,,,99621,100,,
2019-06-28 10:05:50.000000000,98553,291,97921,291,98576,291,97796,291,98614,100,97637,100,98617,100,97590,100,98805,100,97526,100,98981,200,97513,100,99021,100,,,99089,100,,,99205,200,,,99621,100,,
2019-06-28 10:06:00.000000000,98553,196,97921,196,98576,196,97796,196,98614,196,97637,196,98617,196,97590,196,98805,100,97526,100,98981,200,97513,100,99021,100,,,99089,100,,,99205,200,,,99621,100,,
2019-06-28 10:06:10.000000000,98553,176,97921,176,98576,176,97796,176,98614,176,97637,176,98617,176,97590,176,98805,176,97526,176,98981,200,97513,100,99021,100,,,99089,100,,,99205,200,,,99621,100,,
2019-06-28 10:06:17.605719190,98433,100,97921,176,98553,176,97796,176,98576,176,97637,176,98614,176,97590,176,98617,176,97526,176,98805,176,97513,100,98981,200,,,99021,100,,,99089,100,,,99205,200,,
2019-06-28 10:06:20.000000000,98433,196,97921,196,98553,196,97796,196,98576,196,97637,196,98614,196,97590,196,98617,100,97526,100,98805,100,97513,100,98981,200,,,99021,100,,,99089,100,,,99205,200,,
2019-06-28 10:06:20.320742585,98433,196,97921,196,98490,100,97796,196,98553,196,97637,196,98576,196,97590,196,98614,196,97526,100,98617,100,97513,100,98805,100,,,98981,200,,,99021,100,,,99089,100,,
2019-06-28 10:06:22.507538866,98433,96,97921,196,98490,100,97796,196,98553,196,97637,96,98576,196,97590,196,98614,196,97526,100,98617,100,97513,100,98805,100,,,98981,200,,,99021,100,,,99089,100,,
2019-06-28 10:06:27.314697527,98433,96,97921,196,98490,100,97796,196,98553,196,97637,96,98576,196,97590,196,98614,196,97526,100,98805,100,97513,100,98981,200,,,99021,100,,,99089,100,,,99205,200,,
2019-06-28 10:06:28.224124453,98433,96,97921,196,98490,100,97796,196,98553,196,97637,96,98576,196,97590,196,98614,196,97526,100,98805,100,97513,100,98981,100,,,99021,100,,,99089,100,,,99205,200,,
2019-06-28 10:06:30.000000000,98490,482,97921,482,98553,100,97796,100,98576,100,97590,100,98614,100,97526,100,98805,100,97513,100,98981,100,,,99021,100,,,99089,100,,,99205,200,,,99621,100,,
2019-06-28 10:06:30.276532736,98490,482,98395,100,98553,100,97921,482,98576,100,97796,100,98614,100,97590,100,98805,100,97526,100,98981,100,97513,100,99021,100,,,99089,100,,,99205,200,,,99621,100,,
2019-06-28 10:06:30.769982237,98490,382,98395,100,98553,100,98291,100,98576,100,97921,482,98614,100,97796,100,98805,100,97590,100,98981,100,97526,100,99021,100,97513,100,99089,100,,,99205,200,,,99621,100,,
2019-06-28 10:06:40.000000000,98553,176,98395,176,98576,176,98291,176,98614,176,97921,176,98805,176,97796,176,98981,176,97590,176,99021,100,97526,100,99089,100,97513,100,99205,200,,,99621,100,,,99715,100,,
2019-06-28 10:06:46.068732528,98553,176,98395,176,98576,176,98291,176,98601,100,97921,176,98614,176,97796,176,98805,176,97590,176,98981,176,97526,100,99021,100,97513,100,99089,100,,,99205,200,,,99621,100,,
2019-06-28 10:06:46.332781935,98553,176,98395,76,98576,176,98291,176,98601,100,97921,176,98614,176,97796,176,98805,176,97590,76,98981,176,97526,100,99021,100,97513,100,99089,100,,,99205,200,,,99621,100,,
2019-06-28 10:06:50.000000000,98553,176,98291,176,98576,176,97921,176,98601,176,97796,176,98614,176,97526,176,98805,176,97513,176,98981,100,,,99021,100,,,99089,100,,,99205,200,,,99621,100,,
2019-06-28 10:07:00.000000000,98553,482,98291,482,98576,100,97921,100,98601,100,97796,100,98614,100,97526,100,98805,100,97513,100,98981,100,,,99021,100,,,99089,100,,,99205,200,,,99621,100,,
2019-06-28 10:07:06.726583890,98553,482,98291,382,98576,100,97921,100,98601,100,97796,100,98614,100,97526,100,98805,100,97513,100,98981,100,,,99021,100,,,99089,100,,,99205,200,,,99621,100,,
2019-06-28 10:07:09.399065944,98553,382,98291,382,98576,100,97921,100,98601,100,97526,100,98614,100,97513,100,98805,100,,,98981,100,,,99021,100,,,99089,100,,,99205,200,,,99621,100,,
2019-06-28 10:07:10.000000000,98576,482,97921,482,98601,100,97526,100,98614,100,97513,100,98805,100,,,98981,100,,,99021,100,,,99089,100,,,99205,200,,,99621,100,,,99715,100,,
2019-06-28 10:07:14.189108204,98576,482,97921,482,98601,100,97526,100,98614,100,97513,100,98805,100,,,98981,100,,,99021,100,,,99089,100,,,99205,200,,,99621,100,,,99715,100,,
2019-06-28 10:07:20.000000000,98576,176,97921,176,98601,176,97526,176,98614,176,97513,176,98805,176,97512,76,98981,176,,,99021,100,,,99089,100,,,99205,200,,,99621,100,,,99715,100,,
2019-06-28 10:07:20.004898732,98576,176,97921,176,98601,176,97526,176,98614,176,97513,176,98805,176,97512,76,98981,176,,,99089,100,,,99205,200,,,99621,100,,,99715,100,,,99845,100,,
2019-06-28 10:07:30.000000000,98576,482,97921,482,98601,100,97526,100,98614,100,97513,100,98805,100,,,98981,100,,,99089,100,,,99205,200,,,99621,100,,,99715,100,,,99845,100,,
2019-06-28 10:07:34.370639032,98576,482,97921,482,98601,100,97526,100,98614,100,97513,100,98805,100,,,98981,100,,,99089,100,,,99205,200,,,99621,100,,,99715,100,,,99845,100,,
2019-06-28 10:07:40.000000000,98576,176,97921,176,98601,176,97526,176,98614,176,97513,176,98805,176,97512,76,98981,176,,,99089,100,,,99205,200,,,99621,100,,,99715,100,,,99845,100,,
2019-06-28 10:07:50.000000000,98576,196,97921,196,98601,196,97526,196,98614,196,97513,196,98805,196,97512,96,98981,100,,,99089,100,,,99205,200,,,99621,100,,,99715,100,,,99845,100,,
2019-06-28 10:07:53.026528833,98576,196,97921,196,98601,196,97526,196,98614,196,97513,196,98805,196,97512,96,98981,100,,,99089,100,,,99205,200,,,99621,100,,,99715,100,,,99845,100,,
2019-06-28 10:08:00.000000000,98576,176,97921,176,98601,176,97526,176,98614,176,97513,176,98805,176,97512,76,98981,176,,,99089,100,,,99205,200,,,99621,100,,,99715,100,,,99845,100,,
2019-06-28 10:08:02.627912788,98576,176,97921,176,98601,176,97526,176,98614,176,97513,176,98805,176,97512,76,98981,176,,,99089,100,,,99205,200,,,99621,100,,,99715,100,,,99845,100,,
2019-06-28 10:08:10.000000000,98576,482,97921,482,98601,100,97526,100,98614,100,97513,100,98805,100,,,98981,100,,,99089,100,,,99205,200,,,99621,100,,,99715,100,,,99845,100,,
2019-06-28 10:08:11.028680988,98576,382,97921,482,98601,100,97526,100,98614,100,97513,100,98805,100,,,98981,100,,,99089,100,,,99205,200,,,99621,100,,,99715,100,,,99845,100,,
2019-06-28 10:08:20.000000000,98601,176,97921,176,98614,176,97526,176,98805,176,97513,176,98981,176,97512,76,99089,176,,,99205,200,,,99621,100,,,99715,100,,,99845,100,,,99847,100,,
2019-06-28 10:08:30.000000000,98601,176,97921,176,98614,176,97526,176,98805,176,97513,176,98981,176,97512,76,99089,176,,,99205,200,,,99621,100,,,99715,100,,,99845,100,,,99847,100,,
2019-06-28 10:08:33.877519718,98601,176,97921,176,98614,176,97526,176,98805,176,97513,176,98981,176,97512,76,99089,76,,,99205,200,,,99621,100,,,99715,100,,,99845,100,,,99847,100,,
2019-06-28 10:08:40.000000000,98601,196,97921,196,98614,196,97526,196,98805,196,97513,196,98981,196,97512,96,99205,200,,,99621,100,,,99715,100,,,99845,100,,,99847,100,,,100027,100,,
2019-06-28 10:08:43.008417195,98601,96,97921,196,98614,196,97526,196,98805,196,97513,196,98981,196,97512,96,99205,200,,,99621,100,,,99715,100,,,99845,100,,,99847,100,,,100027,100,,
2019-06-28 10:08:50.000000000,98614,176,97921,176,98805,176,97526,176,98981,176,97513,176,99205,276,97512,76,99621,176,,,99715,100,,,99845,100,,,99847,100,,,100027,100,,,100098,100,,
2019-06-28 10:09:00.000000000,98614,176,97921,176,98805,176,97526,176,98981,176,97513,176,99205,276,97512,76,99621,176,,,99715,100,,,99845,100,,,99847,100,,,100027,100,,,100098,100,,
2019-06-28 10:09:00.641966623,98614,176,97921,176,98805,176,97526,176,98981,176,97513,176,99205,276,97512,76,99621,176,,,99678,100,,,99715,100,,,99845,100,,,99847,100,,,100027,100,,
2019-06-28 10:09:05.932723760,98614,176,97921,176,98805,176,97526,176,98981,176,97513,176,99205,276,97512,76,99621,176,,,99678,100,,,99715,100,,,99845,100,,,99847,100,,,100027,100,,
2019-06-28 10:09:10.000000000,98614,482,97921,482,98805,100,97526,100,98981,100,97513,100,99205,200,,,99621,100,,,99678,100,,,99715,100,,,99845,100,,,99847,100,,,100027,100,,
2019-06-28 10:09:20.000000000,98614,196,97921,196,98805,196,97526,196,98981,196,97513,196,99205,296,97512,96,99621,100,,,99678,100,,,99715,100,,,99845,100,,,99847,100,,,100027,100,,
2019-06-28 10:09:30.000000000,98614,291,97921,291,98805,291,97526,291,98981,100,97513,100,99205,200,,,99621,100,,,99678,100,,,99715,100,,,99845,100,,,99847,100,,,100027,100,,
2019-06-28 10:09:30.059938048,98614,191,97921,291,98805,291,97526,291,98981,100,97513,100,99205,200,,,99621,100,,,99678,100,,,99715,100,,,99845,100,,,99847,100,,,100027,100,,
2019-06-28 10:09:30.255694319,98614,191,98601,100,98805,291,97921,291,99205,200,97526,291,99621,100,97513,100,99678,100,,,99715,100,,,99845,100,,,99847,100,,,100027,100,,,100074,100,,
2019-06-28 10:09:32.507543911,98614,191,98601,200,98805,291,97921,291,99205,200,97526,291,99621,100,97513,100,99678,100,,,99715,100,,,99847,100,,,100027,100,,,100074,100,,,100098,100,,
2019-06-28 10:09:40.000000000,98805,176,98601,276,99205,276,97921,176,99621,176,97526,176,99678,176,97513,176,99715,176,97512,76,99847,100,,,100027,100,,,100074,100,,,100098,100,,,100113,100,,
2019-06-28 10:09:50.000000000,98805,291,98601,391,99205,391,97921,291,99621,100,97526,100,99678,100,97513,100,99715,100,,,99847,100,,,100027,100,,,100074,100,,,100098,100,,,100113,100,,
2019-06-28 10:09:51.245319366,98805,291,98601,391,99205,391,97921,291,99621,100,97526,100,99678,100,97513,100,99715,100,,,99847,100,,,99849,100,,,100027,100,,,100074,100,,,100098,100,,
2019-06-28 10:10:00.000000000,98805,230,98601,330,99205,326,97921,226,99621,226,97526,226,99678,100,97513,100,99715,100,,,99847,100,,,99849,100,,,100027,100,,,100074,100,,,100098,100,,
2019-06-28 10:10:04.155526826,98805,230,98601,430,99205,326,97921,226,99621,226,97526,226,99678,100,97513,100,99715,100,,,99847,100,,,99849,100,,,100027,100,,,100074,100,,,100098,100,,
2019-06-28 10:10:06.299274118,98805,230,98601,530,99205,326,97921,226,99621,226,97526,226,99678,100,97513,100,99715,100,,,99847,100,,,99849,100,,,100027,100,,,100074,100,,,100098,100,,
2019-06-28 10:10:10.000000000,98805,291,98601,591,99205,391,97921,291,99621,100,97526,100,99678,100,97513,100,99715,100,,,99847,100,,,99849,100,,,100027,100,,,100074,100,,,100098,100,,
2019-06-28 10:10:20.000000000,98805,196,98601,496,99205,296,97921,196,99621,196,97526,196,99678,196,97513,196,99715,100,,,99847,100,,,99849,100,,,100027,100,,,100074,100,,,100098,100,,
2019-06-28 10:10:30.000000000,98805,482,98601,782,99205,200,97921,100,99621,100,97526,100,99678,100,97513,100,99715,100,,,99847,100,,,99849,100,,,100027,100,,,100074,100,,,100098,100,,
2019-06-28 10:10:37.044620527,98805,482,98601,782,99205,200,97921,100,99621,100,97526,100,99678,100,97513,100,99715,100,,,99847,100,,,99849,100,,,100027,100,,,100085,100,,,100098,100,,
2019-06-28 10:10:40.000000000,98805,230,98601,530,99205,326,97921,226,99621,226,97526,226,99678,100,97513,100,99715,100,,,99847,100,,,99849,100,,,100027,100,,,100085,100,,,100098,100,,
2019-06-28 10:10:48.641007480,98805,230,98601,530,99205,326,97921,226,99621,226,97526,226,99678,100,97513,100,99715,100,,,99847,100,,,99849,100,,,100027,100,,,100077,100,,,100085,100,,
2019-06-28 10:10:50.000000000,98805,196,98601,496,99205,296,97921,196,99621,196,97526,196,99678,196,97513,196,99715,100,,,99847,100,,,99849,100,,,100027,100,,,100077,100,,,100085,100,,
2019-06-28 10:11:00.000000000,98805,230,98601,530,99205,326,97921,226,99621,226,97526,226,99678,100,97513,100,99715,100,,,99847,100,,,99849,100,,,100027,100,,,100077,100,,,100085,100,,
2019-06-28 10:11:06.028807716,98805,230,98601,530,99205,326,97921,226,99621,226,97526,226,99678,100,97513,100,99715,100,,,99847,100,,,99849,100,,,100027,100,,,100066,100,,,100077,100,,
2019-06-28 10:11:10.000000000,98805,482,98601,782,99205,200,97921,100,99621,100,97526,100,99678,100,97513,100,99715,100,,,99847,100,,,99849,100,,,100027,100,,,100066,100,,,100077,100,,
2019-06-28 10:11:13.981908742,98805,482,98601,782,99205,200,97921,100,99621,100,97526,100,99678,100,97513,100,99715,100,,,99847,100,,,99849,100,,,99966,100,,,100027,100,,,100066,100,,
2019-06-28 10:11:20.000000000,98805,482,98601,782,99205,200,97921,100,99621,100,97526,100,99678,100,97513,100,99715,100,,,99847,100,,,99849,100,,,99966,100,,,100027,100,,,100066,100,,
2019-06-28 10:11:20.474226559,98805,382,98601,782,99205,200,97921,100,99621,100,97526,100,99678,100,97513,100,99715,100,,,99847,100,,,99849,100,,,99966,100,,,100027,100,,,100066,100,,
2019-06-28 10:11:30.000000000,99205,296,98601,496,99621,196,97921,196,99678,196,97526,196,99715,196,97513,196,99847,100,,,99849,100,,,99966,100,,,100027,100,,,100066,100,,,100077,100,,
2019-06-28 10:11:40.000000000,99205,330,98601,530,99621,226,97921,226,99678,226,97526,226,99715,100,97513,100,99847,100,,,99849,100,,,99966,100,,,100027,100,,,100066,100,,,100077,100,,
2019-06-28 10:11:50.000000000,99205,582,98601,782,99621,100,97921,100,99678,100,97526,100,99715,100,97513,100,99847,100,,,99849,100,,,99966,100,,,100027,100,,,100066,100,,,100077,100,,
2019-06-28 10:12:00.000000000,99205,582,98601,782,99621,100,97921,100,99678,100,97526,100,99715,100,97513,100,99847,100,,,99849,100,,,99966,100,,,100027,100,,,100066,100,,,100077,100,,
2019-06-28 10:12:10.000000000,99205,296,98601,496,99621,196,97921,196,99678,196,97526,196,99715,196,97513,196,99847,100,,,99849,100,,,99966,100,,,100027,100,,,100066,100,,,100077,100,,
2019-06-28 10:12:20.000000000,99205,276,98601,476,99621,176,97921,176,99678,176,97526,176,99715,176,97513,176,99847,176,97512,76,99849,100,,,99966,100,,,100027,100,,,100066,100,,,100077,100,,
2019-06-28 10:12:22.667829623,99205,276,98614,100,99621,176,98601,476,99678,176,97921,176,99715,176,97526,176,99847,176,97513,176,99849,100,97512,76,99966,100,,,100027,100,,,100066,100,,,100077,100,,
2019-06-28 10:12:30.000000000,99205,582,98614,482,99621,100,98601,400,99678,100,97921,100,99715,100,97526,100,99847,100,97513,100,99849,100,,,99966,100,,,100027,100,,,100066,100,,,100077,100,,
2019-06-28 10:12:33.994386839,99205,582,98614,482,99621,100,98601,400,99678,100,97921,100,99715,100,97526,100,99847,100,97513,100,99849,100,,,99966,100,,,100027,100,,,100066,100,,,100077,100,,
2019-06-28 10:12:40.000000000,99205,276,98614,176,99621,176,98601,476,99678,176,97921,176,99715,176,97526,176,99847,176,97513,176,99849,100,,,99966,100,,,100027,100,,,100066,100,,,100077,100,,
2019-06-28 10:12:50.000000000,99205,276,98614,176,99621,176,98601,476,99678,176,97921,176,99715,176,97526,176,99847,176,97513,176,99849,100,,,99966,100,,,100027,100,,,100066,100,,,100077,100,,
2019-06-28 10:13:00.000000000,99205,582,98614,482,99621,100,98601,400,99678,100,97921,100,99715,100,97526,100,99847,100,97513,100,99849,100,,,99966,100,,,100027,100,,,100066,100,,,100077,100,,
2019-06-28 10:13:10.000000000,99205,391,98614,291,99621,291,98601,591,99678,100,97921,100,99715,100,97526,100,99847,100,97513,100,99849,100,,,99966,100,,,100027,100,,,100066,100,,,100077,100,,
2019-06-28 10:13:20.000000000,99205,276,98614,176,99621,176,98601,476,99678,176,97921,176,99715,176,97526,176,99847,176,97513,176,99849,100,,,99966,100,,,100027,100,,,100066,100,,,100077,100,,
2019-06-28 10:13:29.447331013,99205,276,98614,276,99621,176,98601,476,99678,176,97921,176,99715,176,97526,176,99847,176,97513,176,99849,100,,,99966,100,,,100027,100,,,100066,100,,,100077,100,,
2019-06-28 10:13:30.000000000,99205,582,98614,582,99621,100,98601,400,99678,100,97921,100,99715,100,97526,100,99847,100,97513,100,99849,100,,,99966,100,,,100027,100,,,100066,100,,,100077,100,,
2019-06-28 10:13:40.000000000,99205,296,98614,296,99621,196,98601,496,99678,196,97921,196,99715,196,97526,196,99847,100,97513,100,99849,100,,,99966,100,,,100027,100,,,100066,100,,,100077,100,,
2019-06-28 10:13:41.990494578,99205,296,98614,396,99621,196,98601,496,99678,196,97921,196,99715,196,97526,196,99847,100,97513,100,99849,100,,,99966,100,,,100027,100,,,100066,100,,,100077,100,,
2019-06-28 10:13:49.032934681,99205,196,98614,396,99621,196,98601,496,99678,196,97921,196,99715,196,97526,196,99847,100,97513,100,99849,100,,,99966,100,,,100027,100,,,100066,100,,,100077,100,,
2019-06-28 10:13:50.000000000,99205,291,98614,491,99621,291,98601,591,99678,100,97921,100,99715,100,97526,100,99847,100,97513,100,99849,100,,,99966,100,,,100027,100,,,100066,100,,,100077,100,,
2019-06-28 10:14:00.000000000,99205,196,98614,396,99621,196,98601,496,99678,196,97921,196,99715,196,97526,196,99847,100,97513,100,99849,100,,,99966,100,,,100027,100,,,100066,100,,,100077,100,,
2019-06-28 10:14:10.000000000,99205,196,98614,396,99621,196,98601,496,99678,196,97921,196,99715,196,97526,196,99847,100,97513,100,99849,100,,,99966,100,,,100027,100,,,100066,100,,,100077,100,,
2019-06-28 10:14:20.000000000,99205,230,98614,430,99621,226,98601,526,99678,226,97921,226,99715,100,97526,100,99847,100,97513,100,99849,100,,,99966,100,,,100027,100,,,100066,100,,,100077,100,,
2019-06-28 10:14:25.361003503,99205,230,98614,430,99621,226,98601,526,99678,226,97921,226,99715,100,97526,100,99847,100,97513,100,99849,100,,,99966,100,,,100027,100,,,100066,100,,,100077,100,,
2019-06-28 10:14:26.814186984,99205,230,98614,430,99621,226,98601,526,99678,226,97921,226,99847,100,97526,100,99849,100,97513,100,99966,100,,,100027,100,,,100066,100,,,100077,100,,,100085,100,,
2019-06-28 10:14:30.000000000,99205,176,98614,376,99621,176,98601,476,99678,176,97921,176,99847,176,97526,176,99849,176,97513,176,99966,100,,,100027,100,,,100066,100,,,100077,100,,,100085,100,,
2019-06-28 10:14:35.158255521,99205,76,98614,376,99621,176,98601,476,99678,176,97921,176,99847,176,97526,176,99849,176,97513,176,99966,100,,,100027,100,,,100066,100,,,100077,100,,,100085,100,,
2019-06-28 10:14:38.431700060,99621,176,99205,24,99678,176,98614,376,99847,176,98601,476,99849,176,97921,176,99966,100,97526,176,100027,100,97513,176,100066,100,,,100077,100,,,100085,100,,,100098,100,,
2019-06-28 10:14:39.021019367,99621,76,99205,24,99678,176,98614,376,99847,176,98601,476,99849,176,97921,176,99966,100,97526,176,100027,100,97513,176,100066,100,,,100077,100,,,100085,100,,,100098,100,,
2019-06-28 10:14:40.000000000,99678,291,99205,215,99847,291,98614,491,99849,100,98601,400,99966,100,97921,100,100027,100,97526,100,100066,100,97513,100,100077,100,,,100085,100,,,100098,100,,,100334,100,,
2019-06-28 10:14:45.931647379,99678,291,99205,215,99847,291,98614,491,99849,100,98601,400,99966,100,97921,100,100027,100,97526,100,100066,100,97513,100,100077,100,,,100085,100,,,100098,100,,,100334,100,,
