,ask_price_1,ask_size_1,bid_price_1,bid_size_1,ask_price_2,ask_size_2,bid_price_2,bid_size_2,ask_price_3,ask_size_3,bid_price_3,bid_size_3,ask_price_4,ask_size_4,bid_price_4,bid_size_4,ask_price_5,ask_size_5,bid_price_5,bid_size_5,ask_price_6,ask_size_6,bid_price_6,bid_size_6,ask_price_7,ask_size_7,bid_price_7,bid_size_7,ask_price_8,ask_size_8,bid_price_8,bid_size_8,ask_price_9,ask_size_9,bid_price_9,bid_size_9,ask_price_10,ask_size_10,bid_price_10,bid_size_10
2019-06-28 09:30:00.000000000,100018,100,99972,100,100021,100,,,,,,,,,,,,,,,,,,,,,,,,,,,,,,,,,,
2019-06-28 09:30:00.000000002,100018,100,99972,100,100021,100,99841,100,100113,100,,,,,,,,,,,,,,,,,,,,,,,,,,,,,,
2019-06-28 09:30:00.000000003,100018,100,99972,100,100021,100,99896,100,100082,100,99841,100,100113,100,,,,,,,,,,,,,,,,,,,,,,,,,,
2019-06-28 09:30:00.000000004,100018,100,99972,100,100021,100,99896,100,100022,100,99841,100,100082,100,,,100113,100,,,,,,,,,,,,,,,,,,,,,,
2019-06-28 09:30:00.000000005,100018,100,99972,100,100021,100,99896,100,100022,100,99881,100,100082,100,99841,100,100113,100,,,,,,,,,,,,,,,,,,,,,,
2019-06-28 09:30:00.000000006,100018,100,99998,100,100021,100,99972,100,100022,100,99896,100,100082,100,99881,100,100113,100,99841,100,,,,,,,,,,,,,,,,,,,,
2019-06-28 09:30:00.000000007,100018,100,99998,100,100021,100,99972,100,100022,100,99896,100,100071,100,99881,100,100082,100,99841,100,100113,100,,,,,,,,,,,,,,,,,,
2019-06-28 09:30:00.000000008,100018,100,99998,100,100021,100,99972,100,100022,100,99896,100,100029,100,99881,100,100071,100,99841,100,100082,100,,,100113,100,,,,,,,,,,,,,,
2019-06-28 09:30:00.000000009,100018,100,99998,100,100021,100,99972,100,100022,100,99896,100,100029,100,99881,100,100071,100,99841,100,100082,100,,,100113,100,,,100150,100,,,,,,,,,,
2019-06-28 09:30:00.000000011,100018,100,99998,100,100021,100,99972,100,100022,100,99957,100,100029,100,99896,100,100071,100,99881,100,100082,100,99841,100,100106,100,,,100113,100,,,100150,100,,,,,,
2019-06-28 09:30:00.000000012,100018,100,99998,100,100021,100,99983,100,100022,100,99981,100,100029,100,99972,100,100071,100,99957,100,100082,100,99896,100,100106,100,99881,100,100113,100,99841,100,100150,100,,,,,,
2019-06-28 09:30:00.000000014,100018,100,99998,100,100021,100,99983,100,100022,100,99981,100,100029,100,99972,100,100071,100,99957,100,100082,100,99922,100,100106,100,99896,100,100113,100,99881,100,100150,100,99841,100,,,,
2019-06-28 09:30:00.000000017,100012,100,99983,100,100018,100,99981,100,100021,100,99972,100,100022,100,99957,100,100029,100,99922,100,100071,100,99896,100,100082,100,99881,100,100106,100,99841,100,100113,100,,,100150,100,,
2019-06-28 09:30:00.000000018,100018,100,99983,100,100021,100,99981,100,100022,100,99972,100,100029,100,99957,100,100071,100,99922,100,100082,100,99896,100,100106,100,99881,100,100113,100,99841,100,100150,100,,,,,,
2019-06-28 09:30:00.000000023,100018,100,99983,100,100021,100,99981,100,100022,100,99972,100,100029,100,99957,100,100071,100,99922,100,100082,100,99896,100,100106,100,99886,100,100113,100,99881,100,100150,100,99841,100,,,,
2019-06-28 09:30:00.000000027,100018,100,99983,100,100021,100,99981,100,100022,100,99972,100,100029,100,99957,100,100071,100,99922,100,100082,100,99896,100,100085,100,99886,100,100106,100,99881,100,100113,100,99841,100,100150,100,,
2019-06-28 09:30:00.000000030,99995,100,99983,100,100018,100,99981,100,100021,100,99972,100,100022,100,99957,100,100029,100,99922,100,100038,100,99896,100,100071,100,99886,100,100082,100,99881,100,100085,100,99841,100,100106,100,,
2019-06-28 09:30:00.000000038,99995,100,99983,100,100018,100,99981,100,100021,100,99972,100,100022,100,99957,100,100029,100,99922,100,100038,100,99896,100,100071,100,99886,100,100082,100,99881,100,100085,100,99841,100,100106,100,,
2019-06-28 09:30:00.000000040,99995,100,99983,100,100012,100,99981,100,100018,100,99972,100,100021,100,99957,100,100022,100,99922,100,100029,100,99896,100,100038,100,99886,100,100071,100,99881,100,100082,100,99841,100,100085,100,99824,100
2019-06-28 09:30:00.000000042,99995,100,99983,100,100012,100,99981,100,100018,100,99972,100,100021,100,99957,100,100022,100,99922,100,100029,100,99896,100,100038,100,99886,100,100071,100,99881,100,100082,100,99841,100,100085,100,99824,100
2019-06-28 09:30:00.000000043,99995,100,99983,100,100012,100,99981,100,100018,100,99972,100,100021,100,99957,100,100022,100,99922,100,100029,100,99896,100,100038,100,99886,100,100071,100,99881,100,100082,100,99841,100,100085,100,99824,100
2019-06-28 09:30:00.000000047,100012,100,99983,100,100018,100,99981,100,100021,100,99972,100,100022,100,99957,100,100029,100,99922,100,100038,100,99896,100,100071,100,99886,100,100082,100,99881,100,100085,100,99841,100,100106,100,99824,100
2019-06-28 09:30:00.000000048,100011,100,99983,100,100012,100,99981,100,100018,100,99972,100,100021,100,99957,100,100022,100,99922,100,100029,100,99896,100,100038,100,99886,100,100071,100,99881,100,100082,100,99841,100,100085,100,99824,100
2019-06-28 09:30:00.000000049,100011,100,99983,100,100012,100,99981,100,100018,100,99972,100,100021,100,99957,100,100022,100,99922,100,100029,100,99896,100,100038,100,99886,100,100071,100,99881,100,100082,100,99841,100,100085,100,99838,100
2019-06-28 09:30:00.000000053,100011,100,99983,200,100012,100,99981,100,100018,100,99972,100,100021,100,99967,100,100022,100,99957,100,100029,100,99922,100,100038,100,99896,100,100071,100,99886,100,100082,100,99881,100,100085,100,99841,100
2019-06-28 09:30:00.000000054,100011,100,99983,200,100012,100,99981,100,100018,100,99972,100,100021,100,99967,100,100022,100,99957,100,100029,100,99922,100,100038,100,99914,100,100071,100,99896,100,100082,100,99886,100,100085,100,99881,100
2019-06-28 09:30:00.000000055,100011,100,99983,200,100012,100,99981,100,100018,100,99972,100,100021,100,99967,100,100022,100,99964,100,100029,100,99957,100,100038,100,99922,100,100071,100,99914,100,100082,100,99896,100,100085,100,99886,100
2019-06-28 09:30:00.000000056,100011,100,99983,200,100012,100,99981,100,100018,100,99972,100,100021,100,99967,100,100022,100,99964,100,100029,100,99957,100,100038,100,99922,100,100071,100,99914,100,100082,100,99896,100,100085,100,99886,100
2019-06-28 09:30:00.000000057,100011,100,99983,200,100012,100,99981,100,100018,100,99972,100,100021,100,99967,100,100022,100,99964,100,100029,100,99957,100,100038,100,99922,100,100071,100,99914,100,100082,100,99896,100,100085,100,99886,100
2019-06-28 09:30:00.000000058,100011,100,99995,100,100012,100,99983,200,100018,100,99981,100,100021,100,99972,100,100022,100,99967,100,100029,100,99964,100,100038,100,99957,100,100071,100,99922,100,100082,100,99914,100,100085,100,99896,100
2019-06-28 09:30:00.000000061,100011,100,99995,100,100012,100,99984,100,100018,100,99983,200,100021,100,99981,100,100022,100,99972,100,100029,100,99967,100,100038,100,99964,100,100071,100,99957,100,100082,100,99951,100,100085,100,99922,100
2019-06-28 09:30:00.000000063,100011,200,99995,100,100012,100,99984,100,100018,100,99983,200,100021,100,99981,100,100022,100,99972,100,100029,100,99970,100,100038,100,99967,100,100071,100,99964,100,100082,100,99957,100,100085,100,99951,100
2019-06-28 09:30:00.000000065,100011,100,99995,100,100012,100,99984,100,100018,100,99983,200,100021,100,99981,100,100022,100,99972,100,100029,100,99970,100,100038,100,99967,100,100071,100,99964,100,100082,100,99957,100,100085,100,99951,100
2019-06-28 09:30:00.000000066,100011,100,99995,100,100012,100,99984,100,100018,100,99983,200,100021,100,99981,100,100022,100,99972,100,100029,100,99970,100,100038,100,99967,100,100055,100,99964,100,100071,100,99957,100,100082,100,99951,100
2019-06-28 09:30:00.000000067,100011,100,99995,100,100012,100,99984,100,100018,100,99983,200,100021,100,99981,100,100022,100,99972,100,100029,100,99970,100,100038,100,99967,100,100055,100,99964,100,100071,100,99957,100,100082,100,99951,100
2019-06-28 09:30:00.000000068,100011,100,99995,100,100012,100,99986,100,100018,100,99984,100,100021,100,99983,200,100022,100,99981,100,100029,100,99972,100,100038,100,99970,100,100055,100,99967,100,100071,100,99964,100,100082,100,99957,100
2019-06-28 09:30:00.000000070,100012,100,99995,100,100018,100,99986,100,100021,100,99984,100,100022,100,99983,200,100029,100,99981,100,100038,100,99972,100,100055,100,99970,100,100071,100,99967,100,100082,100,99964,100,100085,100,99957,100
2019-06-28 09:30:00.000000077,100012,100,99995,100,100018,100,99986,100,100021,100,99984,100,100022,100,99983,200,100028,100,99981,100,100029,100,99972,100,100038,100,99970,100,100055,100,99967,100,100071,100,99964,100,100082,100,99957,100
2019-06-28 09:30:00.000000078,100018,100,99995,100,100021,100,99986,100,100022,100,99984,100,100028,100,99983,200,100029,100,99981,100,100038,100,99972,100,100055,100,99970,100,100071,100,99967,100,100082,100,99964,100,100085,100,99957,100
2019-06-28 09:30:00.000000081,100018,100,99995,100,100021,100,99986,100,100022,100,99984,100,100028,100,99983,200,100029,100,99981,100,100038,100,99972,100,100055,100,99970,100,100071,100,99967,100,100080,100,99964,100,100082,100,99957,100
2019-06-28 09:30:00.000000086,100018,100,99995,100,100021,100,99986,100,100022,100,99984,100,100028,100,99983,200,100029,100,99981,100,100038,100,99972,100,100055,100,99970,100,100060,100,99967,100,100071,100,99964,100,100080,100,99957,100
2019-06-28 09:30:00.000000088,100012,100,99995,100,100018,100,99986,100,100021,100,99984,100,100022,100,99983,200,100028,100,99981,100,100029,100,99978,100,100038,100,99972,100,100055,100,99970,100,100060,100,99967,100,100071,100,99964,100
2019-06-28 09:30:00.000000089,100012,100,99995,100,100018,100,99986,100,100021,100,99984,100,100022,100,99983,200,100028,100,99981,100,100029,100,99978,100,100038,100,99972,100,100054,100,99970,100,100055,100,99967,100,100060,100,99964,100
2019-06-28 09:30:00.000000091,100012,100,99995,100,100018,100,99986,100,100021,100,99984,100,100022,100,99983,200,100028,100,99981,100,100029,100,99978,100,100038,100,99972,100,100054,100,99970,100,100055,100,99967,100,100060,100,99964,100
2019-06-28 09:30:00.000000092,100012,200,99995,100,100018,100,99986,100,100021,100,99984,100,100022,100,99983,200,100028,100,99981,100,100029,100,99978,100,100038,100,99972,100,100054,100,99970,100,100055,100,99967,100,100060,100,99964,100
2019-06-28 09:30:00.000000094,100012,200,99995,100,100018,100,99986,100,100021,100,99984,100,100022,100,99983,200,100028,100,99981,100,100029,100,99978,100,100038,100,99972,100,100054,100,99970,100,100055,100,99967,100,100060,100,99964,100
2019-06-28 09:30:00.000000096,100012,200,100002,100,100018,100,99995,100,100021,100,99986,100,100022,100,99984,100,100028,100,99983,200,100029,100,99981,100,100038,100,99978,100,100054,100,99972,100,100055,100,99970,100,100060,100,99967,100
2019-06-28 09:30:00.000000097,100012,300,100002,100,100018,100,99995,100,100021,100,99986,100,100022,100,99984,100,100028,100,99983,200,100029,100,99981,100,100038,100,99978,100,100054,100,99972,100,100055,100,99970,100,100060,100,99967,100
2019-06-28 09:30:00.000000099,100012,300,100002,100,100018,100,99995,100,100021,100,99986,100,100022,100,99984,100,100028,100,99983,200,100029,100,99981,100,100038,100,99978,100,100054,100,99972,100,100055,100,99970,100,100060,100,99967,100
2019-06-28 09:30:10.000000000,100012,638,100002,438,100018,100,99995,100,100021,100,99986,100,100022,100,99984,100,100028,100,99983,200,100029,100,99981,100,100038,100,99978,100,100054,100,99972,100,100055,100,99970,100,100060,100,99967,100
2019-06-28 09:30:20.000000000,100012,368,100002,168,100018,168,99995,168,100021,168,99986,168,100022,168,99984,168,100028,168,99983,268,100029,100,99981,100,100038,100,99978,100,100054,100,99972,100,100055,100,99970,100,100060,100,99967,100
2019-06-28 09:30:20.356032807,100012,368,100002,168,100018,168,99995,168,100021,168,99986,168,100022,268,99984,168,100028,168,99983,268,100029,100,99981,100,100038,100,99978,100,100054,100,99972,100,100055,100,99970,100,100060,100,99967,100
2019-06-28 09:30:29.010578732,100012,468,100002,168,100018,168,99995,168,100021,168,99986,168,100022,268,99984,168,100028,168,99983,268,100029,100,99981,100,100038,100,99978,100,100054,100,99972,100,100055,100,99970,100,100060,100,99967,100
2019-06-28 09:30:30.000000000,100012,738,100002,438,100018,100,99995,100,100021,100,99986,100,100022,200,99984,100,100028,100,99983,200,100029,100,99981,100,100038,100,99978,100,100054,100,99972,100,100055,100,99970,100,100060,100,99967,100
2019-06-28 09:30:33.815934152,100012,638,100002,438,100018,100,99995,100,100021,100,99986,100,100022,200,99984,100,100028,100,99983,200,100029,100,99981,100,100038,100,99978,100,100054,100,99972,100,100055,100,99970,100,100060,100,99967,100
2019-06-28 09:30:40.000000000,100012,469,100002,269,100018,269,99995,269,100021,100,99986,100,100022,200,99984,100,100028,100,99983,200,100029,100,99981,100,100038,100,99978,100,100054,100,99972,100,100055,100,99970,100,100060,100,99967,100
2019-06-28 09:30:50.000000000,100012,384,100002,184,100018,184,99995,184,100021,184,99986,184,100022,284,99984,184,100028,100,99983,200,100029,100,99981,100,100038,100,99978,100,100054,100,99972,100,100055,100,99970,100,100060,100,99967,100
2019-06-28 09:31:00.000000000,100012,638,100002,438,100018,100,99995,100,100021,100,99986,100,100022,200,99984,100,100028,100,99983,200,100029,100,99981,100,100038,100,99978,100,100054,100,99972,100,100055,100,99970,100,100060,100,99967,100
2019-06-28 09:31:01.488355189,100012,538,100002,438,100018,100,99995,100,100021,100,99986,100,100022,200,99984,100,100028,100,99983,200,100029,100,99981,100,100038,100,99978,100,100054,100,99972,100,100055,100,99970,100,100060,100,99967,100
2019-06-28 09:31:08.516172776,100012,438,100002,438,100018,100,99995,100,100022,200,99986,100,100028,100,99984,100,100029,100,99983,200,100038,100,99981,100,100054,100,99978,100,100055,100,99972,100,100060,100,99970,100,100071,100,99967,100
2019-06-28 09:31:10.000000000,100012,438,100002,438,100018,100,99995,100,100022,200,99986,100,100028,100,99984,100,100029,100,99983,200,100038,100,99981,100,100054,100,99978,100,100055,100,99972,100,100060,100,99970,100,100071,100,99967,100
2019-06-28 09:31:20.000000000,100012,215,100002,215,100018,212,99995,212,100022,312,99986,212,100028,100,99984,100,100029,100,99983,200,100038,100,99981,100,100054,100,99978,100,100055,100,99972,100,100060,100,99970,100,100071,100,99967,100
2019-06-28 09:31:27.313804694,100012,115,100002,215,100018,212,99995,212,100022,312,99986,212,100028,100,99984,100,100029,100,99983,200,100038,100,99981,100,100054,100,99978,100,100055,100,99972,100,100060,100,99970,100,100071,100,99967,100
2019-06-28 09:31:30.000000000,100018,215,100002,215,100022,312,99995,212,100028,212,99986,212,100029,100,99984,100,100038,100,99983,200,100054,100,99981,100,100055,100,99978,100,100060,100,99972,100,100071,100,99970,100,100080,100,99967,100
2019-06-28 09:31:40.000000000,100018,269,100002,269,100022,369,99995,269,100028,100,99986,100,100029,100,99984,100,100038,100,99983,200,100054,100,99981,100,100055,100,99978,100,100060,100,99972,100,100071,100,99970,100,100080,100,99967,100
2019-06-28 09:31:40.622640647,100018,269,100012,100,100022,369,100002,269,100028,100,99995,269,100029,100,99986,100,100038,100,99984,100,100054,100,99983,200,100055,100,99978,100,100060,100,99972,100,100071,100,99970,100,100080,100,99967,100
2019-06-28 09:31:45.721440634,100018,169,100012,100,100022,369,100002,269,100028,100,99995,269,100029,100,99986,100,100038,100,99984,100,100054,100,99983,200,100055,100,99978,100,100060,100,99972,100,100071,100,99970,100,100080,100,99967,100
2019-06-28 09:31:50.000000000,100022,315,100012,215,100028,212,100002,212,100029,212,99995,212,100038,100,99986,100,100054,100,99984,100,100055,100,99983,200,100060,100,99978,100,100071,100,99972,100,100080,100,99970,100,100082,100,99967,100
2019-06-28 09:31:57.722016607,100022,315,100012,215,100028,212,100002,212,100029,212,99995,212,100054,100,99986,100,100055,100,99984,100,100060,100,99983,200,100071,100,99978,100,100080,100,99972,100,100082,100,99970,100,100085,100,99967,100
2019-06-28 09:32:00.000000000,100022,284,100012,184,100028,184,100002,184,100029,184,99995,184,100054,184,99986,184,100055,100,99984,100,100060,100,99983,200,100071,100,99978,100,100080,100,99972,100,100082,100,99970,100,100085,100,99967,100
2019-06-28 09:32:02.842620704,100022,184,100012,184,100028,184,100002,184,100029,184,99995,184,100054,184,99986,184,100055,100,99984,100,100060,100,99983,200,100071,100,99978,100,100080,100,99972,100,100082,100,99970,100,100085,100,99967,100
2019-06-28 09:32:10.000000000,100022,184,100012,184,100028,184,100002,184,100029,184,99995,184,100054,184,99986,184,100055,100,99984,100,100060,100,99983,200,100071,100,99978,100,100080,100,99972,100,100082,100,99970,100,100085,100,99967,100
2019-06-28 09:32:20.000000000,100022,168,100012,168,100028,168,100002,168,100029,168,99995,168,100054,168,99986,168,100055,168,99984,168,100060,100,99983,200,100071,100,99978,100,100080,100,99972,100,100082,100,99970,100,100085,100,99967,100
2019-06-28 09:32:30.000000000,100022,438,100012,438,100028,100,100002,100,100029,100,99995,100,100054,100,99986,100,100055,100,99984,100,100060,100,99983,200,100071,100,99978,100,100080,100,99972,100,100082,100,99970,100,100085,100,99967,100
2019-06-28 09:32:37.795985088,100022,338,100012,438,100028,100,100002,100,100029,100,99995,100,100054,100,99986,100,100055,100,99984,100,100060,100,99983,200,100071,100,99978,100,100080,100,99972,100,100082,100,99970,100,100085,100,99967,100
2019-06-28 09:32:40.000000000,100028,168,100012,168,100029,168,100002,168,100054,168,99995,168,100055,168,99986,168,100060,168,99984,168,100071,100,99983,200,100080,100,99978,100,100082,100,99972,100,100085,100,99970,100,100105,100,99967,100
2019-06-28 09:32:50.000000000,100028,168,100012,168,100029,168,100002,168,100054,168,99995,168,100055,168,99986,168,100060,168,99984,168,100071,100,99983,200,100080,100,99978,100,100082,100,99972,100,100085,100,99970,100,100105,100,99967,100
2019-06-28 09:33:00.000000000,100028,438,100012,438,100029,100,100002,100,100054,100,99995,100,100055,100,99986,100,100060,100,99984,100,100071,100,99983,200,100080,100,99978,100,100082,100,99972,100,100085,100,99970,100,100105,100,99967,100
2019-06-28 09:33:10.000000000,100028,438,100012,438,100029,100,100002,100,100054,100,99995,100,100055,100,99986,100,100060,100,99984,100,100071,100,99983,200,100080,100,99978,100,100082,100,99972,100,100085,100,99970,100,100105,100,99967,100
2019-06-28 09:33:20.000000000,100028,168,100012,168,100029,168,100002,168,100054,168,99995,168,100055,168,99986,168,100060,168,99984,168,100071,100,99983,200,100080,100,99978,100,100082,100,99972,100,100085,100,99970,100,100105,100,99967,100
2019-06-28 09:33:28.154412325,100028,168,100012,168,100029,168,100002,168,100054,168,99995,168,100055,168,99986,168,100060,68,99984,168,100071,100,99983,200,100080,100,99978,100,100082,100,99972,100,100085,100,99970,100,100105,100,99967,100
2019-06-28 09:33:30.000000000,100028,168,100012,168,100029,168,100002,168,100054,168,99995,168,100055,168,99986,168,100071,168,99984,168,100080,100,99983,200,100082,100,99978,100,100085,100,99972,100,100105,100,99970,100,100106,100,99967,100
2019-06-28 09:33:40.000000000,100028,215,100012,215,100029,212,100002,212,100054,212,99995,212,100055,100,99986,100,100071,100,99984,100,100080,100,99983,200,100082,100,99978,100,100085,100,99972,100,100105,100,99970,100,100106,100,99967,100
2019-06-28 09:33:40.106628297,100028,115,100012,215,100029,212,100002,212,100054,212,99995,212,100055,100,99986,100,100071,100,99983,200,100080,100,99978,100,100082,100,99972,100,100085,100,99970,100,100105,100,99967,100,100106,100,99964,100
2019-06-28 09:33:50.000000000,100029,269,100012,269,100054,269,100002,269,100055,100,99995,100,100071,100,99986,100,100080,100,99983,200,100082,100,99978,100,100085,100,99972,100,100105,100,99970,100,100106,100,99967,100,100111,100,99964,100
2019-06-28 09:34:00.000000000,100029,269,100012,269,100054,269,100002,269,100055,100,99995,100,100071,100,99986,100,100080,100,99983,200,100082,100,99978,100,100085,100,99972,100,100105,100,99970,100,100106,100,99967,100,100111,100,99964,100
2019-06-28 09:34:04.744688728,100029,269,100012,269,100054,269,100002,269,100055,100,99995,200,100071,100,99986,100,100080,100,99983,200,100082,100,99978,100,100085,100,99972,100,100105,100,99970,100,100106,100,99967,100,100111,100,99964,100
2019-06-28 09:34:07.531584474,100029,169,100012,269,100054,269,100002,269,100055,100,99995,200,100071,100,99986,100,100080,100,99983,200,100082,100,99978,100,100085,100,99972,100,100105,100,99970,100,100106,100,99967,100,100111,100,99964,100
2019-06-28 09:34:10.000000000,100054,168,100012,168,100055,168,100002,168,100071,168,99995,268,100080,168,99986,168,100082,168,99983,268,100085,100,99978,100,100105,100,99972,100,100106,100,99970,100,100111,100,99967,100,100124,100,99964,100
2019-06-28 09:34:10.761903558,100054,168,100034,100,100055,168,100012,168,100071,168,100002,168,100080,168,99995,268,100082,168,99986,168,100085,100,99983,268,100105,100,99978,100,100106,100,99972,100,100111,100,99970,100,100124,100,99967,100
2019-06-28 09:34:14.314289852,100054,168,100034,100,100055,168,100012,168,100071,168,100002,168,100080,168,99995,268,100082,68,99986,168,100085,100,99983,268,100105,100,99978,100,100106,100,99972,100,100111,100,99970,100,100124,100,99967,100
2019-06-28 09:34:20.000000000,100054,168,100034,168,100055,168,100012,168,100071,168,100002,168,100080,168,99995,268,100085,168,99986,168,100105,100,99983,200,100106,100,99978,100,100111,100,99972,100,100124,100,99970,100,100133,100,99967,100
2019-06-28 09:34:28.111437430,100054,168,100034,168,100055,168,100028,100,100071,168,100012,168,100080,168,100002,168,100085,168,99995,268,100105,100,99986,168,100106,100,99983,200,100111,100,99978,100,100124,100,99972,100,100133,100,99970,100
2019-06-28 09:34:30.000000000,100054,168,100034,168,100055,168,100028,168,100071,168,100012,168,100080,168,100002,168,100085,168,99995,268,100105,100,99986,100,100106,100,99983,200,100111,100,99978,100,100124,100,99972,100,100133,100,99970,100
2019-06-28 09:34:40.000000000,100054,438,100034,438,100055,100,100028,100,100071,100,100012,100,100080,100,100002,100,100085,100,99995,200,100105,100,99986,100,100106,100,99983,200,100111,100,99978,100,100124,100,99972,100,100133,100,99970,100
2019-06-28 09:34:50.000000000,100054,184,100034,184,100055,184,100028,184,100071,184,100012,184,100080,184,100002,184,100085,100,99995,200,100105,100,99986,100,100106,100,99983,200,100111,100,99978,100,100124,100,99972,100,100133,100,99970,100
2019-06-28 09:34:57.627274902,100054,184,100034,184,100055,184,100028,184,100071,184,100012,184,100080,184,100002,184,100085,100,99995,200,100105,100,99986,100,100106,100,99983,200,100111,100,99978,100,100124,100,99972,100,100133,100,99970,100
2019-06-28 09:34:59.746891930,100054,84,100034,184,100055,184,100028,184,100071,184,100012,184,100080,184,100002,184,100085,100,99995,200,100105,100,99986,100,100106,100,99983,200,100111,100,99978,100,100124,100,99972,100,100133,100,99970,100
2019-06-28 09:35:00.000000000,100055,184,100034,184,100071,184,100028,184,100080,184,100012,184,100085,184,100002,184,100105,100,99995,200,100106,100,99986,100,100111,100,99983,200,100124,100,99978,100,100133,100,99972,100,100144,100,99970,100
2019-06-28 09:35:10.000000000,100055,269,100034,269,100071,269,100028,269,100080,100,100012,100,100085,100,100002,100,100105,100,99995,200,100106,100,99986,100,100111,100,99983,200,100124,100,99978,100,100133,100,99972,100,100144,100,99970,100
2019-06-28 09:35:20.000000000,100055,184,100034,184,100071,184,100028,184,100080,184,100012,184,100085,184,100002,184,100105,100,99995,200,100106,100,99986,100,100111,100,99983,200,100124,100,99978,100,100133,100,99972,100,100144,100,99970,100
2019-06-28 09:35:25.008893650,100055,184,100034,184,100071,184,100028,184,100080,184,100012,184,100081,100,100002,184,100085,184,99995,200,100105,100,99986,100,100106,100,99983,200,100111,100,99978,100,100124,100,99972,100,100133,100,99970,100
2019-06-28 09:35:30.000000000,100055,168,100034,168,100071,168,100028,168,100080,168,100012,168,100081,168,100002,168,100085,168,99995,268,100105,100,99986,100,100106,100,99983,200,100111,100,99978,100,100124,100,99972,100,100133,100,99970,100
2019-06-28 09:35:30.396067869,100055,168,100034,168,100071,168,100028,168,100080,168,100012,168,100081,168,100002,168,100085,168,99995,268,100105,100,99986,100,100106,100,99983,200,100111,100,99978,100,100124,100,99972,100,100133,100,99970,100
2019-06-28 09:35:32.636938144,100055,168,100034,168,100071,168,100028,168,100080,168,100012,168,100081,168,100002,168,100085,168,99995,268,100105,100,99986,100,100106,100,99983,200,100111,100,99978,100,100124,100,99972,100,100133,100,99970,100
2019-06-28 09:35:40.000000000,100055,269,100034,269,100071,269,100028,269,100080,100,100012,100,100081,100,100002,100,100085,100,99995,200,100105,100,99986,100,100106,100,99983,200,100111,100,99978,100,100124,100,99972,100,100133,100,99970,100
2019-06-28 09:35:47.553413691,100055,269,100034,169,100071,269,100028,269,100080,100,100012,100,100081,100,100002,100,100085,100,99995,200,100105,100,99986,100,100106,100,99983,200,100111,100,99978,100,100124,100,99972,100,100133,100,99970,100
2019-06-28 09:35:50.000000000,100055,438,100028,438,100071,100,100012,100,100080,100,100002,100,100081,100,99995,200,100085,100,99986,100,100105,100,99983,200,100106,100,99978,100,100111,100,99972,100,100124,100,99970,100,100133,100,99967,100
2019-06-28 09:35:54.128066841,100055,438,100028,438,100071,100,100002,100,100080,100,99995,200,100081,100,99986,100,100085,100,99983,200,100105,100,99978,100,100106,100,99972,100,100111,100,99970,100,100124,100,99967,100,100133,100,99964,100
2019-06-28 09:36:00.000000000,100055,168,100028,168,100071,168,100002,168,100080,168,99995,268,100081,168,99986,168,100085,168,99983,268,100105,100,99978,100,100106,100,99972,100,100111,100,99970,100,100124,100,99967,100,100133,100,99964,100
2019-06-28 09:36:01.007431680,100055,168,100028,168,100071,168,100002,168,100080,168,99995,268,100081,168,99986,168,100085,168,99983,268,100105,100,99978,100,100106,100,99972,100,100111,100,99971,100,100124,100,99970,100,100133,100,99967,100
2019-06-28 09:36:01.135926404,100055,68,100028,168,100071,168,100002,168,100080,168,99995,268,100081,168,99986,68,100085,168,99983,268,100105,100,99978,100,100106,100,99972,100,100111,100,99971,100,100124,100,99970,100,100133,100,99967,100
2019-06-28 09:36:10.000000000,100071,438,100028,438,100080,100,100002,100,100081,100,99995,200,100085,100,99983,200,100105,100,99978,100,100106,100,99972,100,100111,100,99971,100,100124,100,99970,100,100133,100,99967,100,100144,100,99964,100
2019-06-28 09:36:11.137233605,100054,100,100028,438,100071,438,100002,100,100080,100,99995,200,100081,100,99983,200,100085,100,99978,100,100105,100,99972,100,100106,100,99971,100,100111,100,99970,100,100124,100,99967,100,100133,100,99964,100
2019-06-28 09:36:13.146835788,100054,100,100028,438,100071,338,100002,100,100080,100,99995,200,100081,100,99983,200,100085,100,99978,100,100105,100,99972,100,100106,100,99971,100,100111,100,99970,100,100124,100,99967,100,100133,100,99964,100
2019-06-28 09:36:20.000000000,100054,184,100028,184,100080,184,100002,184,100081,184,99995,284,100085,184,99983,284,100105,100,99978,100,100106,100,99972,100,100111,100,99971,100,100124,100,99970,100,100133,100,99967,100,100144,100,99964,100
2019-06-28 09:36:25.299027799,100054,184,100028,184,100080,184,100002,184,100081,184,99995,284,100085,184,99983,284,100105,100,99978,100,100106,100,99972,100,100111,100,99971,100,100124,100,99970,100,100133,100,99967,100,100144,100,99964,100
2019-06-28 09:36:30.000000000,100054,215,100028,215,100080,212,100002,212,100081,212,99995,312,100085,100,99983,200,100105,100,99978,100,100106,100,99972,100,100111,100,99971,100,100124,100,99970,100,100133,100,99967,100,100144,100,99964,100
2019-06-28 09:36:33.572569599,100054,215,100028,115,100080,212,100002,112,100081,212,99995,312,100085,100,99983,200,100105,100,99978,100,100106,100,99972,100,100111,100,99971,100,100124,100,99970,100,100133,100,99967,100,100144,100,99964,100
2019-06-28 09:36:40.000000000,100054,215,99995,315,100080,212,99983,312,100081,212,99978,212,100085,100,99972,100,100105,100,99971,100,100106,100,99970,100,100111,100,99967,100,100124,100,99964,100,100133,100,99949,100,100144,100,99939,100
2019-06-28 09:36:50.000000000,100054,168,99995,268,100080,168,99983,268,100081,168,99978,168,100085,168,99972,168,100105,168,99971,168,100106,100,99970,100,100111,100,99967,100,100124,100,99964,100,100133,100,99949,100,100144,100,99939,100
2019-06-28 09:37:00.000000000,100054,438,99995,538,100080,100,99983,200,100081,100,99978,100,100085,100,99972,100,100105,100,99971,100,100106,100,99970,100,100111,100,99967,100,100124,100,99964,100,100133,100,99949,100,100144,100,99939,100
2019-06-28 09:37:04.566908055,100054,438,99995,538,100080,100,99983,200,100081,100,99978,100,100085,100,99972,100,100105,100,99971,100,100106,100,99970,100,100111,100,99967,100,100124,100,99964,100,100133,100,99949,100,100144,100,99939,100
2019-06-28 09:37:08.909507165,100054,438,99995,438,100080,100,99983,200,100081,100,99978,100,100085,100,99972,100,100105,100,99971,100,100106,100,99970,100,100111,100,99967,100,100124,100,99964,100,100133,100,99939,100,100144,100,99930,100
2019-06-28 09:37:10.000000000,100054,215,99995,215,100080,212,99983,312,100081,212,99978,212,100085,100,99972,100,100105,100,99971,100,100106,100,99970,100,100111,100,99967,100,100124,100,99964,100,100133,100,99939,100,100144,100,99930,100
2019-06-28 09:37:20.000000000,100054,168,99995,168,100080,168,99983,268,100081,168,99978,168,100085,168,99972,168,100105,168,99971,168,100106,100,99970,100,100111,100,99967,100,100124,100,99964,100,100133,100,99939,100,100144,100,99930,100
2019-06-28 09:37:29.256618728,100054,168,99995,168,100080,168,99983,268,100081,168,99978,168,100085,168,99972,168,100105,168,99971,168,100106,100,99970,100,100111,100,99967,100,100124,100,99964,100,100133,100,99939,100,100144,100,99930,100
2019-06-28 09:37:30.000000000,100054,438,99995,438,100080,100,99983,200,100081,100,99978,100,100085,100,99972,100,100105,100,99971,100,100106,100,99970,100,100111,100,99967,100,100124,100,99964,100,100133,100,99939,100,100144,100,99930,100
2019-06-28 09:37:40.000000000,100054,215,99995,215,100080,212,99983,312,100081,212,99978,212,100085,100,99972,100,100105,100,99971,100,100106,100,99970,100,100111,100,99967,100,100124,100,99964,100,100133,100,99939,100,100144,100,99930,100
2019-06-28 09:37:41.815790872,100054,215,99995,115,100080,212,99983,312,100081,212,99978,212,100085,100,99972,100,100105,100,99971,100,100106,100,99970,100,100111,100,99967,100,100124,100,99964,100,100133,100,99939,100,100144,100,99930,100
2019-06-28 09:37:44.469964921,100054,215,99995,15,100080,212,99983,312,100081,212,99978,212,100085,100,99972,100,100105,100,99971,100,100106,100,99970,100,100111,100,99967,100,100124,100,99964,100,100133,100,99939,100,100144,100,99930,100
2019-06-28 09:37:50.000000000,100054,184,99983,284,100080,184,99978,184,100081,184,99972,184,100085,184,99971,184,100105,100,99970,100,100106,100,99967,100,100111,100,99964,100,100124,100,99939,100,100133,100,99930,100,100144,100,99896,100
2019-06-28 09:37:56.546923348,100054,184,99983,284,100080,184,99978,184,100081,184,99972,184,100085,184,99971,184,100105,100,99970,100,100111,100,99967,100,100124,100,99964,100,100133,100,99939,100,100144,100,99934,100,100147,100,99930,100
2019-06-28 09:38:00.000000000,100054,184,99983,284,100080,184,99978,184,100081,184,99972,184,100085,184,99971,184,100105,100,99970,100,100111,100,99967,100,100124,100,99964,100,100133,100,99939,100,100144,100,99934,100,100147,100,99930,100
2019-06-28 09:38:04.265192659,100054,184,99983,184,100080,184,99978,184,100081,184,99972,184,100085,184,99971,184,100105,100,99970,100,100111,100,99967,100,100124,100,99964,100,100133,100,99939,100,100144,100,99934,100,100147,100,99930,100
2019-06-28 09:38:07.237151868,100054,184,99983,84,100080,184,99978,84,100081,184,99972,184,100085,184,99971,184,100105,100,99970,100,100111,100,99967,100,100124,100,99964,100,100133,100,99939,100,100144,100,99934,100,100147,100,99930,100
2019-06-28 09:38:10.000000000,100054,215,99972,215,100080,212,99971,212,100081,212,99970,212,100085,100,99967,100,100105,100,99964,100,100111,100,99939,100,100124,100,99934,100,100133,100,99930,100,100144,100,99896,100,100147,100,99886,100
2019-06-28 09:38:10.742607132,100054,215,99972,215,100080,212,99971,212,100081,212,99970,212,100085,100,99967,100,100105,100,99964,100,100111,100,99939,100,100124,100,99934,100,100133,100,99930,100,100144,100,99896,100,100147,100,99886,100
2019-06-28 09:38:10.883059102,100054,215,99972,115,100080,212,99971,212,100081,212,99970,212,100085,100,99967,100,100105,100,99964,100,100111,100,99939,100,100124,100,99934,100,100133,100,99930,100,100144,100,99896,100,100147,100,99886,100
2019-06-28 09:38:20.000000000,100054,215,99971,215,100080,212,99970,212,100081,212,99967,212,100085,100,99964,100,100105,100,99939,100,100111,100,99934,100,100124,100,99930,100,100133,100,99896,100,100144,100,99886,100,100147,100,99879,100
2019-06-28 09:38:30.000000000,100054,168,99971,168,100080,168,99970,168,100081,168,99967,168,100085,168,99964,168,100105,168,99939,168,100111,100,99934,100,100124,100,99930,100,100133,100,99896,100,100144,100,99886,100,100147,100,99879,100
2019-06-28 09:38:40.000000000,100054,215,99971,215,100080,212,99970,212,100081,212,99967,212,100085,100,99964,100,100105,100,99939,100,100111,100,99934,100,100124,100,99930,100,100133,100,99896,100,100144,100,99886,100,100147,100,99879,100
2019-06-28 09:38:50.000000000,100054,438,99971,438,100080,100,99970,100,100081,100,99967,100,100085,100,99964,100,100105,100,99939,100,100111,100,99934,100,100124,100,99930,100,100133,100,99896,100,100144,100,99886,100,100147,100,99879,100
2019-06-28 09:39:00.000000000,100054,438,99971,438,100080,100,99970,100,100081,100,99967,100,100085,100,99964,100,100105,100,99939,100,100111,100,99934,100,100124,100,99930,100,100133,100,99896,100,100144,100,99886,100,100147,100,99879,100
2019-06-28 09:39:06.544833124,100054,438,99971,438,100080,100,99970,100,100081,100,99967,100,100085,100,99964,100,100105,100,99939,100,100111,100,99934,100,100124,100,99896,100,100133,100,99886,100,100144,100,99879,100,100147,100,99847,100
2019-06-28 09:39:10.000000000,100054,168,99971,168,100080,168,99970,168,100081,168,99967,168,100085,168,99964,168,100105,168,99939,168,100111,100,99934,100,100124,100,99896,100,100133,100,99886,100,100144,100,99879,100,100147,100,99847,100
2019-06-28 09:39:20.000000000,100054,269,99971,269,100080,269,99970,269,100081,100,99967,100,100085,100,99964,100,100105,100,99939,100,100111,100,99934,100,100124,100,99896,100,100133,100,99886,100,100144,100,99879,100,100147,100,99847,100
2019-06-28 09:39:30.000000000,100054,168,99971,168,100080,168,99970,168,100081,168,99967,168,100085,168,99964,168,100105,168,99939,168,100111,100,99934,100,100124,100,99896,100,100133,100,99886,100,100144,100,99879,100,100147,100,99847,100
2019-06-28 09:39:34.078706937,100054,68,99971,168,100080,168,99970,168,100081,168,99967,168,100085,168,99964,168,100105,168,99939,168,100111,100,99934,100,100124,100,99896,100,100133,100,99886,100,100144,100,99879,100,100147,100,99847,100
2019-06-28 09:39:40.000000000,100080,438,99971,438,100081,100,99970,100,100085,100,99967,100,100105,100,99964,100,100111,100,99939,100,100124,100,99934,100,100133,100,99896,100,100144,100,99886,100,100147,100,99879,100,100488,100,99847,100
2019-06-28 09:39:50.000000000,100080,168,99971,168,100081,168,99970,168,100085,168,99967,168,100105,168,99964,168,100111,168,99939,168,100124,100,99934,100,100133,100,99896,100,100144,100,99886,100,100147,100,99879,100,100488,100,99847,100
2019-06-28 09:39:55.988238553,100080,68,99971,168,100081,168,99970,168,100085,168,99967,168,100105,168,99964,168,100111,168,99939,168,100124,100,99934,100,100133,100,99896,100,100144,100,99886,100,100147,100,99879,100,100488,100,99847,100
2019-06-28 09:39:56.484744440,100080,68,100054,100,100081,168,99971,168,100085,168,99970,168,100105,168,99967,168,100111,168,99964,168,100124,100,99939,168,100133,100,99934,100,100144,100,99896,100,100147,100,99886,100,100488,100,99879,100
2019-06-28 09:40:00.000000000,100081,184,100054,184,100085,184,99971,184,100105,184,99970,184,100111,184,99967,184,100124,100,99964,100,100133,100,99939,100,100144,100,99934,100,100147,100,99896,100,100488,100,99886,100,,,99879,100
2019-06-28 09:40:10.000000000,100081,438,100054,438,100085,100,99971,100,100105,100,99970,100,100111,100,99967,100,100124,100,99964,100,100133,100,99939,100,100144,100,99934,100,100147,100,99896,100,100488,100,99886,100,,,99879,100
2019-06-28 09:40:20.000000000,100081,184,100054,184,100085,184,99971,184,100105,184,99970,184,100111,184,99967,184,100124,100,99964,100,100133,100,99939,100,100144,100,99934,100,100147,100,99896,100,100488,100,99886,100,,,99879,100
2019-06-28 09:40:30.000000000,100081,438,100054,438,100085,100,99971,100,100105,100,99970,100,100111,100,99967,100,100124,100,99964,100,100133,100,99939,100,100144,100,99934,100,100147,100,99896,100,100488,100,99886,100,,,99879,100
2019-06-28 09:40:40.000000000,100081,215,100054,215,100085,212,99971,212,100105,212,99970,212,100111,100,99967,100,100124,100,99964,100,100133,100,99939,100,100144,100,99934,100,100147,100,99896,100,100488,100,99886,100,,,99879,100
2019-06-28 09:40:50.000000000,100081,184,100054,184,100085,184,99971,184,100105,184,99970,184,100111,184,99967,184,100124,100,99964,100,100133,100,99939,100,100144,100,99934,100,100147,100,99896,100,100488,100,99886,100,,,99879,100
2019-06-28 09:40:59.907358473,100081,184,100054,284,100085,184,99971,184,100105,184,99970,184,100111,184,99967,184,100124,100,99964,100,100133,100,99939,100,100144,100,99934,100,100147,100,99896,100,100488,100,99886,100,,,99879,100
2019-06-28 09:41:00.000000000,100081,184,100054,284,100085,184,99971,184,100105,184,99970,184,100111,184,99967,184,100124,100,99964,100,100133,100,99939,100,100144,100,99934,100,100147,100,99896,100,100488,100,99886,100,,,99879,100
2019-06-28 09:41:10.000000000,100081,168,100054,268,100085,168,99971,168,100105,168,99970,168,100111,168,99967,168,100124,168,99964,168,100133,100,99939,100,100144,100,99934,100,100147,100,99896,100,100488,100,99886,100,,,99879,100
2019-06-28 09:41:14.539450372,100081,168,100054,268,100085,168,99971,168,100105,168,99970,168,100111,168,99967,168,100124,168,99964,168,100133,100,99939,100,100144,100,99934,100,100488,100,99896,100,100858,100,99886,100,,,99879,100
2019-06-28 09:41:16.689779803,100081,168,100054,368,100085,168,99971,168,100105,168,99970,168,100111,168,99967,168,100124,168,99964,168,100133,100,99939,100,100144,100,99934,100,100488,100,99896,100,100858,100,99886,100,,,99879,100
2019-06-28 09:41:20.000000000,100081,215,100054,415,100085,212,99971,212,100105,212,99970,212,100111,100,99967,100,100124,100,99964,100,100133,100,99939,100,100144,100,99934,100,100488,100,99896,100,100858,100,99886,100,,,99879,100
2019-06-28 09:41:30.000000000,100081,269,100054,469,100085,269,99971,269,100105,100,99970,100,100111,100,99967,100,100124,100,99964,100,100133,100,99939,100,100144,100,99934,100,100488,100,99896,100,100858,100,99886,100,,,99879,100
2019-06-28 09:41:40.000000000,100081,184,100054,384,100085,184,99971,184,100105,184,99970,184,100111,184,99967,184,100124,100,99964,100,100133,100,99939,100,100144,100,99934,100,100488,100,99896,100,100858,100,99886,100,,,99879,100
2019-06-28 09:41:49.391428381,100081,84,100054,384,100085,184,99971,184,100105,184,99970,184,100111,184,99967,184,100124,100,99964,100,100133,100,99939,100,100144,100,99934,100,100488,100,99896,100,100858,100,99886,100,,,99879,100
2019-06-28 09:41:50.000000000,100085,168,100054,368,100105,168,99971,168,100111,168,99970,168,100124,168,99967,168,100133,168,99964,168,100144,100,99939,100,100488,100,99934,100,100858,100,99896,100,,,99886,100,,,99879,100
2019-06-28 09:42:00.000000000,100085,438,100054,638,100105,100,99971,100,100111,100,99970,100,100124,100,99967,100,100133,100,99964,100,100144,100,99939,100,100488,100,99934,100,100858,100,99896,100,,,99886,100,,,99879,100
2019-06-28 09:42:10.000000000,100085,438,100054,638,100105,100,99971,100,100111,100,99970,100,100124,100,99967,100,100133,100,99964,100,100144,100,99939,100,100488,100,99934,100,100858,100,99896,100,,,99886,100,,,99879,100
2019-06-28 09:42:12.581662637,100085,438,100054,638,100105,100,99971,100,100111,100,99970,100,100124,100,99967,100,100133,100,99964,100,100144,100,99939,100,100488,100,99934,100,100800,100,99896,100,100858,100,99886,100,,,99879,100
2019-06-28 09:42:18.840161127,100085,238,100054,638,100105,100,99971,100,100111,100,99970,100,100124,100,99967,100,100133,100,99964,100,100144,100,99939,100,100488,100,99934,100,100800,100,99896,100,100858,100,99886,100,,,99879,100
2019-06-28 09:42:19.691991809,100085,138,100054,638,100105,100,99971,100,100124,100,99970,100,100133,100,99967,100,100144,100,99964,100,100488,100,99939,100,100800,100,99934,100,100858,100,99896,100,,,99886,100,,,99879,100
2019-06-28 09:42:20.000000000,100105,184,100054,384,100124,184,99971,184,100133,184,99970,184,100144,184,99967,184,100488,100,99964,100,100800,100,99939,100,100858,100,99934,100,,,99896,100,,,99886,100,,,99879,100
2019-06-28 09:42:30.000000000,100105,438,100054,638,100124,100,99971,100,100133,100,99970,100,100144,100,99967,100,100488,100,99964,100,100800,100,99939,100,100858,100,99934,100,,,99896,100,,,99886,100,,,99879,100
2019-06-28 09:42:40.000000000,100105,168,100054,368,100124,168,99971,168,100133,168,99970,168,100144,168,99967,168,100488,168,99964,168,100800,100,99939,100,100858,100,99934,100,,,99896,100,,,99886,100,,,99879,100
2019-06-28 09:42:45.507440138,100105,68,100054,368,100124,168,99971,168,100133,168,99970,168,100144,168,99967,168,100488,168,99964,168,100800,100,99939,100,100858,100,99896,100,,,99886,100,,,99879,100,,,99847,100
2019-06-28 09:42:50.000000000,100124,215,100054,415,100133,212,99971,212,100144,212,99970,212,100488,100,99967,100,100800,100,99964,100,100858,100,99939,100,,,99896,100,,,99886,100,,,99879,100,,,99847,100
2019-06-28 09:42:52.379026584,100124,215,100054,415,100133,212,99971,212,100144,212,99970,212,100488,100,99967,100,100768,100,99964,100,100800,100,99939,100,100858,100,99896,100,,,99886,100,,,99847,100,,,99838,100
2019-06-28 09:43:00.000000000,100124,438,100054,638,100133,100,99971,100,100144,100,99970,100,100488,100,99967,100,100768,100,99964,100,100800,100,99939,100,100858,100,99896,100,,,99886,100,,,99847,100,,,99838,100
2019-06-28 09:43:10.000000000,100124,215,100054,415,100133,212,99971,212,100144,212,99970,212,100488,100,99967,100,100768,100,99964,100,100800,100,99939,100,100858,100,99896,100,,,99886,100,,,99847,100,,,99838,100
2019-06-28 09:43:16.754668195,100124,115,100054,415,100133,212,99971,212,100144,212,99970,212,100488,100,99967,100,100768,100,99964,100,100800,100,99939,100,100858,100,99896,100,,,99886,100,,,99847,100,,,99838,100
2019-06-28 09:43:20.000000000,100133,269,100054,469,100144,269,99971,269,100488,100,99970,100,100768,100,99967,100,100800,100,99964,100,100858,100,99939,100,,,99896,100,,,99886,100,,,99847,100,,,99838,100
2019-06-28 09:43:25.200593362,100133,169,100054,469,100144,269,99971,269,100488,100,99970,100,100768,100,99967,100,100800,100,99964,100,100858,100,99939,100,,,99896,100,,,99886,100,,,99847,100,,,99838,100
2019-06-28 09:43:30.000000000,100144,269,100054,469,100488,269,99971,269,100768,100,99970,100,100800,100,99967,100,100858,100,99964,100,,,99939,100,,,99896,100,,,99886,100,,,99847,100,,,99838,100
2019-06-28 09:43:34.701342859,100144,169,100054,469,100488,269,99971,269,100768,100,99970,100,100800,100,99967,100,100858,100,99964,100,,,99939,100,,,99896,100,,,99886,100,,,99847,100,,,99838,100
2019-06-28 09:43:40.000000000,100488,269,100054,469,100768,269,99971,269,100800,100,99970,100,100858,100,99967,100,,,99964,100,,,99939,100,,,99896,100,,,99886,100,,,99847,100,,,99838,100
2019-06-28 09:43:50.000000000,100488,438,100054,638,100768,100,99971,100,100800,100,99970,100,100858,100,99967,100,,,99964,100,,,99939,100,,,99896,100,,,99886,100,,,99847,100,,,99838,100
2019-06-28 09:43:56.576410502,100488,438,100486,100,100768,100,100054,638,100800,100,99971,100,100858,100,99970,100,,,99967,100,,,99964,100,,,99939,100,,,99896,100,,,99886,100,,,99847,100
2019-06-28 09:44:00.000000000,100488,168,100486,168,100768,168,100054,368,100800,168,99971,168,100858,168,99970,168,100859,68,99967,168,,,99964,100,,,99939,100,,,99896,100,,,99886,100,,,99847,100
2019-06-28 09:44:10.000000000,100488,438,100486,438,100768,100,100054,300,100800,100,99971,100,100858,100,99970,100,,,99967,100,,,99964,100,,,99939,100,,,99896,100,,,99886,100,,,99847,100
2019-06-28 09:44:20.000000000,100488,184,100486,184,100768,184,100054,384,100800,184,99971,184,100858,184,99970,184,,,99967,100,,,99964,100,,,99939,100,,,99896,100,,,99886,100,,,99847,100
2019-06-28 09:44:20.032200186,100488,184,100486,184,100768,184,100133,100,100800,184,100054,384,100858,184,99971,184,,,99970,184,,,99967,100,,,99964,100,,,99939,100,,,99896,100,,,99886,100
2019-06-28 09:44:25.124894305,100488,184,100486,184,100768,184,100133,200,100800,184,100054,384,100858,184,99971,184,,,99970,184,,,99967,100,,,99964,100,,,99939,100,,,99896,100,,,99886,100
2019-06-28 09:44:30.000000000,100488,215,100486,215,100768,212,100133,312,100800,212,100054,412,100858,100,99971,100,,,99970,100,,,99967,100,,,99964,100,,,99939,100,,,99896,100,,,99886,100
2019-06-28 09:44:39.993919926,100488,215,100486,215,100768,212,100133,312,100798,100,100054,412,100800,212,99971,100,100858,100,99970,100,,,99967,100,,,99964,100,,,99939,100,,,99896,100,,,99886,100
2019-06-28 09:44:40.000000000,100488,168,100486,168,100768,168,100133,268,100798,168,100054,368,100800,168,99971,168,100858,168,99970,168,,,99967,100,,,99964,100,,,99939,100,,,99896,100,,,99886,100
2019-06-28 09:44:50.000000000,100488,184,100486,184,100768,184,100133,284,100798,184,100054,384,100800,184,99971,184,100858,100,99970,100,,,99967,100,,,99964,100,,,99939,100,,,99896,100,,,99886,100
2019-06-28 09:44:58.028817483,100488,184,100486,184,100638,100,100133,284,100768,184,100054,384,100798,184,99971,184,100800,184,99970,100,100858,100,99967,100,,,99964,100,,,99939,100,,,99896,100,,,99886,100
2019-06-28 09:45:00.000000000,100488,269,100486,269,100638,269,100133,369,100768,100,100054,300,100798,100,99971,100,100800,100,99970,100,100858,100,99967,100,,,99964,100,,,99939,100,,,99896,100,,,99886,100
2019-06-28 09:45:10.000000000,100488,269,100486,269,100638,269,100133,369,100768,100,100054,300,100798,100,99971,100,100800,100,99970,100,100858,100,99967,100,,,99964,100,,,99939,100,,,99896,100,,,99886,100
2019-06-28 09:45:10.892600942,100488,269,100486,269,100638,269,100133,469,100768,100,100054,300,100798,100,99971,100,100800,100,99970,100,100858,100,99967,100,,,99964,100,,,99939,100,,,99896,100,,,99886,100
2019-06-28 09:45:11.450935641,100488,269,100486,269,100638,269,100133,469,100768,100,100054,300,100798,100,99971,100,100800,100,99970,100,100802,100,99967,100,100858,100,99964,100,,,99939,100,,,99896,100,,,99886,100
2019-06-28 09:45:20.000000000,100488,215,100486,215,100638,212,100133,412,100768,212,100054,412,100798,100,99971,100,100800,100,99970,100,100802,100,99967,100,100858,100,99964,100,,,99939,100,,,99896,100,,,99886,100
2019-06-28 09:45:28.271680872,100488,215,100486,215,100638,212,100133,412,100768,212,100054,412,100798,100,99971,100,100800,100,99970,100,100802,100,99967,100,100858,100,99964,100,,,99939,100,,,99896,100,,,99886,100
2019-06-28 09:45:30.000000000,100488,269,100486,269,100638,269,100133,469,100768,100,100054,300,100798,100,99971,100,100800,100,99970,100,100802,100,99967,100,100858,100,99964,100,,,99939,100,,,99896,100,,,99886,100
2019-06-28 09:45:40.000000000,100488,269,100486,269,100638,269,100133,469,100768,100,100054,300,100798,100,99971,100,100800,100,99970,100,100802,100,99967,100,100858,100,99964,100,,,99939,100,,,99896,100,,,99886,100
2019-06-28 09:45:40.992364256,100488,269,100486,269,100638,269,100280,100,100768,100,100133,469,100798,100,100054,300,100800,100,99971,100,100802,100,99970,100,100858,100,99967,100,,,99964,100,,,99939,100,,,99896,100
2019-06-28 09:45:50.000000000,100488,215,100486,215,100638,212,100280,212,100768,212,100133,412,100798,100,100054,300,100800,100,99971,100,100802,100,99970,100,100858,100,99967,100,,,99964,100,,,99939,100,,,99896,100
2019-06-28 09:45:50.724015504,100488,215,100486,215,100638,212,100460,100,100768,212,100280,212,100798,100,100133,412,100800,100,100054,300,100802,100,99971,100,100858,100,99970,100,,,99967,100,,,99964,100,,,99939,100
2019-06-28 09:46:00.000000000,100488,438,100486,438,100638,100,100460,100,100768,100,100280,100,100798,100,100133,300,100800,100,100054,300,100802,100,99971,100,100858,100,99970,100,,,99967,100,,,99964,100,,,99939,100
2019-06-28 09:46:05.545249813,100488,438,100486,438,100556,100,100460,100,100638,100,100280,100,100768,100,100133,300,100798,100,100054,300,100800,100,99971,100,100802,100,99970,100,100858,100,99967,100,,,99964,100,,,99939,100
2019-06-28 09:46:10.000000000,100488,269,100486,269,100556,269,100460,269,100638,100,100280,100,100768,100,100133,300,100798,100,100054,300,100800,100,99971,100,100802,100,99970,100,100858,100,99967,100,,,99964,100,,,99939,100
2019-06-28 09:46:19.284470723,100488,169,100486,269,100556,169,100460,269,100638,100,100280,100,100768,100,100133,300,100798,100,100054,300,100800,100,99971,100,100802,100,99970,100,100858,100,99967,100,,,99964,100,,,99939,100
2019-06-28 09:46:20.000000000,100638,184,100486,184,100768,184,100460,184,100798,184,100280,184,100800,184,100133,384,100802,100,100054,300,100858,100,99971,100,,,99970,100,,,99967,100,,,99964,100,,,99939,100
2019-06-28 09:46:20.947970529,100638,184,100486,184,100768,184,100460,184,100798,184,100280,184,100800,184,100144,100,100802,100,100133,384,100858,100,100054,300,,,99971,100,,,99970,100,,,99967,100,,,99964,100
2019-06-28 09:46:30.000000000,100638,215,100486,215,100768,212,100460,212,100798,212,100280,212,100800,100,100144,100,100802,100,100133,300,100858,100,100054,300,,,99971,100,,,99970,100,,,99967,100,,,99964,100
2019-06-28 09:46:40.000000000,100638,269,100486,269,100768,269,100460,269,100798,100,100280,100,100800,100,100144,100,100802,100,100133,300,100858,100,100054,300,,,99971,100,,,99970,100,,,99967,100,,,99964,100
2019-06-28 09:46:42.013191700,100638,269,100486,269,100712,100,100460,269,100768,269,100280,100,100798,100,100144,100,100800,100,100133,300,100802,100,100054,300,100858,100,99970,100,,,99967,100,,,99964,100,,,99939,100
2019-06-28 09:46:49.072851995,100638,269,100486,269,100712,100,100460,269,100768,269,100368,100,100798,100,100280,100,100800,100,100144,100,100802,100,100133,300,100858,100,100054,300,,,99970,100,,,99967,100,,,99964,100
2019-06-28 09:46:50.000000000,100638,215,100486,215,100712,212,100460,212,100768,212,100368,212,100798,100,100280,100,100800,100,100144,100,100802,100,100133,300,100858,100,100054,300,,,99970,100,,,99967,100,,,99964,100
2019-06-28 09:46:53.510968964,100638,215,100486,215,100712,212,100460,212,100750,100,100368,212,100768,212,100280,100,100798,100,100144,100,100800,100,100133,300,100802,100,100054,300,100858,100,99970,100,,,99967,100,,,99964,100
2019-06-28 09:46:56.764703338,100638,215,100486,215,100705,100,100460,212,100712,212,100368,212,100750,100,100280,100,100768,212,100144,100,100798,100,100133,300,100800,100,100054,300,100802,100,99970,100,100858,100,99967,100,,,99964,100
2019-06-28 09:47:00.000000000,100638,184,100486,184,100705,184,100460,184,100712,184,100368,184,100750,184,100280,184,100768,100,100144,100,100798,100,100133,300,100800,100,100054,300,100802,100,99970,100,100858,100,99967,100,,,99964,100
2019-06-28 09:47:10.000000000,100638,168,100486,168,100705,168,100460,168,100712,168,100368,168,100750,168,100280,168,100768,168,100144,168,100798,100,100133,300,100800,100,100054,300,100802,100,99970,100,100858,100,99967,100,,,99964,100
2019-06-28 09:47:20.000000000,100638,269,100486,269,100705,269,100460,269,100712,100,100368,100,100750,100,100280,100,100768,100,100144,100,100798,100,100133,300,100800,100,100054,300,100802,100,99970,100,100858,100,99967,100,,,99964,100
2019-06-28 09:47:30.000000000,100638,269,100486,269,100705,269,100460,269,100712,100,100368,100,100750,100,100280,100,100768,100,100144,100,100798,100,100133,300,100800,100,100054,300,100802,100,99970,100,100858,100,99967,100,,,99964,100
2019-06-28 09:47:40.000000000,100638,269,100486,269,100705,269,100460,269,100712,100,100368,100,100750,100,100280,100,100768,100,100144,100,100798,100,100133,300,100800,100,100054,300,100802,100,99970,100,100858,100,99967,100,,,99964,100
2019-06-28 09:47:46.904075630,100638,269,100487,100,100705,269,100486,269,100712,100,100460,269,100750,100,100368,100,100768,100,100280,100,100798,100,100144,100,100800,100,100133,300,100802,100,100054,300,100858,100,99970,100,,,99967,100
2019-06-28 09:47:49.643462464,100638,269,100487,200,100705,269,100486,269,100712,100,100460,269,100750,100,100368,100,100768,100,100280,100,100798,100,100144,100,100800,100,100133,200,100802,100,100054,300,100858,100,99970,100,,,99967,100
2019-06-28 09:47:50.000000000,100638,215,100487,315,100705,212,100486,212,100712,212,100460,212,100750,100,100368,100,100768,100,100280,100,100798,100,100144,100,100800,100,100133,200,100802,100,100054,300,100858,100,99970,100,,,99967,100
2019-06-28 09:47:51.319138017,100638,215,100487,315,100705,212,100486,212,100712,212,100460,212,100750,100,100368,100,100768,100,100280,100,100798,100,100144,100,100800,100,100133,200,100802,100,100054,300,100858,100,99970,100,100984,100,99967,100
2019-06-28 09:48:00.000000000,100638,168,100487,268,100705,168,100486,168,100712,168,100460,168,100750,168,100368,168,100768,168,100280,168,100798,100,100144,100,100800,100,100133,200,100802,100,100054,300,100858,100,99970,100,100984,100,99967,100
2019-06-28 09:48:10.000000000,100638,269,100487,369,100705,269,100486,269,100712,100,100460,100,100750,100,100368,100,100768,100,100280,100,100798,100,100144,100,100800,100,100133,200,100802,100,100054,300,100858,100,99970,100,100984,100,99967,100
2019-06-28 09:48:17.187716188,100638,269,100487,369,100705,269,100486,269,100712,100,100460,100,100750,100,100451,100,100768,100,100368,100,100798,100,100280,100,100800,100,100144,100,100802,100,100133,200,100858,100,100054,300,100984,100,99970,100
2019-06-28 09:48:20.000000000,100638,184,100487,284,100705,184,100486,184,100712,184,100460,184,100750,184,100451,184,100768,100,100368,100,100798,100,100280,100,100800,100,100144,100,100802,100,100133,200,100858,100,100054,300,100984,100,99970,100
2019-06-28 09:48:20.872484824,100513,100,100487,284,100638,184,100486,184,100705,184,100460,184,100712,184,100451,184,100750,184,100368,100,100768,100,100280,100,100798,100,100144,100,100800,100,100133,200,100802,100,100054,300,100858,100,99970,100
2019-06-28 09:48:30.000000000,100513,168,100487,268,100638,168,100486,168,100705,168,100460,168,100712,168,100451,168,100750,168,100368,168,100768,100,100280,100,100798,100,100144,100,100800,100,100133,200,100802,100,100054,300,100858,100,99970,100
2019-06-28 09:48:32.855019904,100513,168,100487,168,100638,168,100486,168,100705,168,100460,168,100712,168,100451,168,100750,168,100368,168,100768,100,100280,100,100798,100,100144,200,100800,100,100133,200,100802,100,100054,300,100858,100,99970,100
2019-06-28 09:48:40.000000000,100513,269,100487,269,100638,269,100486,269,100705,100,100460,100,100712,100,100451,100,100750,100,100368,100,100768,100,100280,100,100798,100,100144,200,100800,100,100133,200,100802,100,100054,300,100858,100,99970,100
2019-06-28 09:48:50.000000000,100513,438,100487,438,100638,100,100486,100,100705,100,100460,100,100712,100,100451,100,100750,100,100368,100,100768,100,100280,100,100798,100,100144,200,100800,100,100133,200,100802,100,100054,300,100858,100,99970,100
2019-06-28 09:48:58.188961055,100513,438,100487,438,100605,100,100486,100,100705,100,100460,100,100712,100,100451,100,100750,100,100368,100,100768,100,100280,100,100798,100,100144,200,100800,100,100133,200,100802,100,100054,300,100858,100,99970,100
2019-06-28 09:49:00.000000000,100513,184,100487,184,100605,184,100486,184,100705,184,100460,184,100712,184,100451,184,100750,100,100368,100,100768,100,100280,100,100798,100,100144,200,100800,100,100133,200,100802,100,100054,300,100858,100,99970,100
2019-06-28 09:49:07.194817473,100513,184,100487,184,100605,184,100486,184,100705,184,100460,184,100712,184,100451,184,100750,100,100368,100,100768,100,100280,100,100798,100,100144,300,100800,100,100133,200,100802,100,100054,300,100858,100,99970,100
2019-06-28 09:49:07.362924911,100513,184,100487,184,100605,184,100486,184,100705,184,100460,184,100712,184,100451,184,100750,100,100368,100,100768,100,100287,100,100798,100,100280,100,100800,100,100144,300,100802,100,100133,200,100858,100,100054,300
2019-06-28 09:49:10.000000000,100513,215,100487,215,100605,212,100486,212,100705,212,100460,212,100712,100,100451,100,100750,100,100368,100,100768,100,100287,100,100798,100,100280,100,100800,100,100144,300,100802,100,100133,200,100858,100,100054,300
2019-06-28 09:49:20.000000000,100513,215,100487,215,100605,212,100486,212,100705,212,100460,212,100712,100,100451,100,100750,100,100368,100,100768,100,100287,100,100798,100,100280,100,100800,100,100144,300,100802,100,100133,200,100858,100,100054,300
2019-06-28 09:49:25.308853940,100513,215,100487,115,100605,212,100486,212,100705,212,100460,212,100712,100,100451,100,100750,100,100287,100,100768,100,100280,100,100798,100,100144,300,100800,100,100133,200,100802,100,100054,300,100858,100,99970,100
2019-06-28 09:49:30.000000000,100513,269,100486,269,100605,269,100460,269,100705,100,100451,100,100712,100,100287,100,100750,100,100280,100,100768,100,100144,300,100798,100,100133,200,100800,100,100054,300,100802,100,99970,100,100858,100,99967,100
2019-06-28 09:49:40.000000000,100513,269,100486,269,100605,269,100460,269,100705,100,100451,100,100712,100,100287,100,100750,100,100280,100,100768,100,100144,300,100798,100,100133,200,100800,100,100054,300,100802,100,99970,100,100858,100,99967,100
2019-06-28 09:49:40.357794473,100513,269,100486,169,100605,269,100460,269,100705,100,100451,100,100712,100,100287,100,100750,100,100280,100,100768,100,100144,300,100798,100,100133,200,100800,100,100054,300,100802,100,99970,100,100858,100,99967,100
2019-06-28 09:49:43.380816127,100513,269,100486,69,100605,269,100460,269,100705,100,100451,100,100712,100,100287,100,100750,100,100280,100,100768,100,100144,300,100798,100,100133,200,100800,100,100054,300,100802,100,99970,100,100858,100,99967,100
2019-06-28 09:49:50.000000000,100513,215,100460,215,100605,212,100451,212,100705,212,100287,212,100712,100,100280,100,100750,100,100144,300,100768,100,100133,200,100798,100,100054,300,100800,100,99970,100,100802,100,99967,100,100858,100,99964,100
2019-06-28 09:50:00.000000000,100513,438,100460,438,100605,100,100451,100,100705,100,100287,100,100712,100,100280,100,100750,100,100144,300,100768,100,100133,200,100798,100,100054,300,100800,100,99970,100,100802,100,99967,100,100858,100,99964,100
2019-06-28 09:50:03.416885955,100513,438,100460,438,100605,100,100451,100,100705,100,100287,100,100712,100,100280,100,100750,100,100165,100,100768,100,100144,300,100798,100,100133,200,100800,100,100054,300,100802,100,99970,100,100858,100,99967,100
2019-06-28 09:50:10.000000000,100513,215,100460,215,100605,212,100451,212,100705,212,100287,212,100712,100,100280,100,100750,100,100165,100,100768,100,100144,300,100798,100,100133,200,100800,100,100054,300,100802,100,99970,100,100858,100,99967,100
2019-06-28 09:50:10.048489110,100513,215,100460,115,100605,212,100451,212,100705,212,100287,212,100712,100,100280,100,100750,100,100165,100,100768,100,100144,300,100798,100,100133,200,100800,100,100054,300,100802,100,99970,100,100858,100,99967,100
2019-06-28 09:50:20.000000000,100513,184,100451,184,100605,184,100287,184,100705,184,100280,184,100712,184,100165,184,100750,100,100144,300,100768,100,100133,200,100798,100,100054,300,100800,100,99970,100,100802,100,99967,100,100858,100,99964,100
2019-06-28 09:50:21.330870798,100486,100,100451,184,100513,184,100287,184,100605,184,100280,184,100705,184,100165,184,100712,184,100144,300,100750,100,100133,200,100768,100,100054,300,100798,100,99970,100,100800,100,99967,100,100802,100,99964,100
2019-06-28 09:50:29.704082684,100486,100,100451,84,100513,184,100287,184,100605,184,100280,184,100705,184,100165,184,100712,184,100144,300,100750,100,100133,200,100768,100,100054,300,100798,100,99970,100,100800,100,99967,100,100802,100,99964,100
2019-06-28 09:50:30.000000000,100486,215,100287,215,100513,212,100280,212,100605,212,100165,212,100705,100,100144,300,100712,100,100133,200,100750,100,100054,300,100768,100,99970,100,100798,100,99967,100,100800,100,99964,100,100802,100,99939,100
2019-06-28 09:50:40.000000000,100486,215,100287,215,100513,212,100280,212,100605,212,100165,212,100705,100,100144,300,100712,100,100133,200,100750,100,100054,300,100768,100,99970,100,100798,100,99967,100,100800,100,99964,100,100802,100,99939,100
2019-06-28 09:50:50.000000000,100486,438,100287,438,100513,100,100280,100,100605,100,100165,100,100705,100,100144,300,100712,100,100133,200,100750,100,100054,300,100768,100,99970,100,100798,100,99967,100,100800,100,99964,100,100802,100,99939,100
2019-06-28 09:51:00.000000000,100486,215,100287,215,100513,212,100280,212,100605,212,100165,212,100705,100,100144,300,100712,100,100133,200,100750,100,100054,300,100768,100,99970,100,100798,100,99967,100,100800,100,99964,100,100802,100,99939,100
2019-06-28 09:51:09.166698568,100391,100,100287,215,100486,215,100280,212,100513,212,100165,212,100605,212,100144,300,100705,100,100133,200,100712,100,100054,300,100750,100,99970,100,100768,100,99967,100,100798,100,99964,100,100800,100,99939,100
2019-06-28 09:51:10.000000000,100391,269,100287,269,100486,269,100280,269,100513,100,100165,100,100605,100,100144,300,100705,100,100133,200,100712,100,100054,300,100750,100,99970,100,100768,100,99967,100,100798,100,99964,100,100800,100,99939,100
2019-06-28 09:51:11.536618633,100391,269,100287,269,100460,100,100280,269,100486,269,100165,100,100513,100,100144,300,100605,100,100133,200,100705,100,100054,300,100712,100,99970,100,100750,100,99967,100,100768,100,99964,100,100798,100,99939,100
2019-06-28 09:51:20.000000000,100391,438,100287,438,100460,100,100280,100,100486,100,100165,100,100513,100,100144,300,100605,100,100133,200,100705,100,100054,300,100712,100,99970,100,100750,100,99967,100,100768,100,99964,100,100798,100,99939,100
2019-06-28 09:51:30.000000000,100391,438,100287,438,100460,100,100280,100,100486,100,100165,100,100513,100,100144,300,100605,100,100133,200,100705,100,100054,300,100712,100,99970,100,100750,100,99967,100,100768,100,99964,100,100798,100,99939,100
2019-06-28 09:51:39.734164849,100391,438,100287,438,100460,100,100280,100,100486,100,100165,100,100513,100,100144,300,100605,100,100133,200,100705,100,100054,300,100712,100,99970,100,100750,100,99967,100,100768,100,99964,100,100798,100,99939,100
2019-06-28 09:51:40.000000000,100391,269,100287,269,100460,269,100280,269,100486,100,100165,100,100513,100,100144,300,100605,100,100133,200,100705,100,100054,300,100712,100,99970,100,100750,100,99967,100,100768,100,99964,100,100798,100,99939,100
2019-06-28 09:51:41.129540957,100391,269,100287,269,100460,369,100280,269,100486,100,100165,100,100513,100,100144,300,100605,100,100133,200,100705,100,100054,300,100712,100,99970,100,100750,100,99967,100,100768,100,99964,100,100798,100,99939,100
2019-06-28 09:51:50.000000000,100391,184,100287,184,100460,284,100280,184,100486,184,100165,184,100513,184,100144,384,100605,100,100133,200,100705,100,100054,300,100712,100,99970,100,100750,100,99967,100,100768,100,99964,100,100798,100,99939,100
2019-06-28 09:51:59.556509781,100391,184,100287,184,100455,100,100280,184,100460,284,100165,184,100486,184,100144,384,100513,184,100133,200,100605,100,100054,300,100705,100,99970,100,100712,100,99967,100,100750,100,99964,100,100768,100,99886,100
2019-06-28 09:52:00.000000000,100391,184,100287,184,100455,184,100280,184,100460,284,100165,184,100486,184,100144,384,100513,100,100133,200,100605,100,100054,300,100705,100,99970,100,100712,100,99967,100,100750,100,99964,100,100768,100,99886,100
2019-06-28 09:52:01.381441874,100391,184,100287,84,100455,184,100280,184,100460,284,100165,184,100486,184,100144,384,100513,100,100133,200,100605,100,100054,300,100705,100,99970,100,100712,100,99967,100,100750,100,99964,100,100768,100,99848,100
2019-06-28 09:52:10.000000000,100391,184,100280,184,100455,184,100165,184,100460,284,100144,384,100486,184,100133,284,100513,100,100054,300,100605,100,99970,100,100705,100,99967,100,100712,100,99964,100,100750,100,99848,100,100768,100,99824,100
2019-06-28 09:52:18.850524691,100391,184,100280,84,100455,184,100165,184,100460,284,100144,384,100486,184,100133,284,100513,100,100054,300,100605,100,99970,100,100705,100,99967,100,100712,100,99964,100,100750,100,99848,100,100768,100,99824,100
2019-06-28 09:52:20.000000000,100391,215,100165,215,100455,212,100144,412,100460,312,100133,312,100486,100,100054,300,100513,100,99970,100,100605,100,99967,100,100705,100,99964,100,100712,100,99848,100,100750,100,99824,100,100768,100,99805,100
2019-06-28 09:52:30.000000000,100391,438,100165,438,100455,100,100144,300,100460,200,100133,200,100486,100,100054,300,100513,100,99970,100,100605,100,99967,100,100705,100,99964,100,100712,100,99848,100,100750,100,99824,100,100768,100,99805,100
2019-06-28 09:52:40.000000000,100391,269,100165,269,100455,269,100144,469,100460,200,100133,200,100486,100,100054,300,100513,100,99970,100,100605,100,99967,100,100705,100,99964,100,100712,100,99848,100,100750,100,99824,100,100768,100,99805,100
2019-06-28 09:52:46.686733556,100391,269,100165,269,100455,269,100144,469,100460,200,100133,200,100486,100,100054,300,100513,100,99970,100,100605,100,99967,100,100705,100,99964,100,100712,100,99848,100,100768,100,99824,100,100798,100,99805,100
2019-06-28 09:52:50.000000000,100391,168,100165,168,100455,168,100144,368,100460,268,100133,268,100486,168,100054,368,100513,168,99970,168,100605,100,99967,100,100705,100,99964,100,100712,100,99848,100,100768,100,99824,100,100798,100,99805,100
2019-06-28 09:53:00.000000000,100391,438,100165,438,100455,100,100144,300,100460,200,100133,200,100486,100,100054,300,100513,100,99970,100,100605,100,99967,100,100705,100,99964,100,100712,100,99848,100,100768,100,99824,100,100798,100,99805,100
2019-06-28 09:53:10.000000000,100391,215,100165,215,100455,212,100144,412,100460,312,100133,312,100486,100,100054,300,100513,100,99970,100,100605,100,99967,100,100705,100,99964,100,100712,100,99848,100,100768,100,99824,100,100798,100,99805,100
2019-06-28 09:53:15.869607419,100391,215,100165,215,100455,212,100144,412,100460,312,100133,312,100486,100,100054,300,100513,100,99970,100,100605,100,99967,100,100705,100,99964,100,100712,100,99848,100,100768,100,99824,200,100798,100,99805,100
2019-06-28 09:53:20.000000000,100391,438,100165,438,100455,100,100144,300,100460,200,100133,200,100486,100,100054,300,100513,100,99970,100,100605,100,99967,100,100705,100,99964,100,100712,100,99848,100,100768,100,99824,200,100798,100,99805,100
2019-06-28 09:53:29.558485106,100391,438,100165,438,100455,100,100144,300,100460,200,100133,200,100486,100,100054,200,100513,100,99970,100,100605,100,99967,100,100705,100,99964,100,100712,100,99848,100,100768,100,99824,200,100798,100,99805,100
2019-06-28 09:53:30.000000000,100391,269,100165,269,100455,269,100144,469,100460,200,100133,200,100486,100,100054,200,100513,100,99970,100,100605,100,99967,100,100705,100,99964,100,100712,100,99848,100,100768,100,99824,200,100798,100,99805,100
2019-06-28 09:53:40.000000000,100391,438,100165,438,100455,100,100144,300,100460,200,100133,200,100486,100,100054,200,100513,100,99970,100,100605,100,99967,100,100705,100,99964,100,100712,100,99848,100,100768,100,99824,200,100798,100,99805,100
2019-06-28 09:53:41.598595715,100391,438,100165,438,100460,200,100144,300,100486,100,100133,200,100513,100,100054,200,100605,100,99970,100,100705,100,99967,100,100712,100,99964,100,100768,100,99948,100,100798,100,99848,100,100800,100,99824,200
2019-06-28 09:53:43.715035856,100391,438,100165,438,100460,200,100144,300,100486,100,100133,200,100513,100,100054,200,100605,100,99970,100,100705,100,99967,100,100712,100,99964,100,100768,100,99948,100,100798,100,99848,100,100800,100,99824,200
2019-06-28 09:53:48.331323430,100391,438,100165,438,100460,200,100144,300,100486,100,100133,200,100513,100,100054,200,100605,100,99970,100,100705,100,99967,100,100712,100,99964,100,100768,100,99948,100,100798,100,99848,100,100800,100,99824,200
2019-06-28 09:53:50.000000000,100391,168,100165,168,100460,268,100144,368,100486,168,100133,268,100513,168,100054,268,100605,168,99970,168,100705,100,99967,100,100712,100,99964,100,100768,100,99948,100,100798,100,99848,100,100800,100,99824,200
2019-06-28 09:53:52.115536423,100287,100,100165,168,100391,168,100144,368,100460,268,100133,268,100486,168,100054,268,100513,168,99970,168,100605,168,99967,100,100705,100,99964,100,100712,100,99948,100,100768,100,99848,100,100798,100,99824,200
2019-06-28 09:53:52.754666152,100287,100,100165,168,100391,168,100144,368,100460,268,100133,268,100486,168,100054,268,100513,168,99970,168,100605,168,99967,100,100705,100,99964,100,100712,100,99948,100,100768,100,99848,100,100798,100,99833,100
2019-06-28 09:53:55.907642949,100287,100,100165,68,100391,168,100144,368,100460,268,100133,268,100486,168,100054,268,100513,168,99970,168,100605,168,99967,100,100705,100,99964,100,100712,100,99948,100,100768,100,99848,100,100798,100,99833,100
2019-06-28 09:53:56.163287844,100391,168,100165,68,100460,268,100144,368,100486,168,100133,268,100513,168,100054,268,100605,168,99970,168,100705,100,99967,100,100712,100,99964,100,100768,100,99948,100,100798,100,99848,100,100800,100,99833,100
2019-06-28 09:54:00.000000000,100391,168,100144,368,100460,268,100133,268,100486,168,100054,268,100513,168,99970,168,100605,168,99967,168,100705,100,99964,100,100712,100,99948,100,100768,100,99848,100,100798,100,99833,100,100800,100,99824,200
2019-06-28 09:54:06.452455014,100391,168,100144,268,100460,268,100133,268,100486,168,100054,268,100513,168,99970,168,100605,168,99967,68,100705,100,99964,100,100712,100,99948,100,100768,100,99848,100,100798,100,99833,100,100800,100,99824,200
2019-06-28 09:54:10.000000000,100391,168,100144,268,100460,268,100133,268,100486,168,100054,268,100513,168,99970,168,100605,168,99964,168,100705,100,99948,100,100712,100,99848,100,100768,100,99833,100,100798,100,99824,200,100800,100,99787,100
2019-06-28 09:54:11.049810315,100165,100,100144,268,100391,168,100133,268,100460,268,100054,268,100486,68,99970,168,100513,168,99964,168,100605,168,99948,100,100705,100,99848,100,100712,100,99833,100,100768,100,99824,200,100798,100,99787,100
2019-06-28 09:54:14.990856736,100165,100,100144,268,100391,168,100133,268,100460,268,100054,268,100486,68,99970,168,100513,168,99964,168,100605,168,99948,100,100705,100,99848,100,100712,100,99833,100,100768,100,99824,200,100798,100,99795,100
2019-06-28 09:54:20.000000000,100165,215,100144,315,100391,212,100133,312,100460,312,100054,312,100513,100,99970,100,100605,100,99964,100,100705,100,99948,100,100712,100,99848,100,100768,100,99833,100,100798,100,99824,200,100800,100,99795,100
2019-06-28 09:54:28.674584480,100165,215,100144,315,100391,212,100133,312,100460,312,100054,312,100513,100,99970,100,100605,100,99964,100,100705,100,99948,100,100712,100,99848,100,100768,100,99833,100,100800,100,99824,200,100802,100,99819,100
2019-06-28 09:54:30.000000000,100165,184,100144,284,100391,184,100133,284,100460,284,100054,284,100513,184,99970,184,100605,100,99964,100,100705,100,99948,100,100712,100,99848,100,100768,100,99833,100,100800,100,99824,200,100802,100,99819,100
2019-06-28 09:54:40.000000000,100165,269,100144,369,100391,269,100133,369,100460,200,100054,200,100513,100,99970,100,100605,100,99964,100,100705,100,99948,100,100712,100,99848,100,100768,100,99833,100,100800,100,99824,200,100802,100,99819,100
2019-06-28 09:54:45.565070702,100165,269,100144,369,100391,269,100133,369,100460,200,100054,200,100513,100,99970,100,100605,100,99964,100,100705,100,99948,100,100712,100,99848,100,100800,100,99833,100,100802,100,99824,200,100858,100,99819,100
2019-06-28 09:54:45.767605853,100165,269,100144,369,100391,269,100133,369,100460,200,100054,200,100513,100,99970,100,100605,100,99964,100,100705,100,99948,100,100712,100,99848,100,100800,100,99833,100,100802,100,99824,200,100858,100,99819,100
2019-06-28 09:54:49.140842866,100165,269,100144,369,100391,269,100133,269,100460,200,100054,200,100513,100,99970,100,100605,100,99964,100,100705,100,99948,100,100712,100,99848,100,100800,100,99833,100,100802,100,99824,200,100858,100,99819,100
2019-06-28 09:54:50.000000000,100165,269,100144,369,100391,269,100133,269,100460,200,100054,200,100513,100,99970,100,100605,100,99964,100,100705,100,99948,100,100712,100,99848,100,100800,100,99833,100,100802,100,99824,200,100858,100,99819,100
2019-06-28 09:54:55.860917603,100165,369,100144,369,100391,269,100133,269,100460,200,100054,200,100513,100,99970,100,100605,100,99964,100,100705,100,99948,100,100712,100,99848,100,100800,100,99833,100,100802,100,99824,200,100858,100,99819,100
2019-06-28 09:54:58.677276131,100165,369,100144,269,100391,269,100133,269,100460,200,100054,200,100513,100,99970,100,100605,100,99964,100,100705,100,99948,100,100712,100,99848,100,100800,100,99833,100,100802,100,99824,200,100858,100,99819,100
2019-06-28 09:55:00.000000000,100165,538,100144,438,100391,100,100133,100,100460,200,100054,200,100513,100,99970,100,100605,100,99964,100,100705,100,99948,100,100712,100,99848,100,100800,100,99833,100,100802,100,99824,200,100858,100,99819,100
2019-06-28 09:55:08.693255261,100165,538,100144,338,100391,100,100133,100,100460,200,100054,200,100513,100,99970,100,100605,100,99964,100,100705,100,99948,100,100712,100,99848,100,100800,100,99833,100,100802,100,99824,200,100858,100,99819,100
2019-06-28 09:55:10.000000000,100165,315,100133,215,100391,212,100054,312,100460,312,99970,212,100513,100,99964,100,100605,100,99948,100,100705,100,99848,100,100712,100,99833,100,100800,100,99824,200,100802,100,99819,100,100858,100,99795,100
2019-06-28 09:55:11.632727990,100165,315,100133,115,100391,212,100054,312,100460,312,99970,212,100513,100,99964,100,100605,100,99948,100,100705,100,99848,100,100712,100,99833,100,100800,100,99824,200,100802,100,99819,100,100858,100,99795,100
2019-06-28 09:55:20.000000000,100165,315,100054,315,100391,212,99970,212,100460,312,99964,212,100513,100,99948,100,100605,100,99848,100,100705,100,99833,100,100712,100,99824,200,100800,100,99819,100,100802,100,99795,100,100858,100,99787,100
2019-06-28 09:55:30.000000000,100165,369,100054,369,100391,269,99970,269,100460,200,99964,100,100513,100,99948,100,100605,100,99848,100,100705,100,99833,100,100712,100,99824,200,100800,100,99819,100,100802,100,99795,100,100858,100,99787,100
2019-06-28 09:55:40.000000000,100165,369,100054,369,100391,269,99970,269,100460,200,99964,100,100513,100,99948,100,100605,100,99848,100,100705,100,99833,100,100712,100,99824,200,100800,100,99819,100,100802,100,99795,100,100858,100,99787,100
2019-06-28 09:55:49.493076723,100165,369,100054,369,100391,269,99970,269,100460,200,99948,100,100513,100,99848,100,100605,100,99833,100,100705,100,99824,200,100712,100,99819,100,100800,100,99795,100,100802,100,99787,100,100858,100,99728,100
2019-06-28 09:55:50.000000000,100165,284,100054,284,100391,184,99970,184,100460,284,99948,184,100513,184,99848,184,100605,100,99833,100,100705,100,99824,200,100712,100,99819,100,100800,100,99795,100,100802,100,99787,100,100858,100,99728,100
2019-06-28 09:55:50.646125297,100144,100,100054,284,100165,284,99970,184,100391,184,99948,184,100460,284,99848,184,100513,184,99833,100,100605,100,99824,200,100705,100,99819,100,100712,100,99795,100,100800,100,99787,100,100802,100,99728,100
2019-06-28 09:55:51.512853257,100144,100,100054,184,100165,284,99970,184,100391,184,99948,184,100460,284,99848,184,100513,184,99833,100,100605,100,99824,200,100705,100,99819,100,100712,100,99795,100,100800,100,99787,100,100802,100,99728,100
2019-06-28 09:56:00.000000000,100144,269,100054,269,100165,369,99970,269,100391,100,99948,100,100460,200,99848,100,100513,100,99833,100,100605,100,99824,200,100705,100,99819,100,100712,100,99795,100,100800,100,99787,100,100802,100,99728,100
2019-06-28 09:56:10.000000000,100144,184,100054,184,100165,284,99970,184,100391,184,99948,184,100460,284,99848,184,100513,100,99833,100,100605,100,99824,200,100705,100,99819,100,100712,100,99795,100,100800,100,99787,100,100802,100,99728,100
2019-06-28 09:56:18.563873484,100144,184,100054,84,100165,284,99970,184,100391,184,99948,184,100460,284,99848,184,100513,100,99833,100,100605,100,99824,200,100705,100,99819,100,100712,100,99795,100,100800,100,99787,100,100802,100,99728,100
2019-06-28 09:56:19.878201118,100054,16,99970,184,100144,184,99948,184,100165,284,99848,184,100391,84,99833,100,100460,284,99824,200,100513,100,99819,100,100605,100,99795,100,100705,100,99787,100,100712,100,99728,100,100800,100,99680,100
2019-06-28 09:56:20.000000000,100054,84,99970,168,100144,168,99948,168,100165,268,99848,168,100460,268,99833,168,100513,168,99824,268,100605,100,99819,100,100705,100,99795,100,100712,100,99787,100,100800,100,99728,100,100802,100,99680,100
2019-06-28 09:56:25.816916384,100054,84,99970,168,100144,168,99948,168,100165,268,99848,168,100460,268,99833,168,100513,168,99824,268,100605,100,99819,100,100705,100,99795,100,100712,100,99787,100,100800,100,99728,100,100802,100,99680,100
2019-06-28 09:56:25.853478849,100054,84,99970,168,100144,168,99948,168,100165,268,99848,168,100460,268,99833,168,100513,168,99824,268,100605,100,99819,100,100705,100,99795,100,100712,100,99787,100,100800,100,99728,100,100802,100,99680,100
2019-06-28 09:56:28.151803644,100054,84,99970,68,100144,168,99948,168,100165,268,99848,168,100460,268,99833,168,100513,168,99824,268,100605,100,99819,100,100705,100,99795,100,100712,100,99787,100,100800,100,99728,100,100802,100,99680,100
2019-06-28 09:56:30.000000000,100054,131,99948,215,100144,212,99848,212,100165,312,99833,212,100460,200,99824,200,100513,100,99819,100,100605,100,99795,100,100705,100,99787,100,100712,100,99728,100,100800,100,99680,100,100802,100,99576,100
2019-06-28 09:56:31.874556440,100054,131,99948,115,100144,212,99848,212,100165,312,99833,212,100460,200,99824,200,100513,100,99819,100,100605,100,99795,100,100705,100,99787,100,100712,100,99728,100,100800,100,99680,100,100802,100,99576,100
2019-06-28 09:56:40.000000000,100054,131,99848,215,100144,212,99833,212,100165,312,99824,312,100460,200,99819,100,100513,100,99795,100,100605,100,99787,100,100705,100,99728,100,100712,100,99680,100,100800,100,99576,100,100802,100,99524,100
2019-06-28 09:56:42.627453349,100054,131,99848,115,100144,212,99833,212,100165,312,99824,312,100460,200,99819,100,100513,100,99795,100,100605,100,99787,100,100705,100,99728,100,100712,100,99680,100,100800,100,99576,100,100802,100,99524,100
2019-06-28 09:56:50.000000000,100054,185,99833,269,100144,269,99824,369,100165,200,99819,100,100460,200,99795,100,100513,100,99787,100,100605,100,99728,100,100705,100,99680,100,100712,100,99576,100,100800,100,99524,100,100802,100,99352,100
2019-06-28 09:57:00.000000000,100054,185,99833,269,100144,269,99824,369,100165,200,99819,100,100460,200,99795,100,100513,100,99787,100,100605,100,99728,100,100705,100,99680,100,100712,100,99576,100,100800,100,99524,100,100802,100,99352,100
2019-06-28 09:57:10.000000000,100054,354,99833,438,100144,100,99824,200,100165,200,99819,100,100460,200,99795,100,100513,100,99787,100,100605,100,99728,100,100705,100,99680,100,100712,100,99576,100,100800,100,99524,100,100802,100,99352,100
2019-06-28 09:57:20.000000000,100054,185,99833,269,100144,269,99824,369,100165,200,99819,100,100460,200,99795,100,100513,100,99787,100,100605,100,99728,100,100705,100,99680,100,100712,100,99576,100,100800,100,99524,100,100802,100,99352,100
2019-06-28 09:57:30.000000000,100054,354,99833,438,100144,100,99824,200,100165,200,99819,100,100460,200,99795,100,100513,100,99787,100,100605,100,99728,100,100705,100,99680,100,100712,100,99576,100,100800,100,99524,100,100802,100,99352,100
2019-06-28 09:57:39.534727203,100054,254,99833,438,100144,100,99824,200,100165,200,99819,100,100460,200,99795,100,100513,100,99787,100,100605,100,99728,100,100705,100,99680,100,100712,100,99576,100,100800,100,99524,100,100858,100,99352,100
2019-06-28 09:57:40.000000000,100144,269,99833,269,100165,369,99824,369,100460,200,99819,100,100513,100,99795,100,100605,100,99787,100,100705,100,99728,100,100712,100,99680,100,100800,100,99576,100,100858,100,99524,100,,,99352,100
2019-06-28 09:57:50.000000000,100144,184,99833,184,100165,284,99824,284,100460,284,99819,184,100513,184,99795,184,100605,100,99787,100,100705,100,99728,100,100712,100,99680,100,100800,100,99576,100,100858,100,99524,100,,,99352,100
2019-06-28 09:57:59.799285498,100144,184,99849,100,100165,284,99833,184,100460,284,99824,284,100513,184,99819,184,100605,100,99795,184,100705,100,99787,100,100712,100,99728,100,100800,100,99680,100,100858,100,99576,100,,,99524,100
2019-06-28 09:58:00.000000000,100144,168,99849,168,100165,268,99833,168,100460,268,99824,268,100513,168,99819,168,100605,168,99795,168,100705,100,99787,100,100712,100,99728,100,100800,100,99680,100,100858,100,99576,100,,,99524,100
2019-06-28 09:58:08.199748173,100144,168,99849,168,100165,268,99833,168,100460,268,99824,268,100483,100,99819,168,100513,168,99795,168,100605,168,99787,100,100705,100,99680,100,100712,100,99576,100,100800,100,99524,100,100858,100,99352,100
2019-06-28 09:58:10.000000000,100144,438,99849,438,100165,200,99833,100,100460,200,99824,200,100483,100,99819,100,100513,100,99795,100,100605,100,99787,100,100705,100,99680,100,100712,100,99576,100,100800,100,99524,100,100858,100,99352,100
2019-06-28 09:58:20.000000000,100144,438,99849,438,100165,200,99833,100,100460,200,99824,200,100483,100,99819,100,100513,100,99795,100,100605,100,99787,100,100705,100,99680,100,100712,100,99576,100,100800,100,99524,100,100858,100,99352,100
2019-06-28 09:58:30.000000000,100144,184,99849,184,100165,284,99833,184,100460,284,99824,284,100483,184,99819,184,100513,100,99795,100,100605,100,99787,100,100705,100,99680,100,100712,100,99576,100,100800,100,99524,100,100858,100,99352,100
2019-06-28 09:58:31.711562059,100144,184,99849,184,100165,284,99833,184,100316,100,99824,284,100460,284,99819,184,100483,184,99795,100,100513,100,99680,100,100605,100,99576,100,100705,100,99524,100,100712,100,99352,100,100800,100,99342,100
2019-06-28 09:58:40.000000000,100144,438,99849,438,100165,200,99833,100,100316,100,99824,200,100460,200,99819,100,100483,100,99795,100,100513,100,99680,100,100605,100,99576,100,100705,100,99524,100,100712,100,99352,100,100800,100,99342,100
2019-06-28 09:58:40.142202529,100144,438,99849,538,100165,200,99833,100,100316,100,99824,200,100460,200,99819,100,100483,100,99795,100,100513,100,99680,100,100605,100,99576,100,100705,100,99524,100,100712,100,99352,100,100800,100,99342,100
2019-06-28 09:58:50.000000000,100144,438,99849,538,100165,200,99833,100,100316,100,99824,200,100460,200,99819,100,100483,100,99795,100,100513,100,99680,100,100605,100,99576,100,100705,100,99524,100,100712,100,99352,100,100800,100,99342,100
2019-06-28 09:59:00.000000000,100144,269,99849,369,100165,369,99833,269,100316,100,99824,200,100460,200,99819,100,100483,100,99795,100,100513,100,99680,100,100605,100,99576,100,100705,100,99524,100,100712,100,99352,100,100800,100,99342,100
2019-06-28 09:59:10.000000000,100144,184,99849,284,100165,284,99833,184,100316,184,99824,284,100460,284,99819,184,100483,100,99795,100,100513,100,99680,100,100605,100,99576,100,100705,100,99524,100,100712,100,99352,100,100800,100,99342,100
2019-06-28 09:59:20.000000000,100144,215,99849,315,100165,312,99833,212,100316,212,99824,312,100460,200,99819,100,100483,100,99795,100,100513,100,99680,100,100605,100,99576,100,100705,100,99524,100,100712,100,99352,100,100800,100,99342,100
2019-06-28 09:59:30.000000000,100144,215,99849,315,100165,312,99833,212,100316,212,99824,312,100460,200,99819,100,100483,100,99795,100,100513,100,99680,100,100605,100,99576,100,100705,100,99524,100,100712,100,99352,100,100800,100,99342,100
2019-06-28 09:59:40.000000000,100144,184,99849,284,100165,284,99833,184,100316,184,99824,284,100460,284,99819,184,100483,100,99795,100,100513,100,99680,100,100605,100,99576,100,100705,100,99524,100,100712,100,99352,100,100800,100,99342,100
2019-06-28 09:59:50.000000000,100144,215,99849,315,100165,312,99833,212,100316,212,99824,312,100460,200,99819,100,100483,100,99795,100,100513,100,99680,100,100605,100,99576,100,100705,100,99524,100,100712,100,99352,100,100800,100,99342,100
2019-06-28 09:59:59.931712408,100144,215,99849,315,100165,312,99833,212,100316,212,99824,312,100460,200,99819,100,100483,100,99795,100,100513,100,99680,100,100605,100,99576,100,100705,100,99524,100,100712,100,99352,100,100745,100,99342,100
2019-06-28 10:00:00.000000000,100144,215,99849,315,100165,312,99833,212,100316,212,99824,312,100460,200,99819,100,100483,100,99795,100,100513,100,99680,100,100605,100,99576,100,100705,100,99524,100,100712,100,99352,100,100745,100,99342,100
2019-06-28 10:00:10.000000000,100144,438,99849,538,100165,200,99833,100,100316,100,99824,200,100460,200,99819,100,100483,100,99795,100,100513,100,99680,100,100605,100,99576,100,100705,100,99524,100,100712,100,99352,100,100745,100,99342,100
2019-06-28 10:00:11.572208322,100144,438,99849,538,100165,200,99833,100,100316,100,99824,200,100460,200,99819,100,100483,100,99795,100,100513,100,99680,100,100605,100,99576,100,100705,100,99524,100,100712,100,99352,100,100745,100,99342,100
2019-06-28 10:00:11.914266517,100144,338,99849,538,100165,200,99833,100,100316,100,99824,200,100460,200,99819,100,100483,100,99795,100,100513,100,99680,100,100605,100,99576,100,100705,100,99524,100,100712,100,99352,100,100745,100,99342,100
2019-06-28 10:00:13.588385925,100144,238,99849,538,100165,200,99833,100,100460,200,99824,200,100483,100,99819,100,100513,100,99795,100,100605,100,99680,100,100705,100,99576,100,100712,100,99524,100,100745,100,99352,100,100800,100,99342,100
2019-06-28 10:00:20.000000000,100165,315,99849,315,100460,312,99833,212,100483,212,99824,312,100513,100,99819,100,100605,100,99795,100,100705,100,99680,100,100712,100,99576,100,100745,100,99524,100,100800,100,99352,100,100858,100,99342,100
2019-06-28 10:00:30.000000000,100165,369,99849,369,100460,369,99833,269,100483,100,99824,200,100513,100,99819,100,100605,100,99795,100,100705,100,99680,100,100712,100,99576,100,100745,100,99524,100,100800,100,99352,100,100858,100,99342,100
2019-06-28 10:00:34.944458280,100165,369,100144,100,100460,369,99849,369,100483,100,99833,269,100513,100,99824,200,100605,100,99819,100,100705,100,99795,100,100712,100,99680,100,100745,100,99576,100,100800,100,99524,100,100858,100,99352,100
2019-06-28 10:00:40.000000000,100165,284,100144,184,100460,284,99849,284,100483,184,99833,184,100513,184,99824,284,100605,100,99819,100,100705,100,99795,100,100712,100,99680,100,100745,100,99576,100,100800,100,99524,100,100858,100,99352,100
2019-06-28 10:00:50.000000000,100165,315,100144,215,100460,312,99849,312,100483,212,99833,212,100513,100,99824,200,100605,100,99819,100,100705,100,99795,100,100712,100,99680,100,100745,100,99576,100,100800,100,99524,100,100858,100,99352,100
2019-06-28 10:01:00.000000000,100165,538,100144,438,100460,200,99849,200,100483,100,99833,100,100513,100,99824,200,100605,100,99819,100,100705,100,99795,100,100712,100,99680,100,100745,100,99576,100,100800,100,99524,100,100858,100,99352,100
2019-06-28 10:01:00.443937497,100165,538,100144,438,100460,200,99849,200,100483,100,99833,100,100513,100,99824,200,100605,100,99819,100,100653,100,99795,100,100705,100,99680,100,100712,100,99576,100,100745,100,99524,100,100800,100,99352,100
2019-06-28 10:01:00.839952166,100165,538,100144,538,100460,200,99849,200,100483,100,99833,100,100513,100,99824,200,100605,100,99819,100,100653,100,99795,100,100705,100,99680,100,100712,100,99576,100,100745,100,99524,100,100800,100,99352,100
2019-06-28 10:01:01.001490012,100165,538,100144,638,100460,200,99849,200,100483,100,99833,100,100513,100,99824,200,100605,100,99819,100,100653,100,99795,100,100705,100,99680,100,100712,100,99576,100,100745,100,99524,100,100800,100,99352,100
2019-06-28 10:01:10.000000000,100165,268,100144,368,100460,268,99849,268,100483,168,99833,168,100513,168,99824,268,100605,168,99819,168,100653,100,99795,100,100705,100,99680,100,100712,100,99576,100,100745,100,99524,100,100800,100,99352,100
2019-06-28 10:01:11.615218535,100165,268,100144,368,100460,268,99849,268,100483,168,99833,168,100513,168,99824,268,100605,168,99819,168,100653,100,99795,100,100705,100,99680,100,100712,100,99576,100,100745,100,99524,100,100800,100,99352,100
2019-06-28 10:01:20.000000000,100165,369,100144,469,100460,369,99849,369,100483,100,99833,100,100513,100,99824,200,100605,100,99819,100,100653,100,99795,100,100705,100,99680,100,100712,100,99576,100,100745,100,99524,100,100800,100,99352,100
2019-06-28 10:01:30.000000000,100165,538,100144,638,100460,200,99849,200,100483,100,99833,100,100513,100,99824,200,100605,100,99819,100,100653,100,99795,100,100705,100,99680,100,100712,100,99576,100,100745,100,99524,100,100800,100,99352,100
2019-06-28 10:01:30.980740868,100165,538,100144,638,100460,200,99849,200,100483,100,99833,100,100513,100,99824,200,100573,100,99819,100,100605,100,99795,100,100653,100,99680,100,100705,100,99576,100,100712,100,99524,100,100745,100,99352,100
2019-06-28 10:01:32.538174270,100165,438,100144,638,100460,200,99849,200,100483,100,99833,100,100513,100,99824,200,100573,100,99819,100,100605,100,99795,100,100653,100,99680,100,100705,100,99576,100,100712,100,99524,100,100745,100,99352,100
2019-06-28 10:01:40.000000000,100165,269,100144,469,100460,369,99849,369,100483,100,99833,100,100513,100,99824,200,100573,100,99819,100,100605,100,99795,100,100653,100,99680,100,100705,100,99576,100,100712,100,99524,100,100745,100,99352,100
2019-06-28 10:01:50.000000000,100165,184,100144,384,100460,284,99849,284,100483,184,99833,184,100513,184,99824,284,100573,100,99819,100,100605,100,99795,100,100653,100,99680,100,100705,100,99576,100,100712,100,99524,100,100745,100,99352,100
2019-06-28 10:01:50.733049485,100165,84,100144,384,100460,284,99849,284,100483,184,99833,184,100513,184,99824,284,100573,100,99819,100,100605,100,99795,100,100653,100,99680,100,100705,100,99576,100,100712,100,99524,100,100745,100,99352,100
2019-06-28 10:02:00.000000000,100460,538,100144,638,100483,100,99849,200,100513,100,99833,100,100573,100,99824,200,100605,100,99819,100,100653,100,99795,100,100705,100,99680,100,100712,100,99576,100,100745,100,99524,100,100800,100,99352,100
2019-06-28 10:02:08.646632441,100460,538,100144,638,100483,100,99849,200,100513,100,99833,100,100605,100,99824,200,100653,100,99819,100,100700,100,99795,100,100705,100,99680,100,100712,100,99576,100,100745,100,99524,100,100800,100,99352,100
2019-06-28 10:02:10.000000000,100460,538,100144,638,100483,100,99849,200,100513,100,99833,100,100605,100,99824,200,100653,100,99819,100,100700,100,99795,100,100705,100,99680,100,100712,100,99576,100,100745,100,99524,100,100800,100,99352,100
2019-06-28 10:02:20.000000000,100460,538,100144,638,100483,100,99849,200,100513,100,99833,100,100605,100,99824,200,100653,100,99819,100,100700,100,99795,100,100705,100,99680,100,100712,100,99576,100,100745,100,99524,100,100800,100,99352,100
2019-06-28 10:02:24.662923751,100460,438,100144,638,100483,100,99849,200,100513,100,99833,100,100605,100,99824,200,100653,100,99819,100,100700,100,99795,100,100705,100,99680,100,100712,100,99576,100,100745,100,99524,100,100800,100,99352,100
2019-06-28 10:02:30.000000000,100460,438,100144,638,100483,100,99849,200,100513,100,99833,100,100605,100,99824,200,100653,100,99819,100,100700,100,99795,100,100705,100,99680,100,100712,100,99576,100,100745,100,99524,100,100800,100,99352,100
2019-06-28 10:02:30.817452035,100460,438,100185,100,100483,100,100144,638,100513,100,99849,200,100605,100,99833,100,100653,100,99824,200,100700,100,99819,100,100705,100,99795,100,100712,100,99680,100,100745,100,99576,100,100800,100,99524,100
2019-06-28 10:02:40.000000000,100460,269,100185,269,100483,269,100144,469,100513,100,99849,200,100605,100,99833,100,100653,100,99824,200,100700,100,99819,100,100705,100,99795,100,100712,100,99680,100,100745,100,99576,100,100800,100,99524,100
2019-06-28 10:02:50.000000000,100460,215,100185,215,100483,212,100144,412,100513,212,99849,312,100605,100,99833,100,100653,100,99824,200,100700,100,99819,100,100705,100,99795,100,100712,100,99680,100,100745,100,99576,100,100800,100,99524,100
2019-06-28 10:03:00.000000000,100460,438,100185,438,100483,100,100144,300,100513,100,99849,200,100605,100,99833,100,100653,100,99824,200,100700,100,99819,100,100705,100,99795,100,100712,100,99680,100,100745,100,99576,100,100800,100,99524,100
2019-06-28 10:03:10.000000000,100460,168,100185,168,100483,168,100144,368,100513,168,99849,268,100605,168,99833,168,100653,168,99824,268,100700,100,99819,100,100705,100,99795,100,100712,100,99680,100,100745,100,99576,100,100800,100,99524,100
2019-06-28 10:03:11.934796611,100460,168,100273,100,100483,168,100185,168,100513,168,100144,368,100605,168,99849,268,100653,168,99833,168,100700,100,99824,168,100705,100,99819,100,100712,100,99795,100,100745,100,99680,100,100800,100,99576,100
2019-06-28 10:03:13.154027318,100459,100,100273,100,100460,168,100185,168,100483,168,100144,368,100513,168,99849,268,100605,168,99833,168,100653,168,99824,168,100700,100,99819,100,100705,100,99795,100,100712,100,99680,100,100745,100,99576,100
2019-06-28 10:03:16.427749485,100459,200,100273,100,100460,168,100185,168,100483,168,100144,368,100513,168,99849,268,100605,168,99833,168,100653,168,99824,168,100700,100,99819,100,100705,100,99795,100,100712,100,99680,100,100745,100,99576,100
2019-06-28 10:03:20.000000000,100459,315,100273,215,100460,212,100185,212,100483,212,100144,412,100513,100,99849,200,100605,100,99833,100,100653,100,99824,100,100700,100,99819,100,100705,100,99795,100,100712,100,99680,100,100745,100,99576,100
2019-06-28 10:03:28.707229248,100459,415,100273,215,100460,212,100185,212,100483,212,100144,412,100513,100,99849,200,100605,100,99833,100,100653,100,99824,100,100700,100,99819,100,100705,100,99795,100,100712,100,99680,100,100745,100,99576,100
2019-06-28 10:03:30.000000000,100459,415,100273,215,100460,212,100185,212,100483,212,100144,412,100513,100,99849,200,100605,100,99833,100,100653,100,99824,100,100700,100,99819,100,100705,100,99795,100,100712,100,99680,100,100745,100,99576,100
2019-06-28 10:03:40.000000000,100459,469,100273,269,100460,269,100185,269,100483,100,100144,300,100513,100,99849,200,100605,100,99833,100,100653,100,99824,100,100700,100,99819,100,100705,100,99795,100,100712,100,99680,100,100745,100,99576,100
2019-06-28 10:03:45.996146599,100459,469,100273,269,100460,269,100185,269,100483,100,100144,300,100513,100,99849,200,100605,100,99833,100,100653,100,99824,100,100700,100,99819,100,100705,100,99795,100,100712,100,99680,100,100745,100,99576,100
2019-06-28 10:03:50.000000000,100459,638,100273,438,100460,100,100185,100,100483,100,100144,300,100513,100,99849,200,100605,100,99833,100,100653,100,99824,100,100700,100,99819,100,100705,100,99795,100,100712,100,99680,100,100745,100,99576,100
2019-06-28 10:04:00.000000000,100459,384,100273,184,100460,184,100185,184,100483,184,100144,384,100513,184,99849,284,100605,100,99833,100,100653,100,99824,100,100700,100,99819,100,100705,100,99795,100,100712,100,99680,100,100745,100,99576,100
2019-06-28 10:04:05.238237083,100459,384,100273,184,100460,184,100185,184,100483,184,100144,384,100513,184,100132,100,100605,100,99849,284,100653,100,99833,100,100700,100,99824,100,100705,100,99819,100,100712,100,99795,100,100745,100,99680,100
2019-06-28 10:04:08.795674521,100459,484,100273,184,100460,184,100185,184,100483,184,100144,284,100513,184,100132,100,100605,100,99849,284,100653,100,99833,100,100700,100,99824,100,100705,100,99819,100,100712,100,99795,100,100745,100,99680,100
2019-06-28 10:04:10.000000000,100459,515,100273,215,100460,212,100185,212,100483,212,100144,312,100513,100,100132,100,100605,100,99849,200,100653,100,99833,100,100700,100,99824,100,100705,100,99819,100,100712,100,99795,100,100745,100,99680,100
2019-06-28 10:04:10.167140927,100459,415,100273,215,100460,212,100185,212,100483,212,100165,100,100513,100,100144,312,100605,100,100132,100,100653,100,99849,200,100700,100,99833,100,100705,100,99824,100,100712,100,99819,100,100745,100,99795,100
2019-06-28 10:04:11.542682570,100275,100,100273,215,100459,415,100185,212,100460,212,100165,100,100483,212,100144,312,100513,100,100132,100,100605,100,99849,200,100653,100,99833,100,100700,100,99824,100,100705,100,99819,100,100712,100,99795,100
2019-06-28 10:04:18.288682512,100275,100,100273,215,100459,415,100185,212,100460,212,100165,200,100483,212,100144,312,100513,100,100132,100,100605,100,99849,200,100653,100,99833,100,100700,100,99824,100,100705,100,99819,100,100712,100,99795,100
2019-06-28 10:04:20.000000000,100275,269,100273,269,100459,469,100185,269,100460,100,100165,200,100483,100,100144,200,100513,100,100132,100,100605,100,99849,200,100653,100,99833,100,100700,100,99824,100,100705,100,99819,100,100712,100,99795,100
2019-06-28 10:04:27.600092143,100275,269,100273,269,100459,469,100185,269,100460,100,100165,300,100483,100,100144,200,100513,100,100132,100,100605,100,99849,200,100653,100,99833,100,100700,100,99824,100,100705,100,99819,100,100712,100,99795,100
2019-06-28 10:04:30.000000000,100275,168,100273,168,100459,368,100185,168,100460,168,100165,368,100483,168,100144,268,100513,168,100132,168,100605,100,99849,200,100653,100,99833,100,100700,100,99824,100,100705,100,99819,100,100712,100,99795,100
2019-06-28 10:04:32.426528865,100275,68,100273,168,100459,368,100185,168,100460,168,100165,368,100483,168,100144,268,100513,168,100132,168,100605,100,99849,200,100653,100,99833,100,100700,100,99824,100,100705,100,99819,100,100712,100,99795,100
2019-06-28 10:04:40.000000000,100459,638,100273,438,100460,100,100185,100,100483,100,100165,300,100513,100,100144,200,100605,100,100132,100,100653,100,99849,200,100700,100,99833,100,100705,100,99824,100,100712,100,99819,100,100745,100,99795,100
2019-06-28 10:04:50.000000000,100459,469,100273,269,100460,269,100185,269,100483,100,100165,300,100513,100,100144,200,100605,100,100132,100,100653,100,99849,200,100700,100,99833,100,100705,100,99824,100,100712,100,99819,100,100745,100,99795,100
2019-06-28 10:04:53.168320406,100459,469,100275,100,100460,269,100273,269,100483,100,100185,269,100513,100,100165,200,100605,100,100144,200,100653,100,100132,100,100700,100,99849,200,100705,100,99833,100,100712,100,99824,100,100745,100,99819,100
2019-06-28 10:04:53.205124094,100459,469,100275,200,100460,269,100273,269,100483,100,100185,269,100513,100,100165,200,100605,100,100144,100,100653,100,100132,100,100700,100,99849,200,100705,100,99833,100,100712,100,99824,100,100745,100,99819,100
2019-06-28 10:04:54.798018648,100459,469,100275,200,100460,269,100273,269,100483,100,100185,269,100502,100,100165,200,100513,100,100144,100,100605,100,100132,100,100653,100,99849,200,100700,100,99833,100,100705,100,99824,100,100712,100,99819,100
2019-06-28 10:05:00.000000000,100459,469,100275,369,100460,269,100273,269,100483,100,100185,100,100502,100,100165,200,100513,100,100144,100,100605,100,100132,100,100653,100,99849,200,100700,100,99833,100,100705,100,99824,100,100712,100,99819,100
2019-06-28 10:05:10.000000000,100459,384,100275,284,100460,184,100273,184,100483,184,100185,184,100502,184,100165,284,100513,100,100144,100,100605,100,100132,100,100653,100,99849,200,100700,100,99833,100,100705,100,99824,100,100712,100,99819,100
