,ask_price_1,ask_size_1,bid_price_1,bid_size_1,ask_price_2,ask_size_2,bid_price_2,bid_size_2,ask_price_3,ask_size_3,bid_price_3,bid_size_3,ask_price_4,ask_size_4,bid_price_4,bid_size_4,ask_price_5,ask_size_5,bid_price_5,bid_size_5,ask_price_6,ask_size_6,bid_price_6,bid_size_6,ask_price_7,ask_size_7,bid_price_7,bid_size_7,ask_price_8,ask_size_8,bid_price_8,bid_size_8,ask_price_9,ask_size_9,bid_price_9,bid_size_9,ask_price_10,ask_size_10,bid_price_10,bid_size_10
2019-06-28 09:30:00.000000004,100011,100,,,,,,,,,,,,,,,,,,,,,,,,,,,,,,,,,,,,,,
2019-06-28 09:30:00.000000005,100011,100,,,100069,100,,,,,,,,,,,,,,,,,,,,,,,,,,,,,,,,,,
2019-06-28 09:30:00.000000006,100069,100,,,,,,,,,,,,,,,,,,,,,,,,,,,,,,,,,,,,,,
2019-06-28 09:30:00.000000007,100040,100,,,100069,100,,,,,,,,,,,,,,,,,,,,,,,,,,,,,,,,,,
2019-06-28 09:30:00.000000009,100040,100,99913,100,100069,100,,,,,,,,,,,,,,,,,,,,,,,,,,,,,,,,,,
2019-06-28 09:30:00.000000010,99998,100,99913,100,100040,100,,,100069,100,,,100136,100,,,,,,,,,,,,,,,,,,,,,,,,,,
2019-06-28 09:30:00.000000012,99972,100,99913,100,99998,100,,,100040,100,,,100069,100,,,100136,100,,,,,,,,,,,,,,,,,,,,,,
2019-06-28 09:30:00.000000013,99998,100,99913,100,100040,100,,,100069,100,,,100136,100,,,,,,,,,,,,,,,,,,,,,,,,,,
2019-06-28 09:30:00.000000016,99998,100,99972,100,100040,100,99913,100,100069,100,,,100136,100,,,,,,,,,,,,,,,,,,,,,,,,,,
2019-06-28 09:30:00.000000017,99998,100,99972,100,100040,100,99930,100,100069,100,99913,100,100136,100,,,,,,,,,,,,,,,,,,,,,,,,,,
2019-06-28 09:30:00.000000018,99998,100,99972,100,100040,100,99930,100,100069,100,99913,100,100136,100,99889,100,,,,,,,,,,,,,,,,,,,,,,,,
2019-06-28 09:30:00.000000021,99998,100,99972,200,100040,100,99930,100,100069,100,99913,100,100076,100,99889,100,100136,100,,,,,,,,,,,,,,,,,,,,,,
2019-06-28 09:30:00.000000023,99998,100,99972,200,100040,100,99930,100,100069,200,99913,100,100076,100,99889,100,100136,100,,,,,,,,,,,,,,,,,,,,,,
2019-06-28 09:30:00.000000024,99998,100,99972,200,100040,100,99932,100,100069,200,99930,100,100076,100,99913,100,100136,100,99889,100,100201,100,,,,,,,,,,,,,,,,,,
2019-06-28 09:30:00.000000026,99998,100,99972,200,100035,100,99932,100,100040,100,99930,100,100069,200,99913,100,100076,100,99889,100,100136,100,,,100201,100,,,,,,,,,,,,,,
2019-06-28 09:30:00.000000027,99997,100,99972,200,99998,100,99932,100,100035,100,99930,100,100040,100,99913,100,100069,200,99889,100,100076,100,,,100136,100,,,100201,100,,,,,,,,,,
2019-06-28 09:30:00.000000032,99997,100,99972,200,99998,100,99942,100,100035,100,99932,100,100040,100,99930,100,100069,200,99913,100,100076,100,99889,100,100136,100,,,100201,100,,,,,,,,,,
2019-06-28 09:30:00.000000033,99997,100,99972,200,99998,100,99942,100,100011,100,99932,100,100022,100,99930,100,100035,100,99913,100,100040,100,99889,100,100069,200,,,100076,100,,,100136,100,,,100201,100,,
2019-06-28 09:30:00.000000036,99997,100,99972,200,99998,100,99942,100,100011,100,99932,100,100022,100,99930,100,100035,100,99922,100,100040,100,99913,100,100069,200,99889,100,100076,100,,,100136,100,,,100201,100,,
2019-06-28 09:30:00.000000037,99997,100,99984,100,99998,100,99972,200,100011,100,99942,100,100022,100,99932,100,100035,100,99930,100,100040,100,99922,100,100069,200,99913,100,100076,100,99889,100,100136,100,,,100201,100,,
2019-06-28 09:30:00.000000041,99997,100,99984,100,99998,100,99972,200,100011,100,99942,100,100022,100,99932,100,100035,100,99930,100,100040,100,99922,100,100069,200,99913,100,100076,100,99889,100,100136,100,,,100147,100,,
2019-06-28 09:30:00.000000043,99997,100,99984,100,99998,100,99972,200,100011,100,99942,100,100022,100,99932,100,100035,100,99930,100,100040,100,99926,100,100069,200,99922,100,100076,100,99913,100,100136,100,99889,100,100147,100,99804,100
2019-06-28 09:30:00.000000045,99997,100,99984,100,99998,100,99972,200,100011,100,99942,100,100022,100,99932,100,100035,100,99930,100,100040,100,99926,100,100069,200,99922,100,100076,100,99913,100,100136,100,99889,100,100147,100,99804,100
2019-06-28 09:30:00.000000046,99997,100,99984,100,99998,100,99972,200,100011,100,99942,100,100022,100,99932,100,100035,100,99930,100,100040,100,99926,100,100069,200,99922,100,100076,100,99913,100,100110,100,99889,100,100136,100,99804,100
2019-06-28 09:30:00.000000047,99997,100,99984,100,99998,100,99972,200,100011,100,99942,100,100022,100,99932,100,100035,100,99930,100,100040,100,99926,100,100043,100,99922,100,100069,200,99913,100,100076,100,99889,100,100110,100,99804,100
2019-06-28 09:30:00.000000048,99997,100,99972,200,99998,100,99942,100,100011,100,99932,100,100022,100,99930,100,100035,100,99926,100,100040,100,99922,100,100043,100,99913,100,100069,200,99889,100,100076,100,99804,100,100084,100,99757,100
2019-06-28 09:30:00.000000049,99997,100,99972,200,99998,100,99942,100,100011,100,99932,100,100022,100,99930,100,100035,100,99926,100,100040,100,99922,100,100043,100,99913,100,100069,200,99889,100,100076,100,99846,100,100084,100,99804,100
2019-06-28 09:30:00.000000051,99997,100,99972,200,99998,100,99962,100,100011,100,99942,100,100022,100,99932,100,100029,100,99930,100,100035,100,99926,100,100040,100,99922,100,100043,100,99913,100,100069,200,99889,100,100076,100,99846,100
2019-06-28 09:30:00.000000054,99997,100,99972,200,99998,100,99962,100,100011,100,99942,100,100022,100,99932,100,100029,100,99930,100,100035,100,99926,100,100040,100,99922,100,100043,100,99913,100,100069,200,99889,100,100076,100,99846,100
2019-06-28 09:30:00.000000055,99997,100,99972,200,99998,100,99962,100,100011,100,99942,100,100022,100,99932,100,100029,100,99930,100,100035,100,99926,100,100040,100,99922,100,100043,100,99913,100,100069,200,99889,100,100076,100,99846,100
2019-06-28 09:30:00.000000057,99997,100,99988,100,99998,100,99972,200,100011,100,99962,100,100022,100,99942,100,100029,100,99932,100,100035,100,99930,100,100040,100,99926,100,100043,100,99922,100,100069,200,99913,100,100076,100,99889,100
2019-06-28 09:30:00.000000059,99997,100,99991,100,99998,100,99988,100,100011,100,99972,200,100022,100,99962,100,100029,100,99942,100,100035,100,99932,100,100040,100,99930,100,100043,100,99926,100,100069,200,99922,100,100076,100,99913,100
2019-06-28 09:30:00.000000065,99997,100,99991,100,99998,100,99988,100,100011,100,99972,200,100022,100,99962,100,100029,100,99942,100,100035,100,99932,100,100040,100,99930,100,100043,100,99926,100,100069,200,99922,100,100076,100,99913,100
2019-06-28 09:30:00.000000066,99998,100,99991,100,100011,100,99988,100,100022,100,99972,200,100029,100,99962,100,100035,100,99952,100,100040,100,99942,100,100043,100,99932,100,100069,200,99930,100,100076,100,99926,100,100081,100,99922,100
2019-06-28 09:30:00.000000067,99998,100,99991,100,100011,100,99988,100,100022,100,99978,100,100029,100,99972,200,100035,100,99962,100,100040,100,99952,100,100043,100,99942,100,100069,200,99932,100,100076,100,99930,100,100081,100,99926,100
2019-06-28 09:30:00.000000068,99997,100,99992,100,99998,100,99991,100,100011,100,99988,100,100022,100,99978,100,100029,100,99972,200,100035,100,99962,100,100040,100,99952,100,100043,100,99942,100,100052,100,99932,100,100069,200,99930,100
2019-06-28 09:30:00.000000070,99997,100,99992,100,99998,100,99991,100,100002,100,99988,100,100011,100,99978,100,100022,100,99972,200,100029,100,99962,100,100035,100,99952,100,100040,100,99942,100,100043,100,99932,100,100052,100,99930,100
2019-06-28 09:30:00.000000073,99997,100,99992,100,99998,100,99991,100,100002,100,99988,100,100011,100,99978,100,100022,100,99972,200,100029,100,99962,100,100035,100,99952,100,100040,100,99942,100,100043,100,99932,100,100052,100,99930,100
2019-06-28 09:30:00.000000075,99997,100,99992,100,99998,100,99991,100,100002,100,99988,100,100011,100,99978,100,100022,100,99972,200,100029,100,99962,100,100035,100,99952,100,100040,100,99942,100,100043,100,99932,100,100052,100,99930,100
2019-06-28 09:30:00.000000076,99997,200,99992,100,99998,100,99991,100,100002,100,99988,100,100011,100,99978,100,100022,100,99972,200,100029,100,99962,100,100035,100,99952,100,100040,100,99942,100,100043,100,99932,100,100052,100,99930,100
2019-06-28 09:30:00.000000079,99997,300,99992,100,99998,100,99991,100,100002,100,99988,100,100011,100,99978,100,100022,100,99972,200,100029,100,99962,100,100035,100,99952,100,100040,100,99942,100,100043,100,99932,100,100052,100,99930,100
2019-06-28 09:30:00.000000080,99997,300,99992,100,99998,100,99991,100,100002,100,99988,100,100011,100,99978,100,100022,100,99972,200,100025,100,99962,100,100029,100,99952,100,100035,100,99942,100,100040,100,99932,100,100043,100,99930,100
2019-06-28 09:30:00.000000082,99997,200,99992,100,99998,100,99991,100,100002,100,99988,100,100011,100,99978,100,100022,100,99972,200,100025,100,99962,100,100029,100,99952,100,100035,100,99942,100,100040,100,99932,100,100043,100,99930,100
2019-06-28 09:30:00.000000086,99997,100,99992,100,99998,100,99991,100,100002,100,99988,100,100011,100,99978,100,100022,100,99972,200,100025,100,99962,100,100029,100,99952,100,100035,100,99942,100,100040,100,99932,100,100043,100,99930,100
2019-06-28 09:30:00.000000090,99997,100,99992,100,99998,100,99991,100,100002,100,99988,100,100011,100,99978,100,100022,100,99972,200,100025,100,99962,100,100029,200,99952,100,100035,100,99942,100,100040,100,99932,100,100043,100,99930,100
2019-06-28 09:30:00.000000092,99996,100,99992,100,99997,100,99991,100,99998,100,99988,100,100002,100,99978,100,100011,100,99972,200,100022,100,99962,100,100025,100,99952,100,100029,200,99942,100,100035,100,99932,100,100040,100,99930,100
2019-06-28 09:30:00.000000093,99996,100,99992,100,99997,100,99991,100,99998,100,99988,100,100002,100,99978,100,100011,100,99972,200,100022,200,99962,100,100025,100,99952,100,100029,200,99942,100,100035,100,99932,100,100040,100,99930,100
2019-06-28 09:30:00.000000094,99996,100,99992,100,99997,100,99991,100,99998,100,99988,100,100002,100,99978,100,100011,100,99972,200,100022,200,99962,100,100025,100,99952,100,100029,200,99942,100,100035,100,99932,100,100040,100,99930,100
2019-06-28 09:30:00.000000095,99996,100,99992,100,99997,100,99991,100,99998,100,99988,100,100002,100,99978,100,100011,100,99972,200,100022,200,99962,100,100025,100,99952,100,100029,200,99942,100,100035,100,99932,100,100040,100,99930,100
2019-06-28 09:30:00.000000099,99997,100,99992,100,99998,100,99991,100,100002,100,99988,100,100011,100,99978,100,100022,200,99972,200,100025,100,99962,100,100029,200,99952,100,100035,100,99942,100,100040,100,99932,100,100043,100,99930,100
2019-06-28 09:30:10.000000000,99997,201,99992,201,99998,198,99991,198,100002,198,99988,198,100011,100,99978,100,100022,200,99972,200,100025,100,99962,100,100029,200,99952,100,100035,100,99942,100,100040,100,99932,100,100043,100,99930,100
2019-06-28 09:30:14.381204822,99997,101,99992,201,99998,198,99991,198,100002,198,99988,198,100011,100,99978,100,100022,200,99972,200,100025,100,99962,100,100029,200,99952,100,100035,100,99942,100,100040,100,99932,100,100043,100,99930,100
2019-06-28 09:30:20.000000000,99998,159,99992,159,100002,159,99991,159,100011,159,99988,159,100022,259,99978,159,100025,159,99972,259,100029,200,99962,100,100035,100,99952,100,100040,100,99942,100,100043,100,99932,100,100052,100,99930,100
2019-06-28 09:30:30.000000000,99998,174,99992,174,100002,174,99991,174,100011,174,99988,174,100022,274,99978,174,100025,100,99972,200,100029,200,99962,100,100035,100,99952,100,100040,100,99942,100,100043,100,99932,100,100052,100,99930,100
2019-06-28 09:30:40.000000000,99998,174,99992,174,100002,174,99991,174,100011,174,99988,174,100022,274,99978,174,100025,100,99972,200,100029,200,99962,100,100035,100,99952,100,100040,100,99942,100,100043,100,99932,100,100052,100,99930,100
2019-06-28 09:30:50.000000000,99998,396,99992,396,100002,100,99991,100,100011,100,99988,100,100022,200,99978,100,100025,100,99972,200,100029,200,99962,100,100035,100,99952,100,100040,100,99942,100,100043,100,99932,100,100052,100,99930,100
2019-06-28 09:30:51.013582287,99998,396,99992,396,100002,100,99991,100,100011,100,99988,100,100022,200,99978,100,100025,100,99972,200,100029,200,99962,100,100035,100,99952,100,100040,100,99942,100,100043,100,99932,100,100052,100,99930,100
2019-06-28 09:31:00.000000000,99998,174,99992,174,100002,174,99991,174,100011,174,99988,174,100022,274,99978,174,100025,100,99972,200,100029,200,99962,100,100035,100,99952,100,100040,100,99942,100,100043,100,99932,100,100052,100,99930,100
2019-06-28 09:31:07.682526834,99998,174,99996,100,100002,174,99992,174,100011,174,99991,174,100022,274,99988,174,100025,100,99978,174,100029,200,99972,200,100035,100,99962,100,100040,100,99952,100,100043,100,99942,100,100052,100,99932,100
2019-06-28 09:31:10.000000000,99998,396,99996,396,100002,100,99992,100,100011,100,99991,100,100022,200,99988,100,100025,100,99978,100,100029,200,99972,200,100035,100,99962,100,100040,100,99952,100,100043,100,99942,100,100052,100,99932,100
2019-06-28 09:31:20.000000000,99998,396,99996,396,100002,100,99992,100,100011,100,99991,100,100022,200,99988,100,100025,100,99978,100,100029,200,99972,200,100035,100,99962,100,100040,100,99952,100,100043,100,99942,100,100052,100,99932,100
2019-06-28 09:31:29.023979276,99998,396,99996,396,100002,100,99992,100,100011,100,99991,100,100022,200,99988,100,100025,100,99978,100,100029,200,99972,200,100035,100,99962,100,100040,100,99952,100,100043,100,99942,100,100052,100,99932,100
2019-06-28 09:31:30.000000000,99998,174,99996,174,100002,174,99992,174,100011,174,99991,174,100022,274,99988,174,100025,100,99978,100,100029,200,99972,200,100035,100,99962,100,100040,100,99952,100,100043,100,99942,100,100052,100,99932,100
2019-06-28 09:31:31.869058501,99998,74,99996,174,100002,174,99992,174,100011,174,99991,174,100022,274,99988,174,100025,100,99978,100,100029,200,99972,200,100035,100,99962,100,100040,100,99952,100,100043,100,99942,100,100052,100,99932,100
2019-06-28 09:31:40.000000000,100002,174,99996,174,100011,174,99992,174,100022,274,99991,174,100025,174,99988,174,100029,200,99978,100,100035,100,99972,200,100040,100,99962,100,100043,100,99952,100,100052,100,99942,100,100053,100,99932,100
2019-06-28 09:31:40.721795142,100002,74,99996,174,100011,174,99992,174,100022,274,99991,174,100025,174,99988,174,100029,200,99978,100,100035,100,99972,200,100040,100,99962,100,100043,100,99952,100,100052,100,99942,100,100053,100,99932,100
2019-06-28 09:31:50.000000000,100011,201,99996,201,100022,298,99992,198,100025,198,99991,198,100029,200,99988,100,100035,100,99978,100,100040,100,99972,200,100043,100,99962,100,100052,100,99952,100,100053,100,99942,100,100058,100,99932,100
2019-06-28 09:32:00.000000000,100011,396,99996,396,100022,200,99992,100,100025,100,99991,100,100029,200,99988,100,100035,100,99978,100,100040,100,99972,200,100043,100,99962,100,100052,100,99952,100,100053,100,99942,100,100058,100,99932,100
2019-06-28 09:32:10.000000000,100011,248,99996,248,100022,348,99992,248,100025,100,99991,100,100029,200,99988,100,100035,100,99978,100,100040,100,99972,200,100043,100,99962,100,100052,100,99952,100,100053,100,99942,100,100058,100,99932,100
2019-06-28 09:32:16.723104031,100011,248,99996,248,100022,348,99992,248,100025,100,99991,100,100029,200,99988,100,100035,100,99978,100,100040,100,99972,200,100043,100,99962,100,100052,100,99952,100,100053,100,99942,100,100058,100,99932,100
2019-06-28 09:32:20.000000000,100011,174,99996,174,100022,274,99992,174,100025,174,99991,174,100029,274,99988,174,100035,100,99978,100,100040,100,99972,200,100043,100,99962,100,100052,100,99952,100,100053,100,99942,100,100058,100,99932,100
2019-06-28 09:32:29.745204405,100011,174,99996,174,100022,274,99992,174,100025,174,99991,174,100029,274,99988,174,100035,100,99978,100,100040,100,99972,200,100043,100,99962,100,100052,100,99952,100,100053,100,99948,100,100058,100,99942,100
2019-06-28 09:32:30.000000000,100011,396,99996,396,100022,200,99992,100,100025,100,99991,100,100029,200,99988,100,100035,100,99978,100,100040,100,99972,200,100043,100,99962,100,100052,100,99952,100,100053,100,99948,100,100058,100,99942,100
2019-06-28 09:32:40.000000000,100011,174,99996,174,100022,274,99992,174,100025,174,99991,174,100029,274,99988,174,100035,100,99978,100,100040,100,99972,200,100043,100,99962,100,100052,100,99952,100,100053,100,99948,100,100058,100,99942,100
2019-06-28 09:32:41.617372110,100011,74,99996,174,100022,274,99992,174,100025,174,99991,174,100029,274,99988,174,100035,100,99978,100,100040,100,99972,200,100043,100,99962,100,100053,100,99952,100,100058,100,99948,100,100069,300,99942,100
2019-06-28 09:32:50.000000000,100022,301,99996,201,100025,198,99992,198,100029,298,99991,198,100035,100,99988,100,100040,100,99978,100,100043,100,99972,200,100053,100,99962,100,100058,100,99952,100,100069,300,99948,100,100076,100,99942,100
2019-06-28 09:32:53.734991930,100022,301,100002,100,100025,198,99996,201,100029,298,99992,198,100035,100,99991,198,100040,100,99988,100,100043,100,99978,100,100053,100,99972,200,100058,100,99962,100,100069,300,99952,100,100076,100,99948,100
2019-06-28 09:33:00.000000000,100022,348,100002,248,100025,248,99996,248,100029,200,99992,100,100035,100,99991,100,100040,100,99988,100,100043,100,99978,100,100053,100,99972,200,100058,100,99962,100,100069,300,99952,100,100076,100,99948,100
2019-06-28 09:33:01.608266261,100022,348,100002,248,100025,248,99996,248,100029,200,99992,100,100035,100,99991,100,100040,100,99988,100,100043,100,99978,100,100053,100,99972,200,100058,100,99962,100,100069,300,99952,100,100076,100,99948,100
2019-06-28 09:33:09.165542936,100022,348,100002,248,100025,248,99996,248,100029,200,99992,100,100035,100,99991,100,100040,100,99988,100,100043,100,99978,100,100053,100,99972,200,100058,100,99962,100,100069,300,99952,100,100076,100,99948,100
2019-06-28 09:33:10.000000000,100022,348,100002,248,100025,248,99996,248,100029,200,99992,100,100035,100,99991,100,100040,100,99988,100,100043,100,99978,100,100053,100,99972,200,100058,100,99962,100,100069,300,99952,100,100076,100,99948,100
2019-06-28 09:33:19.608767724,100022,348,100002,248,100025,248,99996,248,100029,200,99992,100,100035,100,99991,100,100040,100,99988,100,100043,100,99978,100,100053,100,99972,200,100058,100,99962,100,100069,300,99952,100,100076,100,99948,100
2019-06-28 09:33:20.000000000,100022,496,100002,396,100025,100,99996,100,100029,200,99992,100,100035,100,99991,100,100040,100,99988,100,100043,100,99978,100,100053,100,99972,200,100058,100,99962,100,100069,300,99952,100,100076,100,99948,100
2019-06-28 09:33:28.379012102,100022,496,100002,396,100025,100,99996,100,100029,200,99992,100,100040,100,99991,100,100043,100,99988,100,100053,100,99978,100,100058,100,99972,200,100069,300,99962,100,100076,100,99952,100,100080,100,99948,100
2019-06-28 09:33:28.809651393,100022,496,100002,296,100025,100,99996,100,100029,200,99992,100,100040,100,99991,100,100043,100,99988,100,100053,100,99978,100,100058,100,99972,200,100069,300,99962,100,100076,100,99952,100,100080,100,99948,100
2019-06-28 09:33:30.000000000,100022,348,99996,248,100025,248,99992,248,100029,200,99991,100,100040,100,99988,100,100043,100,99978,100,100053,100,99972,200,100058,100,99962,100,100069,300,99952,100,100076,100,99948,100,100080,100,99932,100
2019-06-28 09:33:39.837859344,100022,248,99996,248,100025,248,99992,248,100029,200,99991,100,100040,100,99988,100,100043,100,99978,100,100053,100,99972,200,100069,300,99962,100,100076,100,99952,100,100080,100,99948,100,100081,100,99932,100
2019-06-28 09:33:40.000000000,100022,396,99996,396,100025,100,99992,100,100029,200,99991,100,100040,100,99988,100,100043,100,99978,100,100053,100,99972,200,100069,300,99962,100,100076,100,99952,100,100080,100,99948,100,100081,100,99932,100
2019-06-28 09:33:50.000000000,100022,174,99996,174,100025,174,99992,174,100029,274,99991,174,100040,174,99988,174,100043,100,99978,100,100053,100,99972,200,100069,300,99962,100,100076,100,99952,100,100080,100,99948,100,100081,100,99932,100
2019-06-28 09:33:59.141658350,100022,74,99996,174,100025,174,99992,174,100029,274,99991,174,100040,174,99988,174,100043,100,99978,100,100053,100,99972,200,100069,300,99962,100,100076,100,99952,100,100080,100,99948,100,100081,100,99932,100
2019-06-28 09:34:00.000000000,100025,201,99996,201,100029,298,99992,198,100040,198,99991,198,100043,100,99988,100,100053,100,99978,100,100069,300,99972,200,100076,100,99962,100,100080,100,99952,100,100081,100,99948,100,100084,100,99932,100
2019-06-28 09:34:02.343518854,100025,201,99996,201,100029,298,99992,198,100040,198,99991,198,100043,100,99988,100,100053,100,99978,100,100069,200,99972,200,100076,100,99962,100,100080,100,99952,100,100081,100,99948,100,100084,100,99932,100
2019-06-28 09:34:10.000000000,100025,396,99996,396,100029,200,99992,100,100040,100,99991,100,100043,100,99988,100,100053,100,99978,100,100069,200,99972,200,100076,100,99962,100,100080,100,99952,100,100081,100,99948,100,100084,100,99932,100
2019-06-28 09:34:10.955340478,100025,396,99996,396,100029,200,99992,100,100040,100,99991,100,100043,100,99988,100,100053,100,99978,100,100069,200,99972,200,100076,100,99962,100,100080,100,99952,100,100081,100,99932,100,100084,100,99930,100
2019-06-28 09:34:16.848847034,100025,396,99996,296,100029,200,99992,100,100040,100,99991,100,100043,100,99988,100,100053,100,99978,100,100069,200,99972,200,100076,100,99962,100,100080,100,99952,100,100081,100,99932,100,100084,100,99930,100
2019-06-28 09:34:20.000000000,100025,396,99992,396,100029,200,99991,100,100040,100,99988,100,100043,100,99978,100,100053,100,99972,200,100069,200,99962,100,100076,100,99952,100,100080,100,99932,100,100081,100,99930,100,100084,100,99922,100
2019-06-28 09:34:30.000000000,100025,396,99992,396,100029,200,99991,100,100040,100,99988,100,100043,100,99978,100,100053,100,99972,200,100069,200,99962,100,100076,100,99952,100,100080,100,99932,100,100081,100,99930,100,100084,100,99922,100
2019-06-28 09:34:35.995742649,100025,396,99992,396,100029,200,99991,100,100040,100,99988,100,100043,100,99978,100,100053,100,99972,200,100069,200,99962,100,100076,100,99952,100,100080,100,99939,100,100081,100,99932,100,100084,100,99930,100
2019-06-28 09:34:40.000000000,100025,159,99992,159,100029,259,99991,159,100040,159,99988,159,100043,159,99978,159,100053,159,99972,259,100069,200,99962,100,100076,100,99952,100,100080,100,99939,100,100081,100,99932,100,100084,100,99930,100
2019-06-28 09:34:42.800887789,100025,159,99992,159,100029,259,99991,159,100040,159,99988,159,100043,159,99978,159,100053,159,99972,259,100069,200,99962,100,100076,100,99952,100,100080,100,99939,100,100081,100,99932,100,100084,100,99930,100
2019-06-28 09:34:50.000000000,100025,396,99992,396,100029,200,99991,100,100040,100,99988,100,100043,100,99978,100,100053,100,99972,200,100069,200,99962,100,100076,100,99952,100,100080,100,99939,100,100081,100,99932,100,100084,100,99930,100
2019-06-28 09:35:00.000000000,100025,248,99992,248,100029,348,99991,248,100040,100,99988,100,100043,100,99978,100,100053,100,99972,200,100069,200,99962,100,100076,100,99952,100,100080,100,99939,100,100081,100,99932,100,100084,100,99930,100
2019-06-28 09:35:10.000000000,100025,174,99992,174,100029,274,99991,174,100040,174,99988,174,100043,174,99978,174,100053,100,99972,200,100069,200,99962,100,100076,100,99952,100,100080,100,99939,100,100081,100,99932,100,100084,100,99930,100
2019-06-28 09:35:20.000000000,100025,396,99992,396,100029,200,99991,100,100040,100,99988,100,100043,100,99978,100,100053,100,99972,200,100069,200,99962,100,100076,100,99952,100,100080,100,99939,100,100081,100,99932,100,100084,100,99930,100
2019-06-28 09:35:27.847727861,100025,296,99992,396,100029,200,99991,100,100040,100,99988,100,100053,100,99978,100,100069,200,99972,200,100076,100,99962,100,100080,100,99952,100,100081,100,99939,100,100084,100,99932,100,100119,100,99930,100
2019-06-28 09:35:30.000000000,100029,301,99992,201,100040,198,99991,198,100053,198,99988,198,100069,200,99978,100,100076,100,99972,200,100080,100,99962,100,100081,100,99952,100,100084,100,99939,100,100119,100,99932,100,100136,100,99930,100
2019-06-28 09:35:40.000000000,100029,259,99992,159,100040,159,99991,159,100053,159,99988,159,100069,259,99978,159,100076,159,99972,259,100080,100,99962,100,100081,100,99952,100,100084,100,99939,100,100119,100,99932,100,100136,100,99930,100
2019-06-28 09:35:48.640486617,100029,159,99992,159,100040,159,99991,159,100053,159,99988,159,100069,159,99978,159,100076,159,99972,259,100080,100,99962,100,100081,100,99952,100,100084,100,99939,100,100119,100,99932,100,100136,100,99930,100
2019-06-28 09:35:50.000000000,100029,201,99992,201,100040,198,99991,198,100053,198,99988,198,100069,100,99978,100,100076,100,99972,200,100080,100,99962,100,100081,100,99952,100,100084,100,99939,100,100119,100,99932,100,100136,100,99930,100
2019-06-28 09:35:58.347171013,100029,201,100025,100,100040,198,99992,201,100053,198,99991,198,100069,100,99988,198,100076,100,99978,100,100080,100,99972,100,100081,100,99962,100,100084,100,99952,100,100119,100,99939,100,100136,100,99932,100
2019-06-28 09:36:00.000000000,100029,396,100025,396,100040,100,99992,100,100053,100,99991,100,100069,100,99988,100,100076,100,99978,100,100080,100,99972,100,100081,100,99962,100,100084,100,99952,100,100119,100,99939,100,100136,100,99932,100
2019-06-28 09:36:02.856956871,100029,396,100025,396,100040,100,99992,100,100053,100,99991,100,100069,100,99988,100,100076,100,99978,100,100080,100,99972,100,100081,100,99962,100,100084,100,99952,100,100119,100,99939,100,100136,100,99932,100
2019-06-28 09:36:03.489662082,100029,396,100025,396,100040,100,99992,100,100053,100,99991,100,100069,100,99988,100,100076,100,99978,100,100080,100,99972,100,100081,100,99962,100,100084,100,99952,100,100119,100,99939,100,100136,100,99932,100
2019-06-28 09:36:10.000000000,100029,396,100025,396,100040,100,99992,100,100053,100,99991,100,100069,100,99988,100,100076,100,99978,100,100080,100,99972,100,100081,100,99962,100,100084,100,99952,100,100119,100,99939,100,100136,100,99932,100
2019-06-28 09:36:20.000000000,100029,201,100025,201,100040,198,99992,198,100053,198,99991,198,100069,100,99988,100,100076,100,99978,100,100080,100,99972,100,100081,100,99962,100,100084,100,99952,100,100119,100,99939,100,100136,100,99932,100
2019-06-28 09:36:26.509847919,100029,101,100025,201,100040,198,99992,198,100053,98,99991,198,100069,100,99988,100,100076,100,99978,100,100080,100,99972,100,100081,100,99962,100,100084,100,99952,100,100119,100,99939,100,100136,100,99932,100
2019-06-28 09:36:30.000000000,100040,248,100025,248,100069,248,99992,248,100076,100,99991,100,100080,100,99988,100,100081,100,99978,100,100084,100,99972,100,100119,100,99962,100,100136,100,99952,100,100143,100,99939,100,100251,100,99932,100
2019-06-28 09:36:40.000000000,100040,396,100025,396,100069,100,99992,100,100076,100,99991,100,100080,100,99988,100,100081,100,99978,100,100084,100,99972,100,100119,100,99962,100,100136,100,99952,100,100143,100,99939,100,100251,100,99932,100
2019-06-28 09:36:50.000000000,100040,159,100025,159,100069,159,99992,159,100076,159,99991,159,100080,159,99988,159,100081,159,99978,159,100084,100,99972,100,100119,100,99962,100,100136,100,99952,100,100143,100,99939,100,100251,100,99932,100
2019-06-28 09:36:58.358341190,100040,159,100029,100,100069,159,100025,159,100076,159,99992,159,100080,159,99991,159,100081,159,99988,159,100084,100,99978,159,100119,100,99972,100,100136,100,99962,100,100143,100,99952,100,100251,100,99939,100
2019-06-28 09:37:00.000000000,100040,248,100029,248,100069,248,100025,248,100076,100,99992,100,100080,100,99991,100,100081,100,99988,100,100084,100,99978,100,100119,100,99972,100,100136,100,99962,100,100143,100,99952,100,100251,100,99939,100
2019-06-28 09:37:03.759184607,100040,148,100029,248,100069,248,100025,248,100076,100,99992,100,100080,100,99991,100,100081,100,99988,100,100084,100,99978,100,100119,100,99972,100,100136,100,99962,100,100143,100,99952,100,100251,100,99939,100
2019-06-28 09:37:10.000000000,100069,396,100029,396,100076,100,100025,100,100080,100,99992,100,100081,100,99991,100,100084,100,99988,100,100119,100,99978,100,100136,100,99972,100,100143,100,99962,100,100251,100,99952,100,100278,100,99939,100
2019-06-28 09:37:17.753878071,100069,296,100029,396,100076,100,100025,100,100080,100,99992,100,100081,100,99991,100,100084,100,99988,100,100119,100,99978,100,100136,100,99972,100,100143,100,99962,100,100251,100,99952,100,100278,100,99939,100
2019-06-28 09:37:20.000000000,100076,248,100029,248,100080,248,100025,248,100081,100,99992,100,100084,100,99991,100,100119,100,99988,100,100136,100,99978,100,100143,100,99972,100,100251,100,99962,100,100278,100,99952,100,100602,100,99939,100
2019-06-28 09:37:25.515992996,100076,148,100029,248,100080,248,100025,248,100081,100,99992,100,100084,100,99991,100,100119,100,99988,100,100136,100,99978,100,100143,100,99972,100,100251,100,99962,100,100278,100,99952,100,100602,100,99939,100
2019-06-28 09:37:30.000000000,100080,248,100029,248,100081,248,100025,248,100084,100,99992,100,100119,100,99991,100,100136,100,99988,100,100143,100,99978,100,100251,100,99972,100,100278,100,99962,100,100602,100,99952,100,100706,100,99939,100
2019-06-28 09:37:40.000000000,100080,174,100029,174,100081,174,100025,174,100084,174,99992,174,100119,174,99991,174,100136,100,99988,100,100143,100,99978,100,100251,100,99972,100,100278,100,99962,100,100602,100,99952,100,100706,100,99939,100
2019-06-28 09:37:50.000000000,100080,159,100029,159,100081,159,100025,159,100084,159,99992,159,100119,159,99991,159,100136,159,99988,159,100143,100,99978,100,100251,100,99972,100,100278,100,99962,100,100602,100,99952,100,100706,100,99939,100
2019-06-28 09:38:00.000000000,100080,248,100029,248,100081,248,100025,248,100084,100,99992,100,100119,100,99991,100,100136,100,99988,100,100143,100,99978,100,100251,100,99972,100,100278,100,99962,100,100602,100,99952,100,100706,100,99939,100
2019-06-28 09:38:06.387327376,100080,248,100069,100,100081,248,100029,248,100084,100,100025,248,100119,100,99992,100,100136,100,99991,100,100143,100,99988,100,100251,100,99978,100,100278,100,99972,100,100602,100,99962,100,100706,100,99952,100
2019-06-28 09:38:10.000000000,100080,159,100069,159,100081,159,100029,159,100084,159,100025,159,100119,159,99992,159,100136,159,99991,159,100143,100,99988,100,100251,100,99978,100,100278,100,99972,100,100602,100,99962,100,100706,100,99952,100
2019-06-28 09:38:19.515975359,100080,59,100069,159,100081,159,100029,159,100084,159,100025,159,100119,159,99992,159,100136,159,99991,59,100143,100,99988,100,100251,100,99978,100,100278,100,99972,100,100602,100,99962,100,100706,100,99952,100
2019-06-28 09:38:20.000000000,100081,396,100069,396,100084,100,100029,100,100119,100,100025,100,100136,100,99992,100,100143,100,99988,100,100251,100,99978,100,100278,100,99972,100,100602,100,99962,100,100706,100,99952,100,100768,100,99939,100
2019-06-28 09:38:30.000000000,100081,248,100069,248,100084,248,100029,248,100119,100,100025,100,100136,100,99992,100,100143,100,99988,100,100251,100,99978,100,100278,100,99972,100,100602,100,99962,100,100706,100,99952,100,100768,100,99939,100
2019-06-28 09:38:40.000000000,100081,396,100069,396,100084,100,100029,100,100119,100,100025,100,100136,100,99992,100,100143,100,99988,100,100251,100,99978,100,100278,100,99972,100,100602,100,99962,100,100706,100,99952,100,100768,100,99939,100
2019-06-28 09:38:42.586885838,100081,396,100069,296,100084,100,100029,100,100119,100,100025,100,100136,100,99992,100,100143,100,99988,100,100251,100,99978,100,100278,100,99972,100,100602,100,99962,100,100706,100,99952,100,100768,100,99939,100
2019-06-28 09:38:47.236540898,100081,396,100069,296,100084,100,100029,100,100119,100,100025,100,100136,100,99992,100,100143,100,99988,100,100251,100,99978,100,100278,100,99972,100,100602,100,99962,100,100706,100,99952,100,100768,100,99939,100
2019-06-28 09:38:48.606740025,100081,396,100069,296,100084,100,100029,100,100119,100,100025,100,100136,100,99992,100,100143,100,99988,100,100251,100,99978,100,100278,100,99972,100,100602,100,99962,100,100706,100,99952,100,100768,100,99939,100
2019-06-28 09:38:50.000000000,100081,159,100029,159,100084,159,100025,159,100119,159,99992,159,100136,159,99988,159,100143,159,99978,159,100251,100,99972,100,100278,100,99962,100,100602,100,99952,100,100706,100,99939,100,100768,100,99932,100
2019-06-28 09:39:00.000000000,100081,248,100029,248,100084,248,100025,248,100119,100,99992,100,100136,100,99988,100,100143,100,99978,100,100251,100,99972,100,100278,100,99962,100,100602,100,99952,100,100706,100,99939,100,100768,100,99932,100
2019-06-28 09:39:10.000000000,100081,396,100029,396,100084,100,100025,100,100119,100,99992,100,100136,100,99988,100,100143,100,99978,100,100251,100,99972,100,100278,100,99962,100,100602,100,99952,100,100706,100,99939,100,100768,100,99932,100
2019-06-28 09:39:15.368996186,100081,396,100029,296,100084,100,100025,100,100119,100,99992,100,100136,100,99988,100,100143,100,99978,100,100251,100,99972,100,100278,100,99962,100,100602,100,99952,100,100706,100,99932,100,100768,100,99930,100
2019-06-28 09:39:20.000000000,100081,201,100025,201,100084,198,99992,198,100119,198,99988,198,100136,100,99978,100,100143,100,99972,100,100251,100,99962,100,100278,100,99952,100,100602,100,99932,100,100706,100,99930,100,100768,100,99922,100
2019-06-28 09:39:27.882685553,100069,100,100025,201,100081,201,99992,198,100084,198,99988,198,100119,198,99978,100,100136,100,99972,100,100143,100,99962,100,100251,100,99952,100,100278,100,99932,100,100602,100,99930,100,100706,100,99922,100
2019-06-28 09:39:30.000000000,100069,248,100025,248,100081,248,99992,248,100084,100,99988,100,100119,100,99978,100,100136,100,99972,100,100143,100,99962,100,100251,100,99952,100,100278,100,99932,100,100602,100,99930,100,100706,100,99922,100
2019-06-28 09:39:40.000000000,100069,248,100025,248,100081,248,99992,248,100084,100,99988,100,100119,100,99978,100,100136,100,99972,100,100143,100,99962,100,100251,100,99952,100,100278,100,99932,100,100602,100,99930,100,100706,100,99922,100
2019-06-28 09:39:49.931268791,100069,348,100025,248,100081,248,99992,248,100084,100,99988,100,100119,100,99978,100,100136,100,99972,100,100143,100,99962,100,100251,100,99952,100,100278,100,99932,100,100602,100,99930,100,100706,100,99922,100
2019-06-28 09:39:50.000000000,100069,301,100025,201,100081,198,99992,198,100084,198,99988,198,100119,100,99978,100,100136,100,99972,100,100143,100,99962,100,100251,100,99952,100,100278,100,99932,100,100602,100,99930,100,100706,100,99922,100
2019-06-28 09:40:00.000000000,100069,274,100025,174,100081,174,99992,174,100084,174,99988,174,100119,174,99978,174,100136,100,99972,100,100143,100,99962,100,100251,100,99952,100,100278,100,99932,100,100602,100,99930,100,100706,100,99922,100
2019-06-28 09:40:08.676981915,100069,174,100025,174,100081,174,99992,174,100084,174,99988,174,100119,174,99978,174,100136,100,99972,100,100143,100,99962,100,100251,100,99952,100,100278,100,99932,100,100602,100,99930,100,100706,100,99922,100
2019-06-28 09:40:10.000000000,100069,174,100025,174,100081,174,99992,174,100084,174,99988,174,100119,174,99978,174,100136,100,99972,100,100143,100,99962,100,100251,100,99952,100,100278,100,99932,100,100602,100,99930,100,100706,100,99922,100
2019-06-28 09:40:15.399221144,100069,174,100025,174,100081,174,99992,174,100084,174,99988,174,100119,174,99978,174,100136,100,99972,100,100143,100,99962,100,100251,100,99952,100,100278,100,99932,100,100359,100,99930,100,100602,100,99922,100
2019-06-28 09:40:20.000000000,100069,201,100025,201,100081,198,99992,198,100084,198,99988,198,100119,100,99978,100,100136,100,99972,100,100143,100,99962,100,100251,100,99952,100,100278,100,99932,100,100359,100,99930,100,100602,100,99922,100
2019-06-28 09:40:20.850391142,100069,201,100025,201,100081,198,99992,198,100084,198,99988,198,100119,100,99978,100,100136,100,99972,100,100143,100,99962,100,100189,100,99952,100,100251,100,99932,100,100278,100,99930,100,100359,100,99922,100
2019-06-28 09:40:21.337323826,100069,201,100025,201,100081,198,99992,198,100084,198,99988,198,100119,100,99978,100,100136,100,99972,100,100143,100,99962,100,100189,100,99952,100,100251,100,99932,100,100270,100,99930,100,100278,100,99922,100
2019-06-28 09:40:23.102478070,100069,101,100025,201,100081,198,99992,198,100084,198,99988,198,100136,100,99978,100,100143,100,99972,100,100189,100,99962,100,100251,100,99952,100,100270,100,99932,100,100278,100,99930,100,100359,100,99922,100
2019-06-28 09:40:30.000000000,100081,159,100025,159,100084,159,99992,159,100136,159,99988,159,100143,159,99978,159,100189,159,99972,159,100251,100,99962,100,100270,100,99952,100,100278,100,99932,100,100359,100,99930,100,100602,100,99922,100
2019-06-28 09:40:40.000000000,100081,248,100025,248,100084,248,99992,248,100136,100,99988,100,100143,100,99978,100,100189,100,99972,100,100251,100,99962,100,100270,100,99952,100,100278,100,99932,100,100359,100,99930,100,100602,100,99922,100
2019-06-28 09:40:43.159281976,100081,248,100025,348,100084,248,99992,248,100136,100,99988,100,100143,100,99978,100,100189,100,99972,100,100251,100,99962,100,100270,100,99952,100,100278,100,99932,100,100359,100,99930,100,100602,100,99922,100
2019-06-28 09:40:50.000000000,100081,248,100025,348,100084,248,99992,248,100136,100,99988,100,100143,100,99978,100,100189,100,99972,100,100251,100,99962,100,100270,100,99952,100,100278,100,99932,100,100359,100,99930,100,100602,100,99922,100
2019-06-28 09:41:00.000000000,100081,248,100025,348,100084,248,99992,248,100136,100,99988,100,100143,100,99978,100,100189,100,99972,100,100251,100,99962,100,100270,100,99952,100,100278,100,99932,100,100359,100,99930,100,100602,100,99922,100
2019-06-28 09:41:02.131379643,100081,248,100025,348,100084,248,99992,248,100136,100,99988,100,100143,100,99978,100,100189,100,99972,100,100251,100,99962,100,100270,100,99952,100,100278,100,99932,100,100359,100,99930,100,100602,100,99922,100
2019-06-28 09:41:06.002698142,100068,100,100025,348,100081,248,99992,248,100084,248,99988,100,100136,100,99978,100,100143,100,99972,100,100189,100,99962,100,100251,100,99952,100,100270,100,99932,100,100278,100,99930,100,100359,100,99922,100
2019-06-28 09:41:10.000000000,100068,159,100025,259,100081,159,99992,159,100084,159,99988,159,100136,159,99978,159,100143,159,99972,159,100189,100,99962,100,100251,100,99952,100,100270,100,99932,100,100278,100,99930,100,100359,100,99922,100
2019-06-28 09:41:20.000000000,100068,159,100025,259,100081,159,99992,159,100084,159,99988,159,100136,159,99978,159,100143,159,99972,159,100189,100,99962,100,100251,100,99952,100,100270,100,99932,100,100278,100,99930,100,100359,100,99922,100
2019-06-28 09:41:30.000000000,100068,159,100025,259,100081,159,99992,159,100084,159,99988,159,100136,159,99978,159,100143,159,99972,159,100189,100,99962,100,100251,100,99952,100,100270,100,99932,100,100278,100,99930,100,100359,100,99922,100
2019-06-28 09:41:32.223503408,100068,259,100025,259,100081,159,99992,159,100084,159,99988,159,100136,159,99978,159,100143,159,99972,59,100189,100,99962,100,100251,100,99952,100,100270,100,99932,100,100278,100,99930,100,100359,100,99922,100
2019-06-28 09:41:40.000000000,100068,496,100025,496,100081,100,99992,100,100084,100,99988,100,100136,100,99978,100,100143,100,99962,100,100189,100,99952,100,100251,100,99932,100,100270,100,99930,100,100278,100,99922,100,100359,100,99888,100
2019-06-28 09:41:50.000000000,100068,301,100025,301,100081,198,99992,198,100084,198,99988,198,100136,100,99978,100,100143,100,99962,100,100189,100,99952,100,100251,100,99932,100,100270,100,99930,100,100278,100,99922,100,100359,100,99888,100
2019-06-28 09:42:00.000000000,100068,348,100025,348,100081,248,99992,248,100084,100,99988,100,100136,100,99978,100,100143,100,99962,100,100189,100,99952,100,100251,100,99932,100,100270,100,99930,100,100278,100,99922,100,100359,100,99888,100
2019-06-28 09:42:10.000000000,100068,301,100025,301,100081,198,99992,198,100084,198,99988,198,100136,100,99978,100,100143,100,99962,100,100189,100,99952,100,100251,100,99932,100,100270,100,99930,100,100278,100,99922,100,100359,100,99888,100
2019-06-28 09:42:20.000000000,100068,259,100025,259,100081,159,99992,159,100084,159,99988,159,100136,159,99978,159,100143,159,99962,159,100189,100,99952,100,100251,100,99932,100,100270,100,99930,100,100278,100,99922,100,100359,100,99888,100
2019-06-28 09:42:30.000000000,100068,301,100025,301,100081,198,99992,198,100084,198,99988,198,100136,100,99978,100,100143,100,99962,100,100189,100,99952,100,100251,100,99932,100,100270,100,99930,100,100278,100,99922,100,100359,100,99888,100
2019-06-28 09:42:40.000000000,100068,274,100025,274,100081,174,99992,174,100084,174,99988,174,100136,174,99978,174,100143,100,99962,100,100189,100,99952,100,100251,100,99932,100,100270,100,99930,100,100278,100,99922,100,100359,100,99888,100
2019-06-28 09:42:49.266265797,100068,274,100025,174,100081,174,99992,174,100084,174,99988,174,100136,174,99978,174,100143,100,99962,100,100189,100,99952,100,100251,100,99932,100,100270,100,99930,100,100278,100,99922,100,100359,100,99888,100
2019-06-28 09:42:50.000000000,100068,259,100025,159,100081,159,99992,159,100084,159,99988,159,100136,159,99978,159,100143,159,99962,159,100189,100,99952,100,100251,100,99932,100,100270,100,99930,100,100278,100,99922,100,100359,100,99888,100
2019-06-28 09:43:00.000000000,100068,348,100025,248,100081,248,99992,248,100084,100,99988,100,100136,100,99978,100,100143,100,99962,100,100189,100,99952,100,100251,100,99932,100,100270,100,99930,100,100278,100,99922,100,100359,100,99888,100
2019-06-28 09:43:10.000000000,100068,259,100025,159,100081,159,99992,159,100084,159,99988,159,100136,159,99978,159,100143,159,99962,159,100189,100,99952,100,100251,100,99932,100,100270,100,99930,100,100278,100,99922,100,100359,100,99888,100
2019-06-28 09:43:14.089303159,100068,259,100025,59,100081,159,99992,159,100084,159,99988,159,100136,159,99978,159,100143,159,99962,159,100189,100,99952,100,100251,100,99932,100,100270,100,99930,100,100278,100,99888,100,100359,100,99846,100
2019-06-28 09:43:20.000000000,100068,301,99992,201,100081,198,99988,198,100084,198,99978,198,100136,100,99962,100,100143,100,99952,100,100189,100,99932,100,100251,100,99930,100,100270,100,99888,100,100278,100,99846,100,100359,100,99722,100
2019-06-28 09:43:30.000000000,100068,348,99992,248,100081,248,99988,248,100084,100,99978,100,100136,100,99962,100,100143,100,99952,100,100189,100,99932,100,100251,100,99930,100,100270,100,99888,100,100278,100,99846,100,100359,100,99722,100
2019-06-28 09:43:40.000000000,100068,274,99992,174,100081,174,99988,174,100084,174,99978,174,100136,174,99962,174,100143,100,99952,100,100189,100,99932,100,100251,100,99930,100,100270,100,99888,100,100278,100,99846,100,100359,100,99722,100
2019-06-28 09:43:50.000000000,100068,301,99992,201,100081,198,99988,198,100084,198,99978,198,100136,100,99962,100,100143,100,99952,100,100189,100,99932,100,100251,100,99930,100,100270,100,99888,100,100278,100,99846,100,100359,100,99722,100
2019-06-28 09:44:00.000000000,100068,496,99992,396,100081,100,99988,100,100084,100,99978,100,100136,100,99962,100,100143,100,99952,100,100189,100,99932,100,100251,100,99930,100,100270,100,99888,100,100278,100,99846,100,100359,100,99722,100
2019-06-28 09:44:05.125206017,100025,100,99992,396,100068,496,99988,100,100081,100,99978,100,100084,100,99962,100,100136,100,99952,100,100143,100,99932,100,100189,100,99930,100,100251,100,99888,100,100270,100,99846,100,100278,100,99722,100
2019-06-28 09:44:10.000000000,100025,201,99992,201,100068,298,99988,198,100081,198,99978,198,100084,100,99962,100,100136,100,99952,100,100143,100,99932,100,100189,100,99930,100,100251,100,99888,100,100270,100,99846,100,100278,100,99722,100
2019-06-28 09:44:20.000000000,100025,201,99992,201,100068,298,99988,198,100081,198,99978,198,100084,100,99962,100,100136,100,99952,100,100143,100,99932,100,100189,100,99930,100,100251,100,99888,100,100270,100,99846,100,100278,100,99722,100
2019-06-28 09:44:29.401234031,100025,201,99992,101,100068,298,99988,198,100081,198,99978,198,100084,100,99962,100,100136,100,99952,100,100143,100,99930,100,100189,100,99888,100,100251,100,99846,100,100270,100,99722,100,100278,100,99700,100
2019-06-28 09:44:30.000000000,100025,159,99988,159,100068,259,99978,159,100081,159,99962,159,100084,159,99952,159,100136,159,99930,159,100143,100,99888,100,100189,100,99846,100,100251,100,99722,100,100270,100,99700,100,100278,100,99570,100
2019-06-28 09:44:40.000000000,100025,174,99988,174,100068,274,99978,174,100081,174,99962,174,100084,174,99952,174,100136,100,99930,100,100143,100,99888,100,100189,100,99846,100,100251,100,99722,100,100270,100,99700,100,100278,100,99570,100
2019-06-28 09:44:50.000000000,100025,396,99988,396,100068,200,99978,100,100081,100,99962,100,100084,100,99952,100,100136,100,99930,100,100143,100,99888,100,100189,100,99846,100,100251,100,99722,100,100270,100,99700,100,100278,100,99570,100
2019-06-28 09:45:00.000000000,100025,396,99988,396,100068,200,99978,100,100081,100,99962,100,100084,100,99952,100,100136,100,99930,100,100143,100,99888,100,100189,100,99846,100,100251,100,99722,100,100270,100,99700,100,100278,100,99570,100
2019-06-28 09:45:10.000000000,100025,248,99988,248,100068,348,99978,248,100081,100,99962,100,100084,100,99952,100,100136,100,99930,100,100143,100,99888,100,100189,100,99846,100,100251,100,99722,100,100270,100,99700,100,100278,100,99570,100
2019-06-28 09:45:20.000000000,100025,174,99988,174,100068,274,99978,174,100081,174,99962,174,100084,174,99952,174,100136,100,99930,100,100143,100,99888,100,100189,100,99846,100,100251,100,99722,100,100270,100,99700,100,100278,100,99570,100
2019-06-28 09:45:30.000000000,100025,159,99988,159,100068,259,99978,159,100081,159,99962,159,100084,159,99952,159,100136,159,99930,159,100143,100,99888,100,100189,100,99846,100,100251,100,99722,100,100270,100,99700,100,100278,100,99570,100
2019-06-28 09:45:30.571695447,100024,100,99988,159,100025,159,99978,159,100068,259,99962,159,100081,159,99952,159,100084,159,99930,159,100136,159,99888,100,100143,100,99846,100,100189,100,99722,100,100251,100,99700,100,100270,100,99570,100
2019-06-28 09:45:34.356189267,100024,100,99988,59,100025,159,99978,159,100068,259,99962,159,100081,159,99952,159,100084,59,99930,159,100136,159,99888,100,100143,100,99846,100,100189,100,99722,100,100251,100,99700,100,100270,100,99570,100
2019-06-28 09:45:40.000000000,100024,396,99978,396,100025,100,99962,100,100068,200,99952,100,100081,100,99930,100,100136,100,99888,100,100143,100,99846,100,100189,100,99722,100,100251,100,99700,100,100270,100,99570,100,100278,100,,
2019-06-28 09:45:50.000000000,100024,248,99978,248,100025,248,99962,248,100068,200,99952,100,100081,100,99930,100,100136,100,99888,100,100143,100,99846,100,100189,100,99722,100,100251,100,99700,100,100270,100,99570,100,100278,100,,
2019-06-28 09:46:00.000000000,100024,159,99978,159,100025,159,99962,159,100068,259,99952,159,100081,159,99930,159,100136,159,99888,159,100143,100,99846,100,100189,100,99722,100,100251,100,99700,100,100270,100,99570,100,100278,100,,
2019-06-28 09:46:01.350206969,100024,159,99978,159,100025,159,99962,159,100068,259,99952,159,100081,159,99930,159,100136,159,99888,159,100143,100,99846,100,100251,100,99722,100,100270,100,99700,100,100278,100,99570,100,100359,100,98667,100
2019-06-28 09:46:08.339693631,99992,100,99978,159,100024,159,99962,159,100025,59,99952,159,100068,259,99930,159,100081,159,99888,159,100136,159,99846,100,100143,100,99722,100,100251,100,99700,100,100270,100,99570,100,100278,100,98667,100
2019-06-28 09:46:10.000000000,99992,159,99978,159,100024,159,99962,159,100068,259,99952,159,100081,159,99930,159,100136,159,99888,159,100143,100,99846,100,100251,100,99722,100,100270,100,99700,100,100278,100,99570,100,100359,100,98667,100
2019-06-28 09:46:13.960459603,99992,159,99978,159,100024,159,99962,159,100068,259,99952,159,100081,159,99930,159,100136,159,99888,159,100143,100,99846,100,100251,100,99722,100,100270,100,99700,100,100278,100,98667,100,100359,100,98639,100
2019-06-28 09:46:20.000000000,99992,201,99978,201,100024,198,99962,198,100068,298,99952,198,100081,100,99930,100,100136,100,99888,100,100143,100,99846,100,100251,100,99722,100,100270,100,99700,100,100278,100,98667,100,100359,100,98639,100
2019-06-28 09:46:24.442565714,99992,201,99978,101,100024,198,99962,198,100068,298,99952,198,100081,100,99930,100,100136,100,99888,100,100143,100,99846,100,100251,100,99722,100,100270,100,99700,100,100278,100,98667,100,100359,100,98639,100
2019-06-28 09:46:30.000000000,99992,159,99962,159,100024,159,99952,159,100068,259,99930,159,100081,159,99888,159,100136,159,99846,159,100143,100,99722,100,100251,100,99700,100,100270,100,98667,100,100278,100,98639,100,100359,100,,
2019-06-28 09:46:36.988934527,99992,159,99962,59,100024,159,99952,159,100068,259,99930,159,100081,159,99888,159,100136,159,99846,159,100143,100,99722,100,100251,100,99700,100,100270,100,98667,100,100278,100,98639,100,100359,100,,
2019-06-28 09:46:40.000000000,99992,248,99952,248,100024,248,99930,248,100068,200,99888,100,100081,100,99846,100,100136,100,99722,100,100143,100,99700,100,100251,100,98667,100,100270,100,98639,100,100278,100,,,100359,100,,
2019-06-28 09:46:43.895654829,99992,248,99952,248,100024,248,99930,248,100068,200,99888,100,100081,100,99846,100,100136,100,99722,100,100143,100,99700,100,100251,100,98979,100,100270,100,98667,100,100278,100,98639,100,100359,100,,
2019-06-28 09:46:50.000000000,99992,174,99952,174,100024,174,99930,174,100068,274,99888,174,100081,174,99846,174,100136,100,99722,100,100143,100,99700,100,100251,100,98979,100,100270,100,98667,100,100278,100,98639,100,100359,100,,
2019-06-28 09:47:00.000000000,99992,396,99952,396,100024,100,99930,100,100068,200,99888,100,100081,100,99846,100,100136,100,99722,100,100143,100,99700,100,100251,100,98979,100,100270,100,98667,100,100278,100,98639,100,100359,100,,
2019-06-28 09:47:10.000000000,99992,396,99952,396,100024,100,99930,100,100068,200,99888,100,100081,100,99846,100,100136,100,99722,100,100143,100,99700,100,100251,100,98979,100,100270,100,98667,100,100278,100,98639,100,100359,100,,
2019-06-28 09:47:13.198580876,99978,100,99952,396,99992,396,99930,100,100024,100,99888,100,100068,200,99846,100,100081,100,99722,100,100136,100,99700,100,100143,100,98979,100,100251,100,98667,100,100270,100,98639,100,100278,100,,
2019-06-28 09:47:17.373218919,99978,100,99952,296,99992,396,99930,100,100024,100,99888,100,100068,200,99846,100,100081,100,99722,100,100136,100,99700,100,100143,100,98979,100,100251,100,98667,100,100270,100,98639,100,100278,100,,
2019-06-28 09:47:20.000000000,99978,159,99930,159,99992,159,99888,159,100024,159,99846,159,100068,259,99722,159,100081,159,99700,159,100136,100,98979,100,100143,100,98667,100,100251,100,98639,100,100270,100,,,100278,100,,
2019-06-28 09:47:30.000000000,99978,248,99930,248,99992,248,99888,248,100024,100,99846,100,100068,200,99722,100,100081,100,99700,100,100136,100,98979,100,100143,100,98667,100,100251,100,98639,100,100270,100,,,100278,100,,
2019-06-28 09:47:32.431105893,99978,248,99930,148,99992,248,99888,248,100024,100,99846,100,100068,200,99722,100,100081,100,99700,100,100136,100,98979,100,100143,100,98667,100,100251,100,98639,100,100270,100,,,100278,100,,
2019-06-28 09:47:36.772720404,99978,248,99930,48,99992,248,99888,248,100024,100,99846,100,100068,200,99722,100,100081,100,98979,100,100136,100,98667,100,100143,100,98639,100,100251,100,,,100270,100,,,100278,100,,
2019-06-28 09:47:40.000000000,99978,396,99888,396,99992,100,99846,100,100024,100,99722,100,100068,200,98979,100,100081,100,98667,100,100136,100,98639,100,100143,100,,,100251,100,,,100270,100,,,100278,100,,
2019-06-28 09:47:50.000000000,99978,159,99888,159,99992,159,99846,159,100024,159,99722,159,100068,259,98979,159,100081,159,98667,159,100136,100,98639,100,100143,100,,,100251,100,,,100270,100,,,100278,100,,
2019-06-28 09:48:00.000000000,99978,248,99888,248,99992,248,99846,248,100024,100,99722,100,100068,200,98979,100,100081,100,98667,100,100136,100,98639,100,100143,100,,,100251,100,,,100270,100,,,100278,100,,
2019-06-28 09:48:10.000000000,99978,201,99888,201,99992,198,99846,198,100024,198,99722,198,100068,200,98979,100,100081,100,98667,100,100136,100,98639,100,100143,100,,,100251,100,,,100270,100,,,100278,100,,
2019-06-28 09:48:20.000000000,99978,248,99888,248,99992,248,99846,248,100024,100,99722,100,100068,200,98979,100,100081,100,98667,100,100136,100,98639,100,100143,100,,,100251,100,,,100270,100,,,100278,100,,
2019-06-28 09:48:30.000000000,99978,159,99888,159,99992,159,99846,159,100024,159,99722,159,100068,259,98979,159,100081,159,98667,159,100136,100,98639,100,100143,100,,,100251,100,,,100270,100,,,100278,100,,
2019-06-28 09:48:33.924385409,99978,159,99888,59,99992,159,99846,159,100024,159,99722,159,100068,259,98979,159,100081,159,98667,159,100136,100,98639,100,100143,100,,,100251,100,,,100270,100,,,100278,100,,
2019-06-28 09:48:40.000000000,99978,248,99846,248,99992,248,99722,248,100024,100,98979,100,100068,200,98667,100,100081,100,98639,100,100136,100,,,100143,100,,,100251,100,,,100270,100,,,100278,100,,
2019-06-28 09:48:42.168344852,99930,100,99846,248,99978,248,99722,248,99992,248,98979,100,100024,100,98667,100,100068,200,98639,100,100081,100,,,100136,100,,,100143,100,,,100251,100,,,100270,100,,
2019-06-28 09:48:44.579671930,99930,200,99846,248,99978,248,99722,248,99992,248,98979,100,100024,100,98667,100,100068,200,98639,100,100081,100,,,100136,100,,,100143,100,,,100251,100,,,100270,100,,
2019-06-28 09:48:50.000000000,99930,301,99846,201,99978,198,99722,198,99992,198,98979,198,100024,100,98667,100,100068,200,98639,100,100081,100,,,100136,100,,,100143,100,,,100251,100,,,100270,100,,
2019-06-28 09:49:00.000000000,99930,348,99846,248,99978,248,99722,248,99992,100,98979,100,100024,100,98667,100,100068,200,98639,100,100081,100,,,100136,100,,,100143,100,,,100251,100,,,100270,100,,
2019-06-28 09:49:06.888604508,99930,348,99846,148,99978,248,99722,248,99992,100,98979,100,100024,100,98667,100,100068,200,98639,100,100081,100,,,100136,100,,,100143,100,,,100251,100,,,100270,100,,
2019-06-28 09:49:10.000000000,99930,496,99722,396,99978,100,98979,100,99992,100,98667,100,100024,100,98639,100,100068,200,,,100081,100,,,100136,100,,,100143,100,,,100251,100,,,100270,100,,
2019-06-28 09:49:20.000000000,99930,496,99722,396,99978,100,98979,100,99992,100,98667,100,100024,100,98639,100,100068,200,,,100081,100,,,100136,100,,,100143,100,,,100251,100,,,100270,100,,
2019-06-28 09:49:25.123610802,99930,496,99722,296,99978,100,98979,100,99992,100,98667,100,100024,100,98639,100,100068,200,,,100081,100,,,100136,100,,,100143,100,,,100251,100,,,100270,100,,
2019-06-28 09:49:30.000000000,99930,259,98979,159,99978,159,98667,159,99992,159,98639,159,100024,159,98638,59,100068,259,,,100081,100,,,100136,100,,,100143,100,,,100251,100,,,100270,100,,
2019-06-28 09:49:40.000000000,99930,259,98979,159,99978,159,98667,159,99992,159,98639,159,100024,159,98638,59,100068,259,,,100081,100,,,100136,100,,,100143,100,,,100251,100,,,100270,100,,
2019-06-28 09:49:50.000000000,99930,496,98979,396,99978,100,98667,100,99992,100,98639,100,100024,100,,,100068,200,,,100081,100,,,100136,100,,,100143,100,,,100251,100,,,100270,100,,
2019-06-28 09:50:00.000000000,99930,259,98979,159,99978,159,98667,159,99992,159,98639,159,100024,159,98638,59,100068,259,,,100081,100,,,100136,100,,,100143,100,,,100251,100,,,100270,100,,
2019-06-28 09:50:01.109985256,99930,259,99076,100,99978,159,98979,159,99992,159,98667,159,100024,159,98639,159,100068,259,98638,59,100081,100,,,100136,100,,,100143,100,,,100251,100,,,100270,100,,
2019-06-28 09:50:10.000000000,99930,274,99076,174,99978,174,98979,174,99992,174,98667,174,100024,174,98639,174,100068,200,,,100081,100,,,100136,100,,,100143,100,,,100251,100,,,100270,100,,
2019-06-28 09:50:20.000000000,99930,259,99076,159,99978,159,98979,159,99992,159,98667,159,100024,159,98639,159,100068,259,98638,59,100081,100,,,100136,100,,,100143,100,,,100251,100,,,100270,100,,
2019-06-28 09:50:21.866003124,99528,100,99076,159,99930,259,98979,159,99978,159,98667,159,99992,159,98639,159,100024,159,98638,59,100068,259,,,100081,100,,,100136,100,,,100143,100,,,100270,100,,
2019-06-28 09:50:30.000000000,99528,396,99076,396,99930,200,98979,100,99978,100,98667,100,99992,100,98639,100,100024,100,,,100068,200,,,100081,100,,,100136,100,,,100143,100,,,100270,100,,
2019-06-28 09:50:40.000000000,99528,201,99076,201,99930,298,98979,198,99978,198,98667,198,99992,100,98639,100,100024,100,,,100068,200,,,100081,100,,,100136,100,,,100143,100,,,100270,100,,
2019-06-28 09:50:45.503644118,99528,201,99076,201,99615,100,98979,198,99930,298,98667,198,99978,198,98639,100,99992,100,,,100024,100,,,100068,200,,,100081,100,,,100136,100,,,100143,100,,
2019-06-28 09:50:50.000000000,99528,201,99076,201,99615,198,98979,198,99930,298,98667,198,99978,100,98639,100,99992,100,,,100024,100,,,100068,200,,,100081,100,,,100136,100,,,100143,100,,
2019-06-28 09:51:00.000000000,99528,396,99076,396,99615,100,98979,100,99930,200,98667,100,99978,100,98639,100,99992,100,,,100024,100,,,100068,200,,,100081,100,,,100136,100,,,100143,100,,
2019-06-28 09:51:10.000000000,99528,396,99076,396,99615,100,98979,100,99930,200,98667,100,99978,100,98639,100,99992,100,,,100024,100,,,100068,200,,,100081,100,,,100136,100,,,100143,100,,
2019-06-28 09:51:10.427455914,99528,396,99076,396,99615,100,98979,100,99846,100,98667,100,99930,200,98639,100,99978,100,,,99992,100,,,100024,100,,,100068,200,,,100081,100,,,100136,100,,
2019-06-28 09:51:19.205881028,99528,396,99076,396,99547,100,98979,100,99615,100,98667,100,99846,100,98639,100,99930,200,,,99978,100,,,99992,100,,,100024,100,,,100068,200,,,100081,100,,
2019-06-28 09:51:20.000000000,99528,174,99076,174,99547,174,98979,174,99615,174,98667,174,99846,174,98639,174,99930,200,,,99978,100,,,99992,100,,,100024,100,,,100068,200,,,100081,100,,
2019-06-28 09:51:25.674837803,99528,74,99076,174,99547,174,98979,174,99615,174,98667,174,99846,174,98639,174,99930,200,,,99978,100,,,99992,100,,,100024,100,,,100068,200,,,100081,100,,
2019-06-28 09:51:30.000000000,99547,248,99076,248,99615,248,98979,248,99846,100,98667,100,99930,200,98639,100,99978,100,,,99992,100,,,100024,100,,,100068,200,,,100081,100,,,100136,100,,
2019-06-28 09:51:34.785715313,99547,248,99076,248,99615,248,98979,248,99730,100,98667,100,99846,100,98639,100,99930,200,,,99978,100,,,99992,100,,,100024,100,,,100068,200,,,100081,100,,
2019-06-28 09:51:40.000000000,99547,174,99076,174,99615,174,98979,174,99730,174,98667,174,99846,174,98639,174,99930,200,,,99978,100,,,99992,100,,,100024,100,,,100068,200,,,100081,100,,
2019-06-28 09:51:48.223345801,99547,174,99466,100,99615,74,99076,174,99730,174,98979,174,99846,174,98667,174,99930,200,98639,174,99978,100,,,99992,100,,,100024,100,,,100068,200,,,100081,100,,
2019-06-28 09:51:50.000000000,99547,396,99466,396,99730,100,99076,100,99846,100,98979,100,99930,200,98667,100,99978,100,98639,100,99992,100,,,100024,100,,,100068,200,,,100081,100,,,100136,100,,
2019-06-28 09:52:00.000000000,99547,159,99466,159,99730,159,99076,159,99846,159,98979,159,99930,259,98667,159,99978,159,98639,159,99992,100,,,100024,100,,,100068,200,,,100081,100,,,100136,100,,
2019-06-28 09:52:10.000000000,99547,159,99466,159,99730,159,99076,159,99846,159,98979,159,99930,259,98667,159,99978,159,98639,159,99992,100,,,100024,100,,,100068,200,,,100081,100,,,100136,100,,
2019-06-28 09:52:12.698384246,99547,159,99466,159,99665,100,99076,159,99730,159,98979,159,99846,159,98667,159,99930,259,98639,159,99978,159,,,99992,100,,,100024,100,,,100068,200,,,100081,100,,
2019-06-28 09:52:17.065550901,99547,59,99466,159,99665,100,99076,159,99730,159,98979,159,99846,159,98667,159,99930,259,98639,159,99978,159,,,99992,100,,,100024,100,,,100068,200,,,100081,100,,
2019-06-28 09:52:20.000000000,99665,396,99466,396,99730,100,99076,100,99846,100,98979,100,99930,200,98667,100,99978,100,98639,100,99992,100,,,100024,100,,,100068,200,,,100081,100,,,100136,100,,
2019-06-28 09:52:30.000000000,99665,159,99466,159,99730,159,99076,159,99846,159,98979,159,99930,259,98667,159,99978,159,98639,159,99992,100,,,100024,100,,,100068,200,,,100081,100,,,100136,100,,
2019-06-28 09:52:40.000000000,99665,396,99466,396,99730,100,99076,100,99846,100,98979,100,99930,200,98667,100,99978,100,98639,100,99992,100,,,100024,100,,,100068,200,,,100081,100,,,100136,100,,
2019-06-28 09:52:50.000000000,99665,159,99466,159,99730,159,99076,159,99846,159,98979,159,99930,259,98667,159,99978,159,98639,159,99992,100,,,100024,100,,,100068,200,,,100081,100,,,100136,100,,
2019-06-28 09:53:00.000000000,99665,174,99466,174,99730,174,99076,174,99846,174,98979,174,99930,274,98667,174,99978,100,98639,100,99992,100,,,100024,100,,,100068,200,,,100081,100,,,100136,100,,
2019-06-28 09:53:10.000000000,99665,159,99466,159,99730,159,99076,159,99846,159,98979,159,99930,259,98667,159,99978,159,98639,159,99992,100,,,100024,100,,,100068,200,,,100081,100,,,100136,100,,
2019-06-28 09:53:12.221183660,99665,159,99528,100,99730,159,99466,159,99846,159,99076,159,99930,259,98979,159,99978,159,98667,159,99992,100,98639,159,100024,100,,,100068,100,,,100081,100,,,100136,100,,
2019-06-28 09:53:18.271572622,99665,159,99528,200,99730,159,99466,159,99846,159,99076,159,99930,259,98979,159,99978,59,98667,159,99992,100,98639,159,100024,100,,,100068,100,,,100081,100,,,100136,100,,
2019-06-28 09:53:20.000000000,99665,396,99528,496,99730,100,99466,100,99846,100,99076,100,99930,200,98979,100,99992,100,98667,100,100024,100,98639,100,100068,100,,,100081,100,,,100136,100,,,100143,100,,
2019-06-28 09:53:21.238626241,99665,296,99528,496,99730,100,99466,100,99846,100,99076,100,99930,200,98979,100,99992,100,98639,100,100024,100,,,100068,100,,,100081,100,,,100136,100,,,100143,100,,
2019-06-28 09:53:30.000000000,99730,248,99528,348,99846,248,99466,248,99930,200,99076,100,99992,100,98979,100,100024,100,98639,100,100068,100,,,100081,100,,,100136,100,,,100143,100,,,100270,100,,
2019-06-28 09:53:40.000000000,99730,248,99528,348,99846,248,99466,248,99930,200,99076,100,99992,100,98979,100,100024,100,98639,100,100068,100,,,100081,100,,,100136,100,,,100143,100,,,100270,100,,
2019-06-28 09:53:50.000000000,99730,248,99528,348,99846,248,99466,248,99930,200,99076,100,99992,100,98979,100,100024,100,98639,100,100068,100,,,100081,100,,,100136,100,,,100143,100,,,100270,100,,
2019-06-28 09:54:00.000000000,99730,201,99528,301,99846,198,99466,198,99930,298,99076,198,99992,100,98979,100,100024,100,98639,100,100068,100,,,100081,100,,,100136,100,,,100143,100,,,100270,100,,
2019-06-28 09:54:10.000000000,99730,396,99528,496,99846,100,99466,100,99930,200,99076,100,99992,100,98979,100,100024,100,98639,100,100068,100,,,100081,100,,,100136,100,,,100143,100,,,100270,100,,
2019-06-28 09:54:13.999074415,99730,396,99547,100,99846,100,99528,496,99930,100,99466,100,99992,100,99076,100,100024,100,98979,100,100068,100,98639,100,100081,100,,,100136,100,,,100143,100,,,100270,100,,
2019-06-28 09:54:20.000000000,99730,201,99547,201,99846,198,99528,298,99930,198,99466,198,99992,100,99076,100,100024,100,98979,100,100068,100,98639,100,100081,100,,,100136,100,,,100143,100,,,100270,100,,
2019-06-28 09:54:30.000000000,99730,248,99547,248,99846,248,99528,348,99930,100,99466,100,99992,100,99076,100,100024,100,98979,100,100068,100,98639,100,100081,100,,,100136,100,,,100143,100,,,100270,100,,
2019-06-28 09:54:40.000000000,99730,159,99547,159,99846,159,99528,259,99930,159,99466,159,99992,159,99076,159,100024,159,98979,159,100068,100,98639,100,100081,100,,,100136,100,,,100143,100,,,100270,100,,
2019-06-28 09:54:50.000000000,99730,248,99547,248,99846,248,99528,348,99930,100,99466,100,99992,100,99076,100,100024,100,98979,100,100068,100,98639,100,100081,100,,,100136,100,,,100143,100,,,100270,100,,
2019-06-28 09:54:55.665137171,99730,148,99547,248,99846,248,99528,348,99930,100,99466,100,99992,100,99076,100,100024,100,98979,100,100068,100,98639,100,100081,100,,,100136,100,,,100143,100,,,100270,100,,
2019-06-28 09:55:00.000000000,99846,174,99547,174,99930,174,99528,274,99992,174,99466,174,100024,174,99076,174,100068,100,98979,100,100081,100,98639,100,100136,100,,,100143,100,,,100270,100,,,100278,100,,
2019-06-28 09:55:10.000000000,99846,396,99547,396,99930,100,99528,200,99992,100,99466,100,100024,100,99076,100,100068,100,98979,100,100081,100,98639,100,100136,100,,,100143,100,,,100270,100,,,100278,100,,
2019-06-28 09:55:10.324349517,99846,296,99547,396,99930,100,99528,200,99992,100,99466,100,100024,100,99076,100,100068,100,98979,100,100081,100,98639,100,100136,100,,,100143,100,,,100270,100,,,100278,100,,
2019-06-28 09:55:20.000000000,99930,248,99547,248,99992,248,99528,348,100024,100,99466,100,100068,100,99076,100,100081,100,98979,100,100136,100,98639,100,100143,100,,,100270,100,,,100278,100,,,100359,100,,
2019-06-28 09:55:30.000000000,99930,201,99547,201,99992,198,99528,298,100024,198,99466,198,100068,100,99076,100,100081,100,98979,100,100136,100,98639,100,100143,100,,,100270,100,,,100278,100,,,100359,100,,
2019-06-28 09:55:40.000000000,99930,201,99547,201,99992,198,99528,298,100024,198,99466,198,100068,100,99076,100,100081,100,98979,100,100136,100,98639,100,100143,100,,,100270,100,,,100278,100,,,100359,100,,
2019-06-28 09:55:50.000000000,99930,201,99547,201,99992,198,99528,298,100024,198,99466,198,100068,100,99076,100,100081,100,98979,100,100136,100,98639,100,100143,100,,,100270,100,,,100278,100,,,100359,100,,
2019-06-28 09:55:54.405452939,99930,201,99730,100,99992,198,99547,201,100024,198,99528,298,100068,100,99466,198,100081,100,99076,100,100136,100,98979,100,100143,100,98639,100,100270,100,,,100278,100,,,100359,100,,
2019-06-28 09:56:00.000000000,99930,248,99730,248,99992,248,99547,248,100024,100,99528,200,100068,100,99466,100,100081,100,99076,100,100136,100,98979,100,100143,100,98639,100,100270,100,,,100278,100,,,100359,100,,
2019-06-28 09:56:09.823053035,99930,248,99730,348,99992,248,99547,248,100024,100,99528,200,100068,100,99466,100,100081,100,99076,100,100136,100,98979,100,100143,100,98639,100,100270,100,,,100278,100,,,100359,100,,
2019-06-28 09:56:10.000000000,99930,201,99730,301,99992,198,99547,198,100024,198,99528,298,100068,100,99466,100,100081,100,99076,100,100136,100,98979,100,100143,100,98639,100,100270,100,,,100278,100,,,100359,100,,
2019-06-28 09:56:14.694832700,99930,201,99730,301,99992,198,99547,198,100024,198,99528,298,100068,100,99466,100,100081,100,99076,100,100136,100,98979,100,100143,100,98639,100,100270,100,,,100278,100,,,100359,100,,
2019-06-28 09:56:20.000000000,99930,396,99730,496,99992,100,99547,100,100024,100,99528,200,100068,100,99466,100,100081,100,99076,100,100136,100,98979,100,100143,100,98639,100,100270,100,,,100278,100,,,100359,100,,
2019-06-28 09:56:21.244402070,99930,396,99730,496,99992,100,99547,100,100024,100,99528,200,100068,100,99466,100,100081,100,99076,100,100136,100,98979,100,100143,100,98639,100,100278,100,,,100359,100,,,100706,100,,
2019-06-28 09:56:30.000000000,99930,174,99730,274,99992,174,99547,174,100024,174,99528,274,100068,174,99466,174,100081,100,99076,100,100136,100,98979,100,100143,100,98639,100,100278,100,,,100359,100,,,100706,100,,
2019-06-28 09:56:40.000000000,99930,248,99730,348,99992,248,99547,248,100024,100,99528,200,100068,100,99466,100,100081,100,99076,100,100136,100,98979,100,100143,100,98639,100,100278,100,,,100359,100,,,100706,100,,
2019-06-28 09:56:44.573356698,99930,248,99730,348,99992,248,99547,248,100024,100,99528,200,100068,100,99076,100,100081,100,98979,100,100136,100,98639,100,100143,100,,,100278,100,,,100359,100,,,100706,100,,
2019-06-28 09:56:46.555128796,99930,148,99730,348,99992,248,99547,248,100024,100,99528,200,100068,100,99076,100,100081,100,98979,100,100136,100,98639,100,100143,100,,,100278,100,,,100359,100,,,100706,100,,
2019-06-28 09:56:50.000000000,99992,396,99730,496,100024,100,99547,100,100068,100,99528,200,100081,100,99076,100,100136,100,98979,100,100143,100,98639,100,100278,100,,,100359,100,,,100706,100,,,100768,100,,
2019-06-28 09:57:00.000000000,99992,174,99730,274,100024,174,99547,174,100068,174,99528,274,100081,174,99076,174,100136,100,98979,100,100143,100,98639,100,100278,100,,,100359,100,,,100706,100,,,100768,100,,
2019-06-28 09:57:10.000000000,99992,159,99730,259,100024,159,99547,159,100068,159,99528,259,100081,159,99076,159,100136,159,98979,159,100143,100,98639,100,100278,100,,,100359,100,,,100706,100,,,100768,100,,
2019-06-28 09:57:10.083378025,99992,159,99730,259,100024,159,99547,159,100068,159,99528,259,100081,159,99076,159,100136,159,98979,159,100143,100,98639,100,100278,100,,,100359,100,,,100706,100,,,100768,100,,
2019-06-28 09:57:20.000000000,99992,174,99730,274,100024,174,99547,174,100068,174,99528,274,100081,174,99076,174,100136,100,98979,100,100143,100,98639,100,100278,100,,,100359,100,,,100706,100,,,100768,100,,
2019-06-28 09:57:30.000000000,99992,174,99730,274,100024,174,99547,174,100068,174,99528,274,100081,174,99076,174,100136,100,98979,100,100143,100,98639,100,100278,100,,,100359,100,,,100706,100,,,100768,100,,
2019-06-28 09:57:40.000000000,99992,174,99730,274,100024,174,99547,174,100068,174,99528,274,100081,174,99076,174,100136,100,98979,100,100143,100,98639,100,100278,100,,,100359,100,,,100706,100,,,100768,100,,
2019-06-28 09:57:50.000000000,99992,396,99730,496,100024,100,99547,100,100068,100,99528,200,100081,100,99076,100,100136,100,98979,100,100143,100,98639,100,100278,100,,,100359,100,,,100706,100,,,100768,100,,
2019-06-28 09:58:00.000000000,99992,248,99730,348,100024,248,99547,248,100068,100,99528,200,100081,100,99076,100,100136,100,98979,100,100143,100,98639,100,100278,100,,,100359,100,,,100706,100,,,100768,100,,
2019-06-28 09:58:03.675606716,99992,148,99730,348,100024,248,99547,248,100068,100,99528,200,100081,100,99076,100,100136,100,98979,100,100143,100,98639,100,100278,100,,,100359,100,,,100706,100,,,100768,100,,
2019-06-28 09:58:10.000000000,100024,396,99730,496,100068,100,99547,100,100081,100,99528,200,100136,100,99076,100,100143,100,98979,100,100278,100,98639,100,100359,100,,,100706,100,,,100768,100,,,100920,100,,
2019-06-28 09:58:20.000000000,100024,396,99730,496,100068,100,99547,100,100081,100,99528,200,100136,100,99076,100,100143,100,98979,100,100278,100,98639,100,100359,100,,,100706,100,,,100768,100,,,100920,100,,
2019-06-28 09:58:30.000000000,100024,201,99730,301,100068,198,99547,198,100081,198,99528,298,100136,100,99076,100,100143,100,98979,100,100278,100,98639,100,100359,100,,,100706,100,,,100768,100,,,100920,100,,
2019-06-28 09:58:31.671545348,100024,201,99730,301,100068,198,99547,198,100081,198,99528,298,100136,100,99076,100,100143,100,98979,100,100278,100,98639,100,100359,100,,,100706,100,,,100768,100,,,100861,100,,
2019-06-28 09:58:40.000000000,100024,174,99730,274,100068,174,99547,174,100081,174,99528,274,100136,174,99076,174,100143,100,98979,100,100278,100,98639,100,100359,100,,,100706,100,,,100768,100,,,100861,100,,
2019-06-28 09:58:50.000000000,100024,248,99730,348,100068,248,99547,248,100081,100,99528,200,100136,100,99076,100,100143,100,98979,100,100278,100,98639,100,100359,100,,,100706,100,,,100768,100,,,100861,100,,
2019-06-28 09:58:52.603637362,100024,148,99730,348,100068,248,99547,248,100081,100,99528,200,100136,100,99076,100,100143,100,98979,100,100278,100,98639,100,100359,100,,,100706,100,,,100768,100,,,100861,100,,
2019-06-28 09:59:00.000000000,100068,396,99730,496,100081,100,99547,100,100136,100,99528,200,100143,100,99076,100,100278,100,98979,100,100359,100,98639,100,100706,100,,,100768,100,,,100861,100,,,100920,100,,
2019-06-28 09:59:01.272859105,100068,396,99730,496,100081,100,99547,100,100136,100,99528,200,100143,100,99076,100,100278,100,98979,100,100359,100,98639,100,100706,100,,,100750,100,,,100768,100,,,100861,100,,
2019-06-28 09:59:10.000000000,100068,174,99730,274,100081,174,99547,174,100136,174,99528,274,100143,174,99076,174,100278,100,98979,100,100359,100,98639,100,100706,100,,,100750,100,,,100768,100,,,100861,100,,
2019-06-28 09:59:11.177174272,100068,174,99730,274,100081,174,99547,174,100136,174,99528,174,100143,174,99076,174,100278,100,98979,100,100359,100,98639,100,100706,100,,,100750,100,,,100768,100,,,100861,100,,
2019-06-28 09:59:20.000000000,100068,174,99730,274,100081,174,99547,174,100136,174,99528,174,100143,174,99076,174,100278,100,98979,100,100359,100,98639,100,100706,100,,,100750,100,,,100768,100,,,100861,100,,
2019-06-28 09:59:26.324339793,100068,174,99730,274,100081,174,99547,174,100136,174,99528,174,100143,174,99076,174,100278,100,98979,100,100359,100,98639,100,100706,100,,,100750,100,,,100768,100,,,100861,100,,
2019-06-28 09:59:30.000000000,100068,396,99730,496,100081,100,99547,100,100136,100,99528,100,100143,100,99076,100,100278,100,98979,100,100359,100,98639,100,100706,100,,,100750,100,,,100768,100,,,100861,100,,
2019-06-28 09:59:34.515722053,100068,396,99730,496,100081,100,99547,100,100136,100,99528,100,100143,100,99076,100,100278,100,98979,100,100359,100,98639,100,100706,100,,,100750,100,,,100768,100,,,100861,100,,
2019-06-28 09:59:37.847701578,100068,396,99730,496,100081,100,99547,100,100136,100,99528,100,100143,100,99076,100,100278,100,98979,100,100359,100,98639,100,100706,100,,,100750,100,,,100768,100,,,100861,100,,
2019-06-28 09:59:40.000000000,100068,159,99730,259,100081,159,99547,159,100136,159,99528,159,100143,159,99076,159,100278,159,98979,159,100359,100,98639,100,100706,100,,,100750,100,,,100768,100,,,100861,100,,
2019-06-28 09:59:47.177864482,100068,59,99730,259,100081,159,99547,159,100136,159,99528,159,100143,159,99076,159,100278,159,98979,159,100359,100,98639,100,100706,100,,,100750,100,,,100768,100,,,100861,100,,
2019-06-28 09:59:50.000000000,100081,174,99730,274,100136,174,99547,174,100143,174,99528,174,100278,174,99076,174,100359,100,98979,100,100706,100,98639,100,100750,100,,,100768,100,,,100861,100,,,100892,100,,
2019-06-28 09:59:54.785993801,100081,74,99730,274,100136,174,99547,174,100143,174,99528,174,100278,174,99076,174,100359,100,98979,100,100706,100,98639,100,100750,100,,,100768,100,,,100861,100,,,100892,100,,
2019-06-28 10:00:00.000000000,100136,396,99730,496,100143,100,99547,100,100278,100,99528,100,100359,100,99076,100,100706,100,98979,100,100750,100,98639,100,100768,100,,,100861,100,,,100892,100,,,100920,100,,
2019-06-28 10:00:10.000000000,100136,174,99730,274,100143,174,99547,174,100278,174,99528,174,100359,174,99076,174,100706,100,98979,100,100750,100,98639,100,100768,100,,,100861,100,,,100892,100,,,100920,100,,
2019-06-28 10:00:11.185057816,100136,74,99730,274,100143,174,99547,174,100278,174,99528,174,100359,174,99076,174,100706,100,98979,100,100768,100,98639,100,100861,100,,,100892,100,,,100920,100,,,101011,100,,
2019-06-28 10:00:20.000000000,100143,201,99730,301,100278,198,99547,198,100359,198,99528,198,100706,100,99076,100,100768,100,98979,100,100861,100,98639,100,100892,100,,,100920,100,,,101011,100,,,101032,100,,
2019-06-28 10:00:22.364296880,100143,201,99730,301,100278,198,99547,198,100359,98,99528,198,100648,100,99076,100,100706,100,98979,100,100768,100,98639,100,100861,100,,,100892,100,,,100920,100,,,101011,100,,
2019-06-28 10:00:30.000000000,100143,174,99730,274,100278,174,99547,174,100648,174,99528,174,100706,174,99076,174,100768,100,98979,100,100861,100,98639,100,100892,100,,,100920,100,,,101011,100,,,101032,100,,
2019-06-28 10:00:39.536004817,100143,174,99730,174,100278,174,99547,174,100648,174,99528,174,100706,174,99076,174,100768,100,98979,100,100861,100,98639,100,100892,100,,,100920,100,,,101011,100,,,101032,100,,
2019-06-28 10:00:40.000000000,100143,159,99730,159,100278,159,99547,159,100648,159,99528,159,100706,159,99076,159,100768,159,98979,159,100861,100,98639,100,100892,100,,,100920,100,,,101011,100,,,101032,100,,
2019-06-28 10:00:46.999994250,100143,59,99730,159,100278,159,99547,159,100648,159,99528,159,100706,159,99076,159,100768,159,98979,159,100861,100,98639,100,100892,100,,,100920,100,,,101011,100,,,101032,100,,
2019-06-28 10:00:50.000000000,100278,201,99730,201,100648,198,99547,198,100706,198,99528,198,100768,100,99076,100,100861,100,98979,100,100892,100,98639,100,100920,100,,,101011,100,,,101032,100,,,101126,100,,
2019-06-28 10:01:00.000000000,100278,248,99730,248,100648,248,99547,248,100706,100,99528,100,100768,100,99076,100,100861,100,98979,100,100892,100,98639,100,100920,100,,,101011,100,,,101032,100,,,101126,100,,
2019-06-28 10:01:04.349559702,100278,148,99730,248,100648,248,99547,248,100706,100,99528,100,100768,100,99076,100,100861,100,98979,100,100892,100,98639,100,100920,100,,,101011,100,,,101032,100,,,101126,100,,
2019-06-28 10:01:07.111498262,100278,148,99730,248,100648,248,99547,248,100706,100,99528,100,100768,100,99076,100,100857,100,98979,100,100861,100,98639,100,100892,100,,,100920,100,,,101011,100,,,101032,100,,
2019-06-28 10:01:10.000000000,100648,248,99730,248,100706,248,99547,248,100768,100,99528,100,100857,100,99076,100,100861,100,98979,100,100892,100,98639,100,100920,100,,,101011,100,,,101032,100,,,101126,100,,
2019-06-28 10:01:20.000000000,100648,201,99730,201,100706,198,99547,198,100768,198,99528,198,100857,100,99076,100,100861,100,98979,100,100892,100,98639,100,100920,100,,,101011,100,,,101032,100,,,101126,100,,
2019-06-28 10:01:30.000000000,100648,201,99730,201,100706,198,99547,198,100768,198,99528,198,100857,100,99076,100,100861,100,98979,100,100892,100,98639,100,100920,100,,,101011,100,,,101032,100,,,101126,100,,
2019-06-28 10:01:40.000000000,100648,248,99730,248,100706,248,99547,248,100768,100,99528,100,100857,100,99076,100,100861,100,98979,100,100892,100,98639,100,100920,100,,,101011,100,,,101032,100,,,101126,100,,
2019-06-28 10:01:48.109074537,100648,248,100143,100,100706,248,99730,148,100768,100,99547,248,100857,100,99528,100,100861,100,99076,100,100892,100,98979,100,100920,100,98639,100,101011,100,,,101032,100,,,101126,100,,
2019-06-28 10:01:50.000000000,100648,174,100143,174,100706,174,99547,174,100768,174,99528,174,100857,174,99076,174,100861,100,98979,100,100892,100,98639,100,100920,100,,,101011,100,,,101032,100,,,101126,100,,
2019-06-28 10:01:55.236587161,100648,74,100143,174,100706,174,99547,174,100768,174,99528,174,100857,174,99076,174,100861,100,98979,100,100892,100,98639,100,100920,100,,,100954,100,,,101011,100,,,101032,100,,
2019-06-28 10:02:00.000000000,100706,174,100143,174,100768,174,99547,174,100857,174,99528,174,100861,174,99076,174,100892,100,98979,100,100920,100,98639,100,100954,100,,,101011,100,,,101032,100,,,101126,100,,
2019-06-28 10:02:00.322052351,100706,74,100143,174,100768,174,99547,174,100857,174,99528,174,100861,174,99076,174,100892,100,98979,100,100920,100,98639,100,100954,100,,,101011,100,,,101032,100,,,101126,100,,
2019-06-28 10:02:01.324692412,100768,174,100706,26,100857,174,100143,174,100861,174,99547,174,100892,100,99528,174,100920,100,99076,174,100954,100,98979,100,101011,100,98639,100,101032,100,,,101126,100,,,,,,
2019-06-28 10:02:10.000000000,100768,396,100706,322,100857,100,100143,100,100861,100,99547,100,100892,100,99528,100,100920,100,99076,100,100954,100,98979,100,101011,100,98639,100,101032,100,,,101126,100,,,,,,
2019-06-28 10:02:20.000000000,100768,201,100706,127,100857,198,100143,198,100861,198,99547,198,100892,100,99528,100,100920,100,99076,100,100954,100,98979,100,101011,100,98639,100,101032,100,,,101126,100,,,,,,
2019-06-28 10:02:26.173344719,100768,101,100706,127,100857,198,100143,198,100861,198,99547,198,100892,100,99528,100,100920,100,99076,100,100954,100,98979,100,101011,100,98639,100,101032,100,,,101126,100,,,,,,
2019-06-28 10:02:30.000000000,100857,201,100706,127,100861,198,100143,198,100892,198,99547,198,100920,100,99528,100,100954,100,99076,100,101011,100,98979,100,101032,100,98639,100,101126,100,,,,,,,,,,
2019-06-28 10:02:35.658250917,100857,101,100706,127,100861,198,100143,198,100892,198,99547,198,100920,100,99528,100,100954,100,99076,100,101011,100,98979,100,101032,100,98639,100,101126,100,,,,,,,,,,
2019-06-28 10:02:40.000000000,100861,174,100706,100,100892,174,100143,174,100920,174,99547,174,100954,174,99528,174,101011,100,99076,100,101032,100,98979,100,101126,100,98639,100,,,,,,,,,,,,
2019-06-28 10:02:50.000000000,100861,248,100706,174,100892,248,100143,248,100920,100,99547,100,100954,100,99528,100,101011,100,99076,100,101032,100,98979,100,101126,100,98639,100,,,,,,,,,,,,
2019-06-28 10:02:52.097187671,100861,148,100706,174,100892,248,100143,248,100920,100,99547,100,100954,100,99528,100,101011,100,99076,100,101032,100,98979,100,101126,100,98639,100,,,,,,,,,,,,
2019-06-28 10:03:00.000000000,100892,159,100706,85,100920,159,100143,159,100954,159,99547,159,101011,159,99528,159,101032,159,99076,159,101126,100,98979,100,,,98639,100,,,,,,,,,,,,
2019-06-28 10:03:10.000000000,100892,201,100706,127,100920,198,100143,198,100954,198,99547,198,101011,100,99528,100,101032,100,99076,100,101126,100,98979,100,,,98639,100,,,,,,,,,,,,
2019-06-28 10:03:16.784970607,100892,101,100706,127,100920,198,100143,198,100954,198,99547,198,101011,100,99528,100,101032,100,99076,100,101126,100,98979,100,,,,,,,,,,,,,,,,
2019-06-28 10:03:20.000000000,100920,159,100706,85,100954,159,100143,159,101011,159,99547,159,101032,159,99528,159,101126,159,99076,159,,,98979,100,,,,,,,,,,,,,,,,
2019-06-28 10:03:27.156979216,100920,159,100706,85,100954,159,100143,159,101011,159,99547,159,101032,159,99528,159,101126,159,99076,159,101564,100,98979,100,,,,,,,,,,,,,,,,
2019-06-28 10:03:30.000000000,100920,248,100706,174,100954,248,100143,248,101011,100,99547,100,101032,100,99528,100,101126,100,99076,100,101564,100,98979,100,,,,,,,,,,,,,,,,
2019-06-28 10:03:40.000000000,100920,201,100706,127,100954,198,100143,198,101011,198,99547,198,101032,100,99528,100,101126,100,99076,100,101564,100,98979,100,,,,,,,,,,,,,,,,
2019-06-28 10:03:43.173489150,100920,1,100706,127,100954,198,100143,198,101011,198,99547,198,101032,100,99528,100,101126,100,99076,100,101564,100,98979,100,,,,,,,,,,,,,,,,
2019-06-28 10:03:50.000000000,100954,159,100706,85,101011,159,100143,159,101032,159,99547,159,101126,159,99528,159,101564,159,99076,159,,,98979,100,,,,,,,,,,,,,,,,
2019-06-28 10:03:54.407304786,100954,159,100706,85,101011,159,100143,159,101032,159,99547,159,101126,159,99528,159,101564,159,99076,159,101824,100,98979,100,,,,,,,,,,,,,,,,
2019-06-28 10:04:00.000000000,100954,159,100706,85,101011,159,100143,159,101032,159,99547,159,101126,159,99528,159,101564,159,99076,159,101824,100,98979,100,,,,,,,,,,,,,,,,
2019-06-28 10:04:10.000000000,100954,248,100706,174,101011,248,100143,248,101032,100,99547,100,101126,100,99528,100,101564,100,99076,100,101824,100,98979,100,,,,,,,,,,,,,,,,
2019-06-28 10:04:20.000000000,100954,201,100706,127,101011,198,100143,198,101032,198,99547,198,101126,100,99528,100,101564,100,99076,100,101824,100,98979,100,,,,,,,,,,,,,,,,
2019-06-28 10:04:26.392506798,100954,201,100706,127,101011,198,100143,198,101032,198,99547,198,101113,100,99528,100,101126,100,99076,100,101564,100,98979,100,101824,100,,,,,,,,,,,,,,
2019-06-28 10:04:30.000000000,100954,159,100706,85,101011,159,100143,159,101032,159,99547,159,101113,159,99528,159,101126,159,99076,159,101564,100,98979,100,101824,100,,,,,,,,,,,,,,
2019-06-28 10:04:36.786703027,100954,59,100706,85,101011,159,100143,159,101032,159,99547,159,101113,59,99528,159,101126,159,99076,159,101564,100,98979,100,101824,100,,,,,,,,,,,,,,
2019-06-28 10:04:40.000000000,101011,201,100706,127,101032,198,100143,198,101126,198,99547,198,101564,100,99528,100,101824,100,99076,100,,,98979,100,,,,,,,,,,,,,,,,
2019-06-28 10:04:50.000000000,101011,396,100706,322,101032,100,100143,100,101126,100,99547,100,101564,100,99528,100,101824,100,99076,100,,,98979,100,,,,,,,,,,,,,,,,
2019-06-28 10:05:00.000000000,101011,174,100706,100,101032,174,100143,174,101126,174,99547,174,101564,174,99528,174,101824,100,99076,100,,,98979,100,,,,,,,,,,,,,,,,
2019-06-28 10:05:10.000000000,101011,159,100706,85,101032,159,100143,159,101126,159,99547,159,101564,159,99528,159,101824,159,99076,159,,,98979,100,,,,,,,,,,,,,,,,
2019-06-28 10:05:20.000000000,101011,201,100706,127,101032,198,100143,198,101126,198,99547,198,101564,100,99528,100,101824,100,99076,100,,,98979,100,,,,,,,,,,,,,,,,
2019-06-28 10:05:30.000000000,101011,248,100706,174,101032,248,100143,248,101126,100,99547,100,101564,100,99528,100,101824,100,99076,100,,,98979,100,,,,,,,,,,,,,,,,
2019-06-28 10:05:40.000000000,101011,159,100706,85,101032,159,100143,159,101126,159,99547,159,101564,159,99528,159,101824,159,99076,159,,,98979,100,,,,,,,,,,,,,,,,
2019-06-28 10:05:50.000000000,101011,159,100706,85,101032,159,100143,159,101126,159,99547,159,101564,159,99528,159,101824,159,99076,159,,,98979,100,,,,,,,,,,,,,,,,
2019-06-28 10:06:00.000000000,101011,159,100706,85,101032,159,100143,159,101126,159,99547,159,101564,159,99528,159,101824,159,99076,159,,,98979,100,,,,,,,,,,,,,,,,
2019-06-28 10:06:10.000000000,101011,396,100706,322,101032,100,100143,100,101126,100,99547,100,101564,100,99528,100,101824,100,99076,100,,,98979,100,,,,,,,,,,,,,,,,
2019-06-28 10:06:20.000000000,101011,248,100706,174,101032,248,100143,248,101126,100,99547,100,101564,100,99528,100,101824,100,99076,100,,,98979,100,,,,,,,,,,,,,,,,
2019-06-28 10:06:30.000000000,101011,201,100706,127,101032,198,100143,198,101126,198,99547,198,101564,100,99528,100,101824,100,99076,100,,,98979,100,,,,,,,,,,,,,,,,
2019-06-28 10:06:40.000000000,101011,248,100706,174,101032,248,100143,248,101126,100,99547,100,101564,100,99528,100,101824,100,99076,100,,,98979,100,,,,,,,,,,,,,,,,
2019-06-28 10:06:50.000000000,101011,201,100706,127,101032,198,100143,198,101126,198,99547,198,101564,100,99528,100,101824,100,99076,100,,,98979,100,,,,,,,,,,,,,,,,
2019-06-28 10:07:00.000000000,101011,174,100706,100,101032,174,100143,174,101126,174,99547,174,101564,174,99528,174,101824,100,99076,100,,,98979,100,,,,,,,,,,,,,,,,
2019-06-28 10:07:10.000000000,101011,201,100706,127,101032,198,100143,198,101126,198,99547,198,101564,100,99528,100,101824,100,99076,100,,,98979,100,,,,,,,,,,,,,,,,
2019-06-28 10:07:18.578525923,100893,100,100706,127,101011,201,100143,198,101032,198,99547,198,101126,198,99528,100,101564,100,99076,100,101824,100,98979,100,,,,,,,,,,,,,,,,
2019-06-28 10:07:20.000000000,100893,174,100706,100,101011,174,100143,174,101032,174,99547,174,101126,174,99528,174,101564,100,99076,100,101824,100,98979,100,,,,,,,,,,,,,,,,
2019-06-28 10:07:30.000000000,100893,201,100706,127,101011,198,100143,198,101032,198,99547,198,101126,100,99528,100,101564,100,99076,100,101824,100,98979,100,,,,,,,,,,,,,,,,
2019-06-28 10:07:40.000000000,100893,248,100706,174,101011,248,100143,248,101032,100,99547,100,101126,100,99528,100,101564,100,99076,100,101824,100,98979,100,,,,,,,,,,,,,,,,
2019-06-28 10:07:46.230681868,100893,248,100706,174,101011,248,100143,248,101032,100,99547,100,101077,100,99528,100,101126,100,99076,100,101564,100,98979,100,101824,100,,,,,,,,,,,,,,
2019-06-28 10:07:50.000000000,100893,174,100706,100,101011,174,100143,174,101032,174,99547,174,101077,174,99528,174,101126,100,99076,100,101564,100,98979,100,101824,100,,,,,,,,,,,,,,
2019-06-28 10:07:53.645155465,100893,174,100706,100,100969,100,100143,174,101011,174,99547,174,101032,174,99528,174,101077,174,99076,100,101126,100,98979,100,101564,100,,,101824,100,,,,,,,,,,
2019-06-28 10:08:00.000000000,100893,159,100706,85,100969,159,100143,159,101011,159,99547,159,101032,159,99528,159,101077,159,99076,159,101126,100,98979,100,101564,100,,,101824,100,,,,,,,,,,
2019-06-28 10:08:01.907372055,100893,159,100706,85,100919,100,100143,159,100969,159,99547,159,101011,159,99528,159,101032,159,99076,159,101077,159,98979,100,101126,100,,,101564,100,,,101824,100,,,,,,
2019-06-28 10:08:03.132846872,100893,159,100706,85,100919,200,100143,159,100969,159,99547,159,101011,159,99528,159,101032,159,99076,159,101077,159,98979,100,101126,100,,,101564,100,,,101824,100,,,,,,
2019-06-28 10:08:10.000000000,100893,201,100706,127,100919,298,100143,198,100969,198,99547,198,101011,100,99528,100,101032,100,99076,100,101077,100,98979,100,101126,100,,,101564,100,,,101824,100,,,,,,
2019-06-28 10:08:10.358027302,100893,201,100706,127,100919,398,100143,198,100969,198,99547,198,101011,100,99528,100,101032,100,99076,100,101077,100,98979,100,101126,100,,,101564,100,,,101824,100,,,,,,
2019-06-28 10:08:16.331132232,100893,201,100874,100,100919,398,100706,127,100969,198,100143,198,101011,100,99547,198,101032,100,99528,100,101077,100,99076,100,101126,100,98979,100,101564,100,,,101824,100,,,,,,
2019-06-28 10:08:20.000000000,100893,396,100874,396,100919,300,100706,26,100969,100,100143,100,101011,100,99547,100,101032,100,99528,100,101077,100,99076,100,101126,100,98979,100,101564,100,,,101824,100,,,,,,
2019-06-28 10:08:25.071408002,100893,296,100874,396,100919,300,100706,26,100969,100,100143,100,101011,100,99547,100,101032,100,99528,100,101077,100,99076,100,101126,100,98979,100,101564,100,,,101824,100,,,,,,
2019-06-28 10:08:30.000000000,100919,374,100874,174,100969,174,100706,100,101011,174,100143,174,101032,174,99547,174,101077,100,99528,100,101126,100,99076,100,101564,100,98979,100,101824,100,,,,,,,,,,
2019-06-28 10:08:30.208245935,100919,274,100874,174,100969,174,100706,100,101011,174,100143,174,101032,174,99547,174,101077,100,99528,100,101126,100,99076,100,101564,100,98979,100,101824,100,,,,,,,,,,
2019-06-28 10:08:30.311704443,100919,274,100874,174,100969,174,100706,100,101011,174,100143,174,101032,174,99547,174,101077,100,99528,100,101126,100,99076,100,101148,100,98979,100,101564,100,,,101824,100,,,,,,
2019-06-28 10:08:31.612719418,100919,274,100874,174,100969,174,100706,100,101011,174,100143,174,101032,174,99547,174,101077,100,99528,100,101111,100,99076,100,101126,100,98979,100,101148,100,,,101564,100,,,101824,100,,
2019-06-28 10:08:39.144919358,100919,274,100874,174,100969,174,100706,100,101011,174,100143,174,101032,174,99547,174,101077,100,99528,100,101111,100,99076,100,101126,100,98979,100,101148,100,,,101168,100,,,101564,100,,
2019-06-28 10:08:40.000000000,100919,301,100874,201,100969,198,100706,124,101011,198,100143,198,101032,100,99547,100,101077,100,99528,100,101111,100,99076,100,101126,100,98979,100,101148,100,,,101168,100,,,101564,100,,
2019-06-28 10:08:50.000000000,100919,274,100874,174,100969,174,100706,100,101011,174,100143,174,101032,174,99547,174,101077,100,99528,100,101111,100,99076,100,101126,100,98979,100,101148,100,,,101168,100,,,101564,100,,
2019-06-28 10:08:54.942165880,100919,274,100874,174,100969,174,100706,100,101011,174,100143,174,101032,174,99547,174,101077,100,99528,100,101111,100,99076,100,101126,100,98979,100,101148,100,,,101168,100,,,101564,100,,
2019-06-28 10:09:00.000000000,100919,274,100874,174,100969,174,100706,100,101011,174,100143,174,101032,174,99547,174,101077,100,99528,100,101111,100,99076,100,101126,100,98979,100,101148,100,,,101168,100,,,101564,100,,
2019-06-28 10:09:06.736050883,100919,274,100874,174,100969,174,100706,100,101011,174,100143,174,101032,174,99547,174,101077,100,99528,100,101111,100,99076,100,101126,100,98979,100,101148,100,,,101168,100,,,101303,100,,
2019-06-28 10:09:10.000000000,100919,301,100874,201,100969,198,100706,124,101011,198,100143,198,101032,100,99547,100,101077,100,99528,100,101111,100,99076,100,101126,100,98979,100,101148,100,,,101168,100,,,101303,100,,
2019-06-28 10:09:18.004630850,100919,201,100874,201,100969,198,100706,124,101011,198,100143,198,101032,100,99547,100,101077,100,99528,100,101111,100,99076,100,101126,100,98979,100,101148,100,,,101168,100,,,101303,100,,
2019-06-28 10:09:20.000000000,100919,201,100874,201,100969,198,100706,124,101011,198,100143,198,101032,100,99547,100,101077,100,99528,100,101111,100,99076,100,101126,100,98979,100,101148,100,,,101168,100,,,101303,100,,
2019-06-28 10:09:27.674696120,100919,101,100874,201,100969,198,100706,124,101011,198,100143,198,101032,100,99547,100,101077,100,99528,100,101111,100,99076,100,101126,100,98979,100,101148,100,,,101168,100,,,101303,100,,
2019-06-28 10:09:30.000000000,100969,174,100874,174,101011,174,100706,100,101032,174,100143,174,101077,174,99547,174,101111,100,99528,100,101126,100,99076,100,101148,100,98979,100,101168,100,,,101303,100,,,101609,100,,
2019-06-28 10:09:39.927392729,100969,174,100874,174,101011,174,100706,100,101032,174,100143,74,101077,174,99547,174,101111,100,99528,100,101126,100,99076,100,101148,100,98979,100,101168,100,,,101303,100,,,101609,100,,
2019-06-28 10:09:40.000000000,100969,174,100874,174,101011,174,100706,100,101032,174,99547,174,101077,174,99528,174,101111,100,99076,100,101126,100,98979,100,101148,100,,,101168,100,,,101303,100,,,101609,100,,
2019-06-28 10:09:50.000000000,100969,159,100874,159,101011,159,100706,85,101032,159,99547,159,101077,159,99528,159,101111,159,99076,159,101126,100,98979,100,101148,100,,,101168,100,,,101303,100,,,101609,100,,
2019-06-28 10:10:00.000000000,100969,159,100874,159,101011,159,100706,85,101032,159,99547,159,101077,159,99528,159,101111,159,99076,159,101126,100,98979,100,101148,100,,,101168,100,,,101303,100,,,101609,100,,
2019-06-28 10:10:10.000000000,100969,174,100874,174,101011,174,100706,100,101032,174,99547,174,101077,174,99528,174,101111,100,99076,100,101126,100,98979,100,101148,100,,,101168,100,,,101303,100,,,101609,100,,
2019-06-28 10:10:20.000000000,100969,174,100874,174,101011,174,100706,100,101032,174,99547,174,101077,174,99528,174,101111,100,99076,100,101126,100,98979,100,101148,100,,,101168,100,,,101303,100,,,101609,100,,
2019-06-28 10:10:30.000000000,100969,159,100874,159,101011,159,100706,85,101032,159,99547,159,101077,159,99528,159,101111,159,99076,159,101126,100,98979,100,101148,100,,,101168,100,,,101303,100,,,101609,100,,
2019-06-28 10:10:40.000000000,100969,396,100874,396,101011,100,100706,26,101032,100,99547,100,101077,100,99528,100,101111,100,99076,100,101126,100,98979,100,101148,100,,,101168,100,,,101303,100,,,101609,100,,
2019-06-28 10:10:43.309153231,100969,396,100874,396,101011,100,100706,26,101077,100,100610,100,101111,100,99547,100,101126,100,99528,100,101148,100,99076,100,101168,100,98979,100,101303,100,,,101609,100,,,101824,100,,
2019-06-28 10:10:46.804172803,100969,296,100874,396,101011,100,100706,26,101077,100,100610,100,101111,100,99547,100,101126,100,99528,100,101148,100,99076,100,101168,100,98979,100,101303,100,,,101609,100,,,101824,100,,
2019-06-28 10:10:50.000000000,101011,396,100874,396,101077,100,100706,26,101111,100,100610,100,101126,100,99547,100,101148,100,99528,100,101168,100,99076,100,101303,100,98979,100,101609,100,,,101824,100,,,,,,
2019-06-28 10:10:59.125959563,101011,396,100989,100,101077,100,100874,396,101111,100,100706,26,101126,100,100610,100,101148,100,99547,100,101168,100,99528,100,101303,100,99076,100,101609,100,98979,100,101824,100,,,,,,
2019-06-28 10:11:00.000000000,101011,201,100989,201,101077,198,100874,198,101111,198,100706,124,101126,100,100610,100,101148,100,99547,100,101168,100,99528,100,101303,100,99076,100,101609,100,98979,100,101824,100,,,,,,
2019-06-28 10:11:10.000000000,101011,396,100989,396,101077,100,100874,100,101111,100,100706,26,101126,100,100610,100,101148,100,99547,100,101168,100,99528,100,101303,100,99076,100,101609,100,98979,100,101824,100,,,,,,
2019-06-28 10:11:17.083667600,101011,396,100989,396,101077,100,100874,100,101126,100,100706,26,101148,100,100610,100,101168,100,100436,100,101303,100,99547,100,101609,100,99528,100,101824,100,99076,100,,,98979,100,,,,
2019-06-28 10:11:20.000000000,101011,396,100989,396,101077,100,100874,100,101126,100,100706,26,101148,100,100610,100,101168,100,100436,100,101303,100,99547,100,101609,100,99528,100,101824,100,99076,100,,,98979,100,,,,
2019-06-28 10:11:21.874451528,101011,396,100989,296,101077,100,100874,100,101126,100,100706,26,101148,100,100610,100,101168,100,100436,100,101303,100,99547,100,101609,100,99528,100,101824,100,99076,100,,,98979,100,,,,
2019-06-28 10:11:29.966913913,101011,396,100989,196,101077,100,100874,100,101126,100,100706,26,101148,100,100610,100,101168,100,100436,100,101303,100,99547,100,101609,100,99528,100,101824,100,99076,100,,,98979,100,,,,
2019-06-28 10:11:30.000000000,101011,396,100874,396,101077,100,100706,26,101126,100,100610,100,101148,100,100436,100,101168,100,99547,100,101303,100,99528,100,101609,100,99076,100,101824,100,98979,100,,,,,,,,
2019-06-28 10:11:40.000000000,101011,396,100874,396,101077,100,100706,26,101126,100,100610,100,101148,100,100436,100,101168,100,99547,100,101303,100,99528,100,101609,100,99076,100,101824,100,98979,100,,,,,,,,
2019-06-28 10:11:50.000000000,101011,174,100874,174,101077,174,100706,100,101126,174,100610,174,101148,174,100436,174,101168,100,99547,100,101303,100,99528,100,101609,100,99076,100,101824,100,98979,100,,,,,,,,
2019-06-28 10:12:00.000000000,101011,201,100874,201,101077,198,100706,124,101126,198,100610,198,101148,100,100436,100,101168,100,99547,100,101303,100,99528,100,101609,100,99076,100,101824,100,98979,100,,,,,,,,
2019-06-28 10:12:10.000000000,101011,248,100874,248,101077,248,100706,174,101126,100,100610,100,101148,100,100436,100,101168,100,99547,100,101303,100,99528,100,101609,100,99076,100,101824,100,98979,100,,,,,,,,
2019-06-28 10:12:18.179366494,100989,100,100874,248,101011,248,100706,174,101077,248,100610,100,101126,100,100436,100,101148,100,99547,100,101168,100,99528,100,101303,100,99076,100,101609,100,98979,100,101824,100,,,,,,
2019-06-28 10:12:20.000000000,100989,396,100874,396,101011,100,100706,26,101077,100,100610,100,101126,100,100436,100,101148,100,99547,100,101168,100,99528,100,101303,100,99076,100,101609,100,98979,100,101824,100,,,,,,
2019-06-28 10:12:24.903536650,100989,396,100874,296,101011,100,100706,26,101077,100,100610,100,101126,100,100436,100,101148,100,99547,100,101168,100,99528,100,101303,100,99076,100,101609,100,98979,100,101824,100,,,,,,
2019-06-28 10:12:30.000000000,100989,396,100706,322,101011,100,100610,100,101077,100,100436,100,101126,100,99547,100,101148,100,99528,100,101168,100,99076,100,101303,100,98979,100,101609,100,,,101824,100,,,,,,
2019-06-28 10:12:40.000000000,100989,248,100706,174,101011,248,100610,248,101077,100,100436,100,101126,100,99547,100,101148,100,99528,100,101168,100,99076,100,101303,100,98979,100,101609,100,,,101824,100,,,,,,
2019-06-28 10:12:50.000000000,100989,248,100706,174,101011,248,100610,248,101077,100,100436,100,101126,100,99547,100,101148,100,99528,100,101168,100,99076,100,101303,100,98979,100,101609,100,,,101824,100,,,,,,
2019-06-28 10:12:50.938876384,100989,248,100830,100,101011,248,100706,174,101077,100,100610,248,101126,100,100436,100,101148,100,99547,100,101168,100,99528,100,101303,100,99076,100,101609,100,98979,100,101824,100,,,,,,
2019-06-28 10:12:56.249941168,100903,100,100830,100,100989,248,100706,174,101011,248,100610,248,101077,100,100436,100,101126,100,99547,100,101148,100,99528,100,101168,100,99076,100,101303,100,98979,100,101609,100,,,101824,100,,
2019-06-28 10:13:00.000000000,100903,159,100830,159,100989,159,100706,85,101011,159,100610,159,101077,159,100436,159,101126,159,99547,159,101148,100,99528,100,101168,100,99076,100,101303,100,98979,100,101609,100,,,101824,100,,
2019-06-28 10:13:00.887718865,100903,159,100875,100,100989,159,100830,159,101011,159,100706,85,101077,159,100610,159,101126,159,100436,159,101148,100,99547,159,101168,100,99528,100,101303,100,99076,100,101609,100,98979,100,101824,100,,
2019-06-28 10:13:02.641684139,100903,159,100875,200,100989,159,100830,159,101011,159,100706,85,101077,159,100610,159,101126,159,100436,159,101148,100,99547,159,101168,100,99076,100,101303,100,98979,100,101609,100,,,101824,100,,
2019-06-28 10:13:09.027414290,100903,159,100875,200,100988,100,100830,159,100989,159,100706,85,101011,159,100610,159,101077,159,100436,159,101126,159,99547,159,101148,100,99076,100,101168,100,98979,100,101303,100,,,101609,100,,
2019-06-28 10:13:09.827950943,100903,159,100875,100,100988,100,100830,159,100989,159,100706,85,101011,159,100610,159,101077,159,100436,159,101126,159,99547,159,101148,100,99076,100,101168,100,98979,100,101303,100,,,101609,100,,
2019-06-28 10:13:10.000000000,100903,201,100875,201,100988,198,100830,198,100989,198,100706,124,101011,100,100610,100,101077,100,100436,100,101126,100,99547,100,101148,100,99076,100,101168,100,98979,100,101303,100,,,101609,100,,
2019-06-28 10:13:20.000000000,100903,248,100875,248,100988,248,100830,248,100989,100,100706,26,101011,100,100610,100,101077,100,100436,100,101126,100,99547,100,101148,100,99076,100,101168,100,98979,100,101303,100,,,101609,100,,
2019-06-28 10:13:28.557491584,100903,248,100875,248,100931,100,100830,248,100988,248,100706,26,100989,100,100610,100,101011,100,100436,100,101077,100,99547,100,101126,100,99076,100,101148,100,98979,100,101168,100,,,101303,100,,
