,ask_price_1,ask_size_1,bid_price_1,bid_size_1,ask_price_2,ask_size_2,bid_price_2,bid_size_2,ask_price_3,ask_size_3,bid_price_3,bid_size_3,ask_price_4,ask_size_4,bid_price_4,bid_size_4,ask_price_5,ask_size_5,bid_price_5,bid_size_5,ask_price_6,ask_size_6,bid_price_6,bid_size_6,ask_price_7,ask_size_7,bid_price_7,bid_size_7,ask_price_8,ask_size_8,bid_price_8,bid_size_8,ask_price_9,ask_size_9,bid_price_9,bid_size_9,ask_price_10,ask_size_10,bid_price_10,bid_size_10
2019-06-28 09:30:00.000000001,,,99916,100,,,,,,,,,,,,,,,,,,,,,,,,,,,,,,,,,,,,
2019-06-28 09:30:00.000000002,100016,100,99916,100,,,,,,,,,,,,,,,,,,,,,,,,,,,,,,,,,,,,
2019-06-28 09:30:00.000000004,100016,100,99916,100,,,99832,100,,,,,,,,,,,,,,,,,,,,,,,,,,,,,,,,
2019-06-28 09:30:00.000000005,100006,100,99916,100,100016,100,99832,100,100058,100,,,,,,,,,,,,,,,,,,,,,,,,,,,,,,
2019-06-28 09:30:00.000000006,99990,100,99917,100,100006,100,99916,100,100016,100,99832,100,100058,100,,,,,,,,,,,,,,,,,,,,,,,,,,
2019-06-28 09:30:00.000000007,99990,100,99919,100,100006,100,99917,100,100016,100,99916,100,100024,100,99832,100,100058,100,,,,,,,,,,,,,,,,,,,,,,
2019-06-28 09:30:00.000000008,99990,100,99919,100,100006,100,99917,100,100016,100,99916,100,100024,100,99907,100,100058,100,99832,100,100154,100,,,,,,,,,,,,,,,,,,
2019-06-28 09:30:00.000000012,99990,100,99987,100,100006,100,99919,100,100016,100,99917,100,100024,100,99916,100,100058,100,99907,100,100088,100,99832,100,100154,100,,,,,,,,,,,,,,
2019-06-28 09:30:00.000000013,99990,100,99987,100,100006,100,99919,100,100016,100,99917,100,100024,100,99916,100,100058,100,99907,100,100088,100,99832,100,100143,100,,,100154,100,,,,,,,,,,
2019-06-28 09:30:00.000000015,99990,100,99987,100,100006,100,99919,100,100016,100,99917,100,100024,100,99916,100,100058,100,99907,100,100084,100,99832,100,100088,100,,,100143,100,,,100154,100,,,100156,100,,
2019-06-28 09:30:00.000000021,99990,100,99987,100,100006,100,99919,100,100016,100,99917,100,100024,100,99916,100,100058,100,99907,100,100074,100,99893,100,100084,100,99832,100,100088,100,,,100143,100,,,100154,100,,
2019-06-28 09:30:00.000000024,99990,100,99987,100,100006,100,99919,100,100016,100,99917,100,100024,100,99916,100,100058,100,99915,100,100074,100,99907,100,100084,100,99893,100,100088,100,99832,100,100143,100,,,100154,100,,
2019-06-28 09:30:00.000000028,99990,100,99987,100,100006,100,99919,100,100016,100,99917,100,100024,100,99916,100,100058,100,99915,100,100074,100,99907,100,100084,100,99893,100,100088,100,99832,100,100109,100,,,100143,100,,
2019-06-28 09:30:00.000000030,99990,100,99987,100,100006,100,99919,100,100016,100,99917,100,100024,100,99916,100,100058,100,99915,100,100074,100,99907,100,100084,100,99893,100,100088,100,99832,100,100109,100,,,100143,100,,
2019-06-28 09:30:00.000000031,99990,100,99987,100,100006,100,99919,100,100016,100,99917,100,100024,100,99916,100,100058,100,99915,100,100074,100,99907,100,100084,100,99905,100,100088,100,99893,100,100109,100,99832,100,100143,100,,
2019-06-28 09:30:00.000000033,99990,100,99987,100,100006,100,99919,100,100016,100,99917,100,100024,100,99916,100,100058,100,99915,100,100074,100,99910,100,100084,100,99907,200,100088,100,99905,100,100109,100,99893,100,100143,100,99832,100
2019-06-28 09:30:00.000000034,100006,100,99987,100,100016,100,99919,100,100024,100,99917,100,100058,100,99916,100,100064,100,99915,100,100074,100,99910,100,100084,100,99907,200,100088,100,99905,100,100109,100,99893,100,100143,100,99832,100
2019-06-28 09:30:00.000000035,100006,100,99987,100,100016,100,99927,100,100024,100,99919,100,100058,100,99917,100,100064,100,99916,100,100074,100,99915,100,100084,100,99910,100,100088,100,99907,200,100109,100,99905,100,100143,100,99893,100
2019-06-28 09:30:00.000000036,100006,100,99927,100,100016,100,99919,100,100024,100,99917,100,100058,100,99916,100,100064,100,99915,100,100074,100,99910,100,100084,100,99907,200,100088,100,99905,100,100109,100,99893,100,100143,100,99832,100
2019-06-28 09:30:00.000000039,100006,100,99927,100,100016,100,99919,100,100024,100,99917,100,100058,100,99916,100,100064,100,99915,100,100074,100,99910,100,100084,100,99907,200,100088,100,99905,100,100109,100,99893,100,100143,100,99890,100
2019-06-28 09:30:00.000000041,100006,100,99919,100,100016,100,99917,100,100024,100,99916,100,100058,100,99915,100,100064,100,99910,100,100074,100,99907,200,100084,100,99905,100,100088,100,99893,100,100109,100,99890,100,100143,100,99832,100
2019-06-28 09:30:00.000000044,100006,100,99919,100,100016,100,99917,100,100024,100,99916,100,100058,100,99915,100,100064,100,99913,100,100074,100,99910,100,100084,100,99907,200,100088,100,99905,100,100109,100,99893,100,100143,100,99890,100
2019-06-28 09:30:00.000000045,100006,100,99934,100,100016,100,99927,200,100024,100,99919,100,100058,100,99917,100,100064,100,99916,100,100074,100,99915,100,100084,100,99913,100,100088,100,99910,100,100109,100,99907,200,100143,100,99905,100
2019-06-28 09:30:00.000000046,100006,100,99945,100,100016,100,99934,100,100024,100,99927,200,100058,100,99919,100,100064,100,99917,100,100074,100,99916,100,100084,100,99915,100,100088,100,99913,100,100109,100,99910,100,100143,100,99907,200
2019-06-28 09:30:00.000000047,100006,100,99945,100,100016,100,99934,100,100024,100,99927,300,100058,100,99919,100,100064,100,99917,100,100074,100,99916,100,100084,100,99915,100,100088,100,99913,100,100109,100,99910,100,100143,100,99907,200
2019-06-28 09:30:00.000000049,99978,100,99945,100,99995,100,99934,100,100016,100,99927,300,100024,100,99919,100,100058,100,99917,100,100064,100,99916,100,100074,100,99915,100,100084,100,99913,100,100088,100,99910,100,100109,100,99907,200
2019-06-28 09:30:00.000000050,99978,100,99945,100,99995,100,99934,100,100016,100,99927,300,100024,100,99919,100,100058,100,99917,100,100064,100,99916,100,100071,100,99915,100,100074,100,99913,100,100084,100,99910,100,100088,100,99907,200
2019-06-28 09:30:00.000000053,99978,100,99971,100,99995,100,99945,100,100016,100,99934,100,100024,100,99927,300,100058,100,99919,100,100064,100,99917,100,100071,100,99916,100,100074,100,99915,100,100084,100,99913,100,100088,100,99910,100
2019-06-28 09:30:00.000000054,99986,100,99971,100,99995,100,99945,100,100016,100,99934,100,100024,100,99927,300,100058,100,99919,100,100064,100,99917,100,100071,100,99916,100,100074,100,99915,100,100084,100,99913,100,100088,100,99910,100
2019-06-28 09:30:00.000000056,99986,100,99971,100,99995,100,99945,100,100016,100,99934,100,100024,100,99927,300,100058,100,99919,100,100064,100,99917,100,100071,100,99916,100,100074,100,99915,100,100084,100,99913,100,100088,100,99911,100
2019-06-28 09:30:00.000000058,99986,100,99971,100,99995,100,99949,100,100016,100,99945,100,100024,100,99934,100,100058,100,99927,300,100064,100,99919,100,100071,100,99917,100,100074,100,99916,100,100084,100,99915,100,100088,100,99913,100
2019-06-28 09:30:00.000000059,99986,100,99971,100,99995,100,99949,100,100016,100,99945,100,100024,100,99934,100,100058,100,99927,300,100064,100,99919,100,100071,100,99917,100,100074,100,99916,100,100084,100,99915,100,100088,100,99913,100
2019-06-28 09:30:00.000000062,99986,100,99971,100,99995,100,99949,100,100016,100,99945,100,100024,100,99934,100,100058,100,99927,300,100060,100,99919,100,100064,100,99917,100,100071,100,99916,100,100074,100,99915,100,100084,100,99913,100
2019-06-28 09:30:00.000000063,99986,100,99971,100,99995,100,99949,100,100016,100,99945,100,100024,100,99934,100,100058,100,99927,300,100060,100,99919,100,100064,100,99917,100,100071,100,99916,100,100074,100,99915,100,100084,100,99913,100
2019-06-28 09:30:00.000000065,99986,100,99971,100,99995,100,99949,100,100014,100,99945,100,100016,100,99934,100,100024,100,99927,300,100058,100,99919,100,100060,100,99917,100,100064,100,99916,100,100071,100,99915,100,100074,100,99913,100
2019-06-28 09:30:00.000000066,99986,100,99971,100,99995,100,99949,100,100014,100,99945,100,100016,100,99934,100,100024,100,99927,300,100054,100,99919,100,100058,100,99917,100,100060,100,99916,100,100064,100,99915,100,100071,100,99913,100
2019-06-28 09:30:00.000000073,99986,100,99971,100,99995,100,99949,100,100014,100,99945,100,100016,100,99934,100,100024,100,99927,300,100054,100,99919,100,100058,100,99917,100,100060,100,99916,100,100064,100,99915,100,100071,100,99913,100
2019-06-28 09:30:00.000000076,99986,100,99971,100,99995,100,99949,100,100014,100,99945,100,100016,100,99934,100,100024,100,99927,300,100054,100,99919,100,100058,100,99917,100,100060,100,99916,100,100064,100,99915,100,100071,100,99913,100
2019-06-28 09:30:00.000000077,99986,100,99971,100,99995,100,99949,100,100014,100,99945,100,100016,100,99934,100,100024,100,99927,300,100054,100,99919,100,100058,100,99917,100,100060,100,99916,100,100064,100,99915,100,100071,100,99913,100
2019-06-28 09:30:00.000000079,99986,100,99971,100,99995,100,99949,100,100014,100,99945,100,100016,100,99934,100,100024,100,99927,300,100054,100,99919,100,100058,100,99917,100,100060,100,99916,100,100064,100,99915,100,100071,100,99913,100
2019-06-28 09:30:00.000000083,99986,100,99971,100,99995,100,99961,100,100014,100,99949,100,100016,100,99945,100,100024,100,99934,100,100054,100,99927,300,100058,100,99919,100,100060,100,99917,100,100064,100,99916,100,100071,100,99915,100
2019-06-28 09:30:00.000000084,99986,100,99971,100,99995,100,99961,100,100014,100,99949,100,100016,100,99945,100,100024,100,99934,100,100054,100,99927,300,100058,100,99919,100,100060,100,99917,100,100064,100,99916,100,100071,100,99915,100
2019-06-28 09:30:00.000000085,99986,100,99971,100,99995,100,99961,100,100014,100,99956,100,100016,100,99949,100,100024,100,99945,100,100054,100,99934,100,100058,100,99927,300,100060,100,99919,100,100064,100,99917,100,100071,100,99916,100
2019-06-28 09:30:00.000000088,99986,100,99978,100,99995,100,99971,100,100014,100,99961,100,100016,100,99956,100,100024,100,99949,100,100054,100,99945,100,100058,100,99934,100,100060,100,99927,300,100064,100,99919,100,100071,100,99917,100
2019-06-28 09:30:00.000000089,99985,100,99978,100,99986,100,99971,100,99995,100,99961,100,100014,100,99956,100,100016,100,99949,100,100024,100,99945,100,100054,100,99934,100,100058,100,99927,300,100060,100,99919,100,100064,100,99917,100
2019-06-28 09:30:00.000000093,99985,100,99978,100,99986,100,99971,100,99995,100,99961,100,100014,100,99956,100,100016,100,99949,100,100024,100,99945,100,100054,100,99934,100,100058,100,99927,300,100060,100,99919,100,100064,100,99917,100
2019-06-28 09:30:00.000000095,99985,200,99978,100,99986,100,99971,100,99995,100,99961,100,100014,100,99956,100,100016,100,99949,100,100024,100,99945,100,100054,100,99934,100,100058,100,99927,300,100060,100,99919,100,100064,100,99917,100
2019-06-28 09:30:00.000000098,99985,200,99978,100,99986,100,99971,100,99995,100,99961,100,100014,100,99956,100,100016,100,99949,100,100024,100,99945,100,100054,100,99934,100,100058,100,99927,300,100060,100,99919,100,100064,100,99917,100
2019-06-28 09:30:03.367585446,99985,200,99978,100,99986,100,99971,100,99995,100,99961,100,100014,100,99956,100,100016,100,99949,100,100024,100,99945,100,100038,100,99934,100,100054,100,99927,300,100058,100,99919,100,100060,100,99917,100
2019-06-28 09:30:10.000000000,99985,364,99978,264,99986,264,99971,264,99995,100,99961,100,100014,100,99956,100,100016,100,99949,100,100024,100,99945,100,100038,100,99934,100,100054,100,99927,300,100058,100,99919,100,100060,100,99917,100
2019-06-28 09:30:13.069511311,99985,364,99978,264,99986,264,99971,264,99995,100,99961,100,100014,100,99956,100,100016,100,99949,100,100024,100,99945,100,100038,100,99934,200,100054,100,99927,300,100058,100,99919,100,100060,100,99917,100
2019-06-28 09:30:20.000000000,99985,529,99978,429,99986,100,99971,100,99995,100,99961,100,100014,100,99956,100,100016,100,99949,100,100024,100,99945,100,100038,100,99934,200,100054,100,99927,300,100058,100,99919,100,100060,100,99917,100
2019-06-28 09:30:26.477482849,99985,529,99978,429,99986,100,99971,100,99995,100,99961,100,100014,100,99956,100,100016,100,99949,100,100024,100,99945,100,100038,100,99934,200,100054,100,99927,300,100058,100,99919,100,100060,100,99917,100
2019-06-28 09:30:30.000000000,99985,364,99978,264,99986,264,99971,264,99995,100,99961,100,100014,100,99956,100,100016,100,99949,100,100024,100,99945,100,100038,100,99934,200,100054,100,99927,300,100058,100,99919,100,100060,100,99917,100
2019-06-28 09:30:40.000000000,99985,364,99978,264,99986,264,99971,264,99995,100,99961,100,100014,100,99956,100,100016,100,99949,100,100024,100,99945,100,100038,100,99934,200,100054,100,99927,300,100058,100,99919,100,100060,100,99917,100
2019-06-28 09:30:48.468949985,99985,364,99978,264,99986,264,99971,264,99995,100,99961,100,100014,100,99956,100,100016,100,99949,100,100024,100,99945,100,100038,100,99934,200,100054,100,99927,300,100058,100,99919,100,100060,100,99917,100
2019-06-28 09:30:50.000000000,99985,364,99978,264,99986,264,99971,264,99995,100,99961,100,100014,100,99956,100,100016,100,99949,100,100024,100,99945,100,100038,100,99934,200,100054,100,99927,300,100058,100,99919,100,100060,100,99917,100
2019-06-28 09:31:00.000000000,99985,364,99978,264,99986,264,99971,264,99995,100,99961,100,100014,100,99956,100,100016,100,99949,100,100024,100,99945,100,100038,100,99934,200,100054,100,99927,300,100058,100,99919,100,100060,100,99917,100
2019-06-28 09:31:10.000000000,99985,364,99978,264,99986,264,99971,264,99995,100,99961,100,100014,100,99956,100,100016,100,99949,100,100024,100,99945,100,100038,100,99934,200,100054,100,99927,300,100058,100,99919,100,100060,100,99917,100
2019-06-28 09:31:18.708134165,99985,364,99978,264,99986,264,99971,264,99995,100,99961,100,100014,100,99956,100,100016,100,99949,100,100024,100,99945,100,100038,100,99934,200,100054,100,99927,300,100058,100,99919,100,100060,100,99917,100
2019-06-28 09:31:20.000000000,99985,529,99978,429,99986,100,99971,100,99995,100,99961,100,100014,100,99956,100,100016,100,99949,100,100024,100,99945,100,100038,100,99934,200,100054,100,99927,300,100058,100,99919,100,100060,100,99917,100
2019-06-28 09:31:25.300758804,99985,529,99978,429,99986,100,99971,100,99995,100,99961,100,100014,100,99956,100,100016,100,99949,100,100024,100,99945,100,100038,100,99934,200,100054,100,99927,300,100058,100,99919,100,100060,100,99917,100
2019-06-28 09:31:30.000000000,99985,364,99978,264,99986,264,99971,264,99995,100,99961,100,100014,100,99956,100,100016,100,99949,100,100024,100,99945,100,100038,100,99934,200,100054,100,99927,300,100058,100,99919,100,100060,100,99917,100
2019-06-28 09:31:40.000000000,99985,312,99978,212,99986,209,99971,209,99995,209,99961,209,100014,100,99956,100,100016,100,99949,100,100024,100,99945,100,100038,100,99934,200,100054,100,99927,300,100058,100,99919,100,100060,100,99917,100
2019-06-28 09:31:45.514528229,99985,212,99978,212,99986,209,99971,209,99995,209,99961,209,100014,100,99956,100,100016,100,99949,100,100024,100,99945,100,100038,100,99934,200,100054,100,99927,300,100058,100,99919,100,100060,100,99917,100
2019-06-28 09:31:50.000000000,99985,264,99978,264,99986,264,99971,264,99995,100,99961,100,100014,100,99956,100,100016,100,99949,100,100024,100,99945,100,100038,100,99934,200,100054,100,99927,300,100058,100,99919,100,100060,100,99917,100
2019-06-28 09:31:50.783608106,99985,264,99978,264,99986,264,99971,264,99995,100,99961,100,100014,100,99956,100,100016,100,99949,100,100024,100,99945,100,100038,100,99934,200,100054,100,99927,300,100058,100,99919,100,100060,100,99917,100
2019-06-28 09:31:57.460131537,99985,264,99978,264,99986,264,99971,264,99995,100,99961,100,100014,100,99956,100,100016,100,99949,100,100024,100,99945,100,100038,100,99934,200,100054,100,99927,300,100058,100,99919,100,100060,100,99917,100
2019-06-28 09:32:00.000000000,99985,182,99978,182,99986,182,99971,182,99995,182,99961,182,100014,182,99956,182,100016,100,99949,100,100024,100,99945,100,100038,100,99934,200,100054,100,99927,300,100058,100,99919,100,100060,100,99917,100
2019-06-28 09:32:10.000000000,99985,182,99978,182,99986,182,99971,182,99995,182,99961,182,100014,182,99956,182,100016,100,99949,100,100024,100,99945,100,100038,100,99934,200,100054,100,99927,300,100058,100,99919,100,100060,100,99917,100
2019-06-28 09:32:20.000000000,99985,182,99978,182,99986,182,99971,182,99995,182,99961,182,100014,182,99956,182,100016,100,99949,100,100024,100,99945,100,100038,100,99934,200,100054,100,99927,300,100058,100,99919,100,100060,100,99917,100
2019-06-28 09:32:30.000000000,99985,166,99978,166,99986,166,99971,166,99995,166,99961,166,100014,166,99956,166,100016,166,99949,166,100024,100,99945,100,100038,100,99934,200,100054,100,99927,300,100058,100,99919,100,100060,100,99917,100
2019-06-28 09:32:40.000000000,99985,212,99978,212,99986,209,99971,209,99995,209,99961,209,100014,100,99956,100,100016,100,99949,100,100024,100,99945,100,100038,100,99934,200,100054,100,99927,300,100058,100,99919,100,100060,100,99917,100
2019-06-28 09:32:50.000000000,99985,166,99978,166,99986,166,99971,166,99995,166,99961,166,100014,166,99956,166,100016,166,99949,166,100024,100,99945,100,100038,100,99934,200,100054,100,99927,300,100058,100,99919,100,100060,100,99917,100
2019-06-28 09:33:00.000000000,99985,264,99978,264,99986,264,99971,264,99995,100,99961,100,100014,100,99956,100,100016,100,99949,100,100024,100,99945,100,100038,100,99934,200,100054,100,99927,300,100058,100,99919,100,100060,100,99917,100
2019-06-28 09:33:03.786680505,99985,264,99979,100,99986,264,99978,264,99995,100,99971,264,100014,100,99961,100,100016,100,99956,100,100024,100,99949,100,100038,100,99945,100,100054,100,99934,200,100058,100,99927,300,100060,100,99919,100
2019-06-28 09:33:10.000000000,99985,429,99979,429,99986,100,99978,100,99995,100,99971,100,100014,100,99961,100,100016,100,99956,100,100024,100,99949,100,100038,100,99945,100,100054,100,99934,200,100058,100,99927,300,100060,100,99919,100
2019-06-28 09:33:13.460965240,99985,329,99979,429,99986,100,99978,100,99995,100,99971,100,100014,100,99961,100,100016,100,99956,100,100024,100,99949,100,100038,100,99945,100,100054,100,99934,100,100058,100,99927,300,100060,100,99919,100
2019-06-28 09:33:20.000000000,99986,182,99979,182,99995,182,99978,182,100014,182,99971,182,100016,182,99961,182,100024,100,99956,100,100038,100,99949,100,100054,100,99945,100,100058,100,99934,100,100060,100,99927,300,100064,100,99919,100
2019-06-28 09:33:30.000000000,99986,264,99979,264,99995,264,99978,264,100014,100,99971,100,100016,100,99961,100,100024,100,99956,100,100038,100,99949,100,100054,100,99945,100,100058,100,99934,100,100060,100,99927,300,100064,100,99919,100
2019-06-28 09:33:40.000000000,99986,166,99979,166,99995,166,99978,166,100014,166,99971,166,100016,166,99961,166,100024,166,99956,166,100038,100,99949,100,100054,100,99945,100,100058,100,99934,100,100060,100,99927,300,100064,100,99919,100
2019-06-28 09:33:45.279489898,99986,66,99979,166,99995,166,99978,166,100014,166,99971,166,100016,166,99961,66,100024,166,99956,166,100038,100,99949,100,100054,100,99945,100,100058,100,99934,100,100060,100,99927,300,100064,100,99919,100
2019-06-28 09:33:46.064251838,99995,166,99986,34,100014,166,99979,166,100016,166,99978,166,100024,166,99971,166,100038,100,99961,66,100054,100,99956,166,100058,100,99949,100,100060,100,99945,100,100064,100,99934,100,100084,100,99927,300
2019-06-28 09:33:50.000000000,99995,264,99986,198,100014,264,99979,264,100016,100,99978,100,100024,100,99971,100,100038,100,99956,100,100054,100,99949,100,100058,100,99945,100,100060,100,99934,100,100064,100,99927,300,100084,100,99919,100
2019-06-28 09:34:00.000000000,99995,212,99986,146,100014,209,99979,209,100016,209,99978,209,100024,100,99971,100,100038,100,99956,100,100054,100,99949,100,100058,100,99945,100,100060,100,99934,100,100064,100,99927,300,100084,100,99919,100
2019-06-28 09:34:10.000000000,99995,182,99986,116,100014,182,99979,182,100016,182,99978,182,100024,182,99971,182,100038,100,99956,100,100054,100,99949,100,100058,100,99945,100,100060,100,99934,100,100064,100,99927,300,100084,100,99919,100
2019-06-28 09:34:17.787158076,99995,82,99986,116,100014,182,99979,182,100016,182,99978,182,100024,182,99971,182,100038,100,99956,100,100054,100,99949,100,100058,100,99945,100,100060,100,99934,100,100064,100,99927,300,100084,100,99919,100
2019-06-28 09:34:20.000000000,100014,264,99986,198,100016,264,99979,264,100024,100,99978,100,100038,100,99971,100,100054,100,99956,100,100058,100,99949,100,100060,100,99945,100,100064,100,99934,100,100084,100,99927,300,100088,100,99919,100
2019-06-28 09:34:23.668914830,100014,164,99986,164,100016,264,99979,264,100024,100,99978,100,100038,100,99971,100,100054,100,99956,100,100058,100,99949,100,100060,100,99945,100,100064,100,99934,100,100084,100,99927,300,100088,100,99919,100
2019-06-28 09:34:30.000000000,100016,264,99979,264,100024,264,99978,264,100038,100,99971,100,100054,100,99956,100,100058,100,99949,100,100060,100,99945,100,100064,100,99934,100,100084,100,99927,300,100088,100,99919,100,100091,100,99917,100
2019-06-28 09:34:40.000000000,100016,264,99979,264,100024,264,99978,264,100038,100,99971,100,100054,100,99956,100,100058,100,99949,100,100060,100,99945,100,100064,100,99934,100,100084,100,99927,300,100088,100,99919,100,100091,100,99917,100
2019-06-28 09:34:46.321903387,100016,164,99979,264,100024,264,99978,264,100038,100,99956,100,100054,100,99949,100,100058,100,99945,100,100060,100,99934,100,100064,100,99927,300,100084,100,99919,100,100088,100,99917,100,100091,100,99916,100
2019-06-28 09:34:50.000000000,100024,264,99979,264,100038,264,99978,264,100054,100,99956,100,100058,100,99949,100,100060,100,99945,100,100064,100,99934,100,100084,100,99927,300,100088,100,99919,100,100091,100,99917,100,100109,100,99916,100
2019-06-28 09:35:00.000000000,100024,182,99979,182,100038,182,99978,182,100054,182,99956,182,100058,182,99949,182,100060,100,99945,100,100064,100,99934,100,100084,100,99927,300,100088,100,99919,100,100091,100,99917,100,100109,100,99916,100
2019-06-28 09:35:10.000000000,100024,429,99979,429,100038,100,99978,100,100054,100,99956,100,100058,100,99949,100,100060,100,99945,100,100064,100,99934,100,100084,100,99927,300,100088,100,99919,100,100091,100,99917,100,100109,100,99916,100
2019-06-28 09:35:20.000000000,100024,182,99979,182,100038,182,99978,182,100054,182,99956,182,100058,182,99949,182,100060,100,99945,100,100064,100,99934,100,100084,100,99927,300,100088,100,99919,100,100091,100,99917,100,100109,100,99916,100
2019-06-28 09:35:27.989994962,100024,182,99979,182,100038,182,99978,182,100054,182,99956,182,100058,182,99949,182,100060,100,99945,100,100064,100,99927,300,100084,100,99919,100,100088,100,99917,100,100091,100,99916,100,100109,100,99915,100
2019-06-28 09:35:30.000000000,100024,166,99979,166,100038,166,99978,166,100054,166,99956,166,100058,166,99949,166,100060,166,99945,166,100064,100,99927,300,100084,100,99919,100,100088,100,99917,100,100091,100,99916,100,100109,100,99915,100
2019-06-28 09:35:32.003630813,100024,166,99979,166,100038,166,99978,166,100054,166,99956,166,100058,166,99949,166,100060,166,99945,166,100064,100,99927,300,100084,100,99919,100,100088,100,99917,100,100091,100,99916,100,100109,100,99915,100
2019-06-28 09:35:34.185988278,100024,66,99979,166,100038,166,99978,166,100054,166,99956,166,100058,166,99949,166,100060,166,99945,166,100064,100,99927,300,100084,100,99919,100,100088,100,99917,100,100091,100,99916,100,100109,100,99915,100
2019-06-28 09:35:40.000000000,100038,166,99979,166,100054,166,99978,166,100058,166,99956,166,100060,166,99949,166,100064,166,99945,166,100084,100,99927,300,100088,100,99919,100,100091,100,99917,100,100109,100,99916,100,100124,100,99915,100
2019-06-28 09:35:45.685061203,100038,66,99979,166,100054,166,99978,166,100058,166,99956,166,100060,166,99949,166,100064,166,99945,166,100084,100,99927,300,100088,100,99919,100,100091,100,99917,100,100109,100,99916,100,100124,100,99915,100
2019-06-28 09:35:50.000000000,100054,182,99979,182,100058,182,99978,182,100060,182,99956,182,100064,182,99949,182,100084,100,99945,100,100088,100,99927,300,100091,100,99919,100,100109,100,99917,100,100124,100,99916,100,100143,100,99915,100
2019-06-28 09:35:53.138526553,100054,82,99979,182,100058,182,99978,182,100060,182,99956,182,100064,182,99949,182,100084,100,99945,100,100088,100,99927,300,100091,100,99919,100,100109,100,99917,100,100124,100,99916,100,100143,100,99915,100
2019-06-28 09:35:56.593821394,100054,82,100038,100,100058,182,99979,182,100060,182,99978,182,100064,182,99956,182,100084,100,99949,182,100088,100,99945,100,100091,100,99927,300,100124,100,99919,100,100143,100,99917,100,100146,100,99916,100
2019-06-28 09:36:00.000000000,100058,182,100038,182,100060,182,99979,182,100064,182,99978,182,100084,182,99956,182,100088,100,99949,100,100091,100,99945,100,100124,100,99927,300,100143,100,99919,100,100146,100,99917,100,100154,100,99916,100
2019-06-28 09:36:07.482734393,100058,82,100038,182,100060,182,99979,182,100064,182,99978,182,100084,182,99956,182,100088,100,99949,100,100091,100,99945,100,100124,100,99927,300,100143,100,99919,100,100146,100,99917,100,100154,100,99916,100
2019-06-28 09:36:10.000000000,100060,182,100038,182,100064,182,99979,182,100084,182,99978,182,100088,182,99956,182,100091,100,99949,100,100124,100,99945,100,100143,100,99927,300,100146,100,99919,100,100154,100,99917,100,100156,100,99916,100
2019-06-28 09:36:13.846667737,100060,182,100054,100,100064,182,100038,182,100084,182,99979,182,100088,182,99978,182,100091,100,99956,182,100124,100,99949,100,100143,100,99945,100,100146,100,99927,300,100154,100,99919,100,100156,100,99917,100
2019-06-28 09:36:14.856959255,100060,182,100054,100,100064,182,100038,182,100084,182,99979,182,100088,182,99978,182,100091,100,99956,182,100124,100,99949,100,100143,100,99945,100,100146,100,99927,300,100154,100,99919,100,100156,100,99917,100
2019-06-28 09:36:20.000000000,100060,264,100054,264,100064,264,100038,264,100084,100,99979,100,100088,100,99978,100,100091,100,99956,100,100124,100,99949,100,100143,100,99945,100,100146,100,99927,300,100154,100,99919,100,100156,100,99917,100
2019-06-28 09:36:24.594865647,100060,264,100054,364,100064,264,100038,264,100084,100,99979,100,100088,100,99956,100,100091,100,99949,100,100124,100,99945,100,100143,100,99927,300,100146,100,99919,100,100154,100,99917,100,100156,100,99916,100
2019-06-28 09:36:25.791408810,100060,164,100054,364,100064,264,100038,264,100084,100,99979,100,100088,100,99956,100,100091,100,99949,100,100124,100,99945,100,100143,100,99927,300,100146,100,99919,100,100154,100,99917,100,100156,100,99916,100
2019-06-28 09:36:30.000000000,100064,166,100054,266,100084,166,100038,166,100088,166,99979,166,100091,166,99956,166,100124,166,99949,166,100143,100,99945,100,100146,100,99927,300,100154,100,99919,100,100156,100,99917,100,100189,100,99916,100
2019-06-28 09:36:40.000000000,100064,182,100054,282,100084,182,100038,182,100088,182,99979,182,100091,182,99956,182,100124,100,99949,100,100143,100,99945,100,100146,100,99927,300,100154,100,99919,100,100156,100,99917,100,100189,100,99916,100
2019-06-28 09:36:45.754262392,100064,182,100058,100,100084,182,100054,282,100088,182,100038,182,100091,182,99979,182,100124,100,99956,182,100143,100,99949,100,100146,100,99945,100,100154,100,99927,200,100156,100,99919,100,100189,100,99917,100
2019-06-28 09:36:50.000000000,100064,429,100058,429,100084,100,100054,200,100088,100,100038,100,100091,100,99979,100,100124,100,99956,100,100143,100,99949,100,100146,100,99945,100,100154,100,99927,200,100156,100,99919,100,100189,100,99917,100
2019-06-28 09:37:00.000000000,100064,182,100058,182,100084,182,100054,282,100088,182,100038,182,100091,182,99979,182,100124,100,99956,100,100143,100,99949,100,100146,100,99945,100,100154,100,99927,200,100156,100,99919,100,100189,100,99917,100
2019-06-28 09:37:10.000000000,100064,182,100058,182,100084,182,100054,282,100088,182,100038,182,100091,182,99979,182,100124,100,99956,100,100143,100,99949,100,100146,100,99945,100,100154,100,99927,200,100156,100,99919,100,100189,100,99917,100
2019-06-28 09:37:20.000000000,100064,264,100058,264,100084,264,100054,364,100088,100,100038,100,100091,100,99979,100,100124,100,99956,100,100143,100,99949,100,100146,100,99945,100,100154,100,99927,200,100156,100,99919,100,100189,100,99917,100
2019-06-28 09:37:30.000000000,100064,264,100058,264,100084,264,100054,364,100088,100,100038,100,100091,100,99979,100,100124,100,99956,100,100143,100,99949,100,100146,100,99945,100,100154,100,99927,200,100156,100,99919,100,100189,100,99917,100
2019-06-28 09:37:40.000000000,100064,429,100058,429,100084,100,100054,200,100088,100,100038,100,100091,100,99979,100,100124,100,99956,100,100143,100,99949,100,100146,100,99945,100,100154,100,99927,200,100156,100,99919,100,100189,100,99917,100
2019-06-28 09:37:45.754932513,100064,329,100058,429,100084,100,100054,200,100088,100,100038,100,100124,100,99979,100,100143,100,99956,100,100146,100,99949,100,100154,100,99945,100,100156,100,99927,200,100189,100,99919,100,101770,100,99917,100
2019-06-28 09:37:45.859117337,100064,229,100058,429,100084,100,100054,200,100088,100,100038,100,100124,100,99979,100,100143,100,99956,100,100146,100,99949,100,100154,100,99945,100,100156,100,99927,200,100189,100,99919,100,101770,100,99917,100
2019-06-28 09:37:50.000000000,100084,264,100058,264,100088,264,100054,364,100124,100,100038,100,100143,100,99979,100,100146,100,99956,100,100154,100,99949,100,100156,100,99945,100,100189,100,99927,200,101770,100,99919,100,101824,100,99917,100
2019-06-28 09:38:00.000000000,100084,166,100058,166,100088,166,100054,266,100124,166,100038,166,100143,166,99979,166,100146,166,99956,166,100154,100,99949,100,100156,100,99945,100,100189,100,99927,200,101770,100,99919,100,101824,100,99917,100
2019-06-28 09:38:03.539714443,100084,166,100064,100,100088,166,100058,166,100124,166,100054,266,100143,166,100038,166,100146,166,99979,166,100154,100,99956,166,100156,100,99949,100,100189,100,99945,100,101770,100,99927,200,101824,100,99919,100
2019-06-28 09:38:09.773434901,100084,66,100064,100,100088,166,100058,166,100124,166,100054,266,100143,166,100038,166,100146,166,99979,166,100154,100,99956,166,100156,100,99949,100,100189,100,99945,100,101770,100,99927,200,101824,100,99919,100
2019-06-28 09:38:10.000000000,100088,166,100064,166,100124,166,100058,166,100143,166,100054,266,100146,166,100038,166,100154,166,99979,166,100156,100,99956,100,100189,100,99949,100,101770,100,99945,100,101824,100,99927,200,101850,100,99919,100
2019-06-28 09:38:15.326842364,100088,166,100064,166,100124,166,100058,166,100143,166,100054,266,100146,166,100038,166,100154,166,99979,166,100156,100,99956,100,100189,100,99949,100,101482,100,99945,100,101770,100,99927,200,101824,100,99919,100
2019-06-28 09:38:20.000000000,100088,182,100064,182,100124,182,100058,182,100143,182,100054,282,100146,182,100038,182,100154,100,99979,100,100156,100,99956,100,100189,100,99949,100,101482,100,99945,100,101770,100,99927,200,101824,100,99919,100
2019-06-28 09:38:20.038992083,100088,182,100064,82,100124,182,100058,182,100143,182,100054,282,100146,182,100038,182,100154,100,99979,100,100156,100,99956,100,100189,100,99949,100,101482,100,99945,100,101770,100,99927,200,101824,100,99919,100
2019-06-28 09:38:30.000000000,100088,264,100058,264,100124,264,100054,364,100143,100,100038,100,100146,100,99979,100,100154,100,99956,100,100156,100,99949,100,100189,100,99945,100,101482,100,99927,200,101770,100,99919,100,101824,100,99917,100
2019-06-28 09:38:40.000000000,100088,182,100058,182,100124,182,100054,282,100143,182,100038,182,100146,182,99979,182,100154,100,99956,100,100156,100,99949,100,100189,100,99945,100,101482,100,99927,200,101770,100,99919,100,101824,100,99917,100
2019-06-28 09:38:50.000000000,100088,212,100058,212,100124,209,100054,309,100143,209,100038,209,100146,100,99979,100,100154,100,99956,100,100156,100,99949,100,100189,100,99945,100,101482,100,99927,200,101770,100,99919,100,101824,100,99917,100
2019-06-28 09:38:56.537856664,100088,212,100065,100,100124,209,100058,212,100143,209,100054,309,100146,100,100038,209,100154,100,99979,100,100156,100,99956,100,100189,100,99949,100,101482,100,99945,100,101770,100,99927,200,101824,100,99919,100
2019-06-28 09:39:00.000000000,100088,166,100065,166,100124,166,100058,166,100143,166,100054,266,100146,166,100038,166,100154,166,99979,166,100156,100,99956,100,100189,100,99949,100,101482,100,99945,100,101770,100,99927,200,101824,100,99919,100
2019-06-28 09:39:08.083644058,100088,166,100065,166,100124,166,100058,166,100143,166,100054,266,100146,166,100038,166,100154,166,99979,166,100156,100,99956,100,100189,100,99949,100,100920,100,99945,100,101482,100,99927,200,101770,100,99919,100
2019-06-28 09:39:10.000000000,100088,264,100065,264,100124,264,100058,264,100143,100,100054,200,100146,100,100038,100,100154,100,99979,100,100156,100,99956,100,100189,100,99949,100,100920,100,99945,100,101482,100,99927,200,101770,100,99919,100
2019-06-28 09:39:16.170961726,100088,164,100065,264,100124,264,100058,264,100143,100,100054,200,100146,100,100038,100,100154,100,99979,100,100156,100,99956,100,100189,100,99949,100,100920,100,99945,100,101482,100,99927,200,101770,100,99919,100
2019-06-28 09:39:20.000000000,100124,166,100065,166,100143,166,100058,166,100146,166,100054,266,100154,166,100038,166,100156,166,99979,166,100189,100,99956,100,100920,100,99949,100,101482,100,99945,100,101770,100,99927,200,101824,100,99919,100
2019-06-28 09:39:30.000000000,100124,212,100065,212,100143,209,100058,209,100146,209,100054,309,100154,100,100038,100,100156,100,99979,100,100189,100,99956,100,100920,100,99949,100,101482,100,99945,100,101770,100,99927,200,101824,100,99919,100
2019-06-28 09:39:40.000000000,100124,212,100065,212,100143,209,100058,209,100146,209,100054,309,100154,100,100038,100,100156,100,99979,100,100189,100,99956,100,100920,100,99949,100,101482,100,99945,100,101770,100,99927,200,101824,100,99919,100
2019-06-28 09:39:49.603807832,100124,212,100065,212,100143,209,100058,209,100146,209,100054,309,100154,100,100038,100,100156,100,99979,100,100189,100,99956,100,100837,100,99949,100,100920,100,99945,100,101482,100,99927,200,101770,100,99919,100
2019-06-28 09:39:50.000000000,100124,166,100065,166,100143,166,100058,166,100146,166,100054,266,100154,166,100038,166,100156,166,99979,166,100189,100,99956,100,100837,100,99949,100,100920,100,99945,100,101482,100,99927,200,101770,100,99919,100
2019-06-28 09:40:00.000000000,100124,182,100065,182,100143,182,100058,182,100146,182,100054,282,100154,182,100038,182,100156,100,99979,100,100189,100,99956,100,100837,100,99949,100,100920,100,99945,100,101482,100,99927,200,101770,100,99919,100
2019-06-28 09:40:10.000000000,100124,212,100065,212,100143,209,100058,209,100146,209,100054,309,100154,100,100038,100,100156,100,99979,100,100189,100,99956,100,100837,100,99949,100,100920,100,99945,100,101482,100,99927,200,101770,100,99919,100
2019-06-28 09:40:15.643731522,100124,112,100065,212,100143,209,100058,209,100146,209,100054,309,100154,100,100038,100,100156,100,99979,100,100189,100,99956,100,100837,100,99949,100,100920,100,99945,100,101482,100,99927,200,101770,100,99919,100
2019-06-28 09:40:20.000000000,100143,429,100065,429,100146,100,100058,100,100154,100,100054,200,100156,100,100038,100,100189,100,99979,100,100837,100,99956,100,100920,100,99949,100,101482,100,99945,100,101770,100,99927,200,101824,100,99919,100
2019-06-28 09:40:30.000000000,100143,212,100065,212,100146,209,100058,209,100154,209,100054,309,100156,100,100038,100,100189,100,99979,100,100837,100,99956,100,100920,100,99949,100,101482,100,99945,100,101770,100,99927,200,101824,100,99919,100
2019-06-28 09:40:36.008230246,100143,112,100065,212,100146,209,100058,209,100154,209,100054,309,100156,100,100038,100,100189,100,99979,100,100837,100,99956,100,100920,100,99949,100,101189,100,99945,100,101482,100,99927,200,101770,100,99919,100
2019-06-28 09:40:40.000000000,100146,212,100065,212,100154,209,100058,209,100156,209,100054,309,100189,100,100038,100,100837,100,99979,100,100920,100,99956,100,101189,100,99949,100,101482,100,99945,100,101770,100,99927,200,101824,100,99919,100
2019-06-28 09:40:47.407479417,100146,212,100065,212,100154,209,100058,209,100156,209,100054,309,100189,100,100038,100,100837,100,99979,100,100920,100,99956,100,101189,100,99949,100,101482,100,99945,100,101770,100,99927,100,101824,100,99919,100
2019-06-28 09:40:50.000000000,100146,429,100065,429,100154,100,100058,100,100156,100,100054,200,100189,100,100038,100,100837,100,99979,100,100920,100,99956,100,101189,100,99949,100,101482,100,99945,100,101770,100,99927,100,101824,100,99919,100
2019-06-28 09:40:50.060736405,100146,429,100065,429,100154,100,100058,100,100156,100,100054,200,100189,100,100038,100,100837,100,99979,100,100920,100,99956,100,101053,100,99949,100,101189,100,99945,100,101482,100,99927,100,101770,100,99919,100
2019-06-28 09:40:59.987891154,100146,429,100065,429,100154,100,100058,100,100156,100,100054,200,100189,100,100038,100,100837,100,99979,100,100920,100,99956,100,101053,100,99949,100,101096,100,99945,100,101189,100,99927,100,101482,100,99919,100
2019-06-28 09:41:00.000000000,100146,212,100065,212,100154,209,100058,209,100156,209,100054,309,100189,100,100038,100,100837,100,99979,100,100920,100,99956,100,101053,100,99949,100,101096,100,99945,100,101189,100,99927,100,101482,100,99919,100
2019-06-28 09:41:10.000000000,100146,264,100065,264,100154,264,100058,264,100156,100,100054,200,100189,100,100038,100,100837,100,99979,100,100920,100,99956,100,101053,100,99949,100,101096,100,99945,100,101189,100,99927,100,101482,100,99919,100
2019-06-28 09:41:20.000000000,100146,166,100065,166,100154,166,100058,166,100156,166,100054,266,100189,166,100038,166,100837,166,99979,166,100920,100,99956,100,101053,100,99949,100,101096,100,99945,100,101189,100,99927,100,101482,100,99919,100
2019-06-28 09:41:27.643332936,100146,66,100065,166,100154,166,100058,166,100156,166,100054,266,100189,166,100038,166,100837,66,99979,166,100920,100,99956,100,101053,100,99949,100,101096,100,99945,100,101189,100,99927,100,101482,100,99919,100
2019-06-28 09:41:30.000000000,100154,212,100065,212,100156,209,100058,209,100189,209,100054,309,100920,100,100038,100,101053,100,99979,100,101096,100,99956,100,101189,100,99949,100,101482,100,99945,100,101770,100,99927,100,101824,100,99919,100
2019-06-28 09:41:37.531210404,100154,112,100065,212,100156,209,100058,209,100189,209,100054,309,100920,100,100038,100,101053,100,99979,100,101096,100,99956,100,101189,100,99949,100,101482,100,99945,100,101770,100,99927,100,101824,100,99919,100
2019-06-28 09:41:40.000000000,100156,182,100065,182,100189,182,100058,182,100920,182,100054,282,101053,182,100038,182,101096,100,99979,100,101189,100,99956,100,101482,100,99949,100,101770,100,99945,100,101824,100,99927,100,101850,100,99919,100
2019-06-28 09:41:40.146281514,100156,182,100126,100,100189,182,100065,182,100920,182,100058,182,101053,82,100054,282,101096,100,100038,182,101189,100,99979,100,101482,100,99956,100,101770,100,99949,100,101824,100,99945,100,101850,100,99927,100
2019-06-28 09:41:42.798880556,100156,182,100126,100,100189,182,100065,182,100478,100,100058,182,100920,182,100054,282,101053,82,100038,182,101096,100,99979,100,101189,100,99956,100,101482,100,99949,100,101770,100,99945,100,101824,100,99927,100
2019-06-28 09:41:50.000000000,100156,166,100126,166,100189,166,100065,166,100478,166,100058,166,100920,166,100054,266,101096,166,100038,166,101189,100,99979,100,101482,100,99956,100,101770,100,99949,100,101824,100,99945,100,101850,100,99927,100
2019-06-28 09:41:57.496898263,100156,66,100126,166,100189,166,100065,166,100478,166,100058,166,100920,166,100054,266,101096,166,100038,166,101189,100,99979,100,101482,100,99956,100,101770,100,99949,100,101824,100,99945,100,101850,100,99927,100
2019-06-28 09:41:59.358971967,100156,66,100126,166,100189,166,100065,166,100478,166,100058,166,100485,100,100054,266,100920,166,100038,166,101096,166,99979,100,101189,100,99956,100,101482,100,99949,100,101770,100,99945,100,101824,100,99927,100
2019-06-28 09:42:00.000000000,100189,429,100126,429,100478,100,100065,100,100485,100,100058,100,100920,100,100054,200,101096,100,100038,100,101189,100,99979,100,101482,100,99956,100,101770,100,99949,100,101824,100,99945,100,101850,100,99927,100
2019-06-28 09:42:04.761399963,100189,429,100154,100,100478,100,100126,429,100485,100,100065,100,100920,100,100058,100,101096,100,100054,200,101189,100,100038,100,101482,100,99979,100,101770,100,99956,100,101824,100,99949,100,101850,100,99945,100
2019-06-28 09:42:04.939037071,100189,429,100154,100,100478,100,100126,429,100485,100,100065,100,100920,100,100058,100,101096,100,100054,100,101189,100,100038,100,101482,100,99979,100,101770,100,99956,100,101824,100,99949,100,101850,100,99945,100
2019-06-28 09:42:10.000000000,100189,429,100154,429,100478,100,100126,100,100485,100,100065,100,100920,100,100058,100,101096,100,100054,100,101189,100,100038,100,101482,100,99979,100,101770,100,99956,100,101824,100,99949,100,101850,100,99945,100
2019-06-28 09:42:14.290648651,100189,329,100154,429,100478,100,100126,100,100485,100,100065,100,100920,100,100058,100,101096,100,100054,100,101189,100,100038,100,101482,100,99979,100,101770,100,99956,100,101824,100,99949,100,101850,100,99945,100
2019-06-28 09:42:20.000000000,100478,166,100154,166,100485,166,100126,166,100920,166,100065,166,101096,166,100058,166,101189,166,100054,166,101482,100,100038,100,101770,100,99979,100,101824,100,99956,100,101850,100,99949,100,101960,100,99945,100
2019-06-28 09:42:30.000000000,100478,166,100154,166,100485,166,100126,166,100920,166,100065,166,101096,166,100058,166,101189,166,100054,166,101482,100,100038,100,101770,100,99979,100,101824,100,99956,100,101850,100,99949,100,101960,100,99945,100
2019-06-28 09:42:40.000000000,100478,212,100154,212,100485,209,100126,209,100920,209,100065,209,101096,100,100058,100,101189,100,100054,100,101482,100,100038,100,101770,100,99979,100,101824,100,99956,100,101850,100,99949,100,101960,100,99945,100
2019-06-28 09:42:50.000000000,100478,212,100154,212,100485,209,100126,209,100920,209,100065,209,101096,100,100058,100,101189,100,100054,100,101482,100,100038,100,101770,100,99979,100,101824,100,99956,100,101850,100,99949,100,101960,100,99945,100
2019-06-28 09:42:54.872076979,100478,212,100154,212,100485,109,100126,209,100766,100,100065,209,100920,209,100058,100,101096,100,100054,100,101189,100,100038,100,101482,100,99979,100,101770,100,99956,100,101824,100,99949,100,101850,100,99945,100
2019-06-28 09:43:00.000000000,100478,264,100154,264,100766,264,100126,264,100920,100,100065,100,101096,100,100058,100,101189,100,100054,100,101482,100,100038,100,101770,100,99979,100,101824,100,99956,100,101850,100,99949,100,101960,100,99945,100
2019-06-28 09:43:00.199667879,100478,164,100154,264,100766,264,100126,264,100920,100,100065,100,101096,100,100058,100,101189,100,100054,100,101482,100,100038,100,101770,100,99979,100,101824,100,99956,100,101850,100,99949,100,101960,100,99945,100
2019-06-28 09:43:10.000000000,100766,212,100154,212,100920,209,100126,209,101096,209,100065,209,101189,100,100058,100,101482,100,100054,100,101770,100,100038,100,101824,100,99979,100,101850,100,99956,100,101960,100,99949,100,,,99945,100
2019-06-28 09:43:13.427074633,100766,212,100616,100,100920,209,100154,212,101096,209,100126,209,101189,100,100065,209,101482,100,100058,100,101770,100,100054,100,101824,100,100038,100,101850,100,99979,100,101960,100,99956,100,,,99949,100
2019-06-28 09:43:20.000000000,100766,212,100616,212,100920,209,100154,209,101096,209,100126,209,101189,100,100065,100,101482,100,100058,100,101770,100,100054,100,101824,100,100038,100,101850,100,99979,100,101960,100,99956,100,,,99949,100
2019-06-28 09:43:30.000000000,100766,212,100616,212,100920,209,100154,209,101096,209,100126,209,101189,100,100065,100,101482,100,100058,100,101770,100,100054,100,101824,100,100038,100,101850,100,99979,100,101960,100,99956,100,,,99949,100
2019-06-28 09:43:40.000000000,100766,182,100616,182,100920,182,100154,182,101096,182,100126,182,101189,182,100065,182,101482,100,100058,100,101770,100,100054,100,101824,100,100038,100,101850,100,99979,100,101960,100,99956,100,,,99949,100
2019-06-28 09:43:47.451910308,100766,182,100616,182,100920,182,100441,100,101096,182,100154,182,101189,182,100126,182,101482,100,100065,182,101770,100,100058,100,101824,100,100054,100,101850,100,100038,100,101960,100,99979,100,,,99956,100
2019-06-28 09:43:48.079070049,100766,182,100616,182,100920,182,100441,100,101096,182,100189,100,101189,182,100154,182,101482,100,100126,182,101770,100,100065,182,101824,100,100058,100,101850,100,100054,100,101960,100,100038,100,,,99979,100
2019-06-28 09:43:50.000000000,100766,182,100616,182,100920,182,100441,182,101096,182,100189,182,101189,182,100154,182,101482,100,100126,100,101770,100,100065,100,101824,100,100058,100,101850,100,100054,100,101960,100,100038,100,,,99979,100
2019-06-28 09:44:00.000000000,100766,429,100616,429,100920,100,100441,100,101096,100,100189,100,101189,100,100154,100,101482,100,100126,100,101770,100,100065,100,101824,100,100058,100,101850,100,100054,100,101960,100,100038,100,,,99979,100
2019-06-28 09:44:10.000000000,100766,212,100616,212,100920,209,100441,209,101096,209,100189,209,101189,100,100154,100,101482,100,100126,100,101770,100,100065,100,101824,100,100058,100,101850,100,100054,100,101960,100,100038,100,,,99979,100
2019-06-28 09:44:17.910928168,100766,212,100616,212,100875,100,100441,209,100920,209,100189,209,101096,209,100154,100,101189,100,100126,100,101482,100,100065,100,101770,100,100058,100,101824,100,100054,100,101850,100,100038,100,101960,100,99979,100
2019-06-28 09:44:20.000000000,100766,429,100616,429,100875,100,100441,100,100920,100,100189,100,101096,100,100154,100,101189,100,100126,100,101482,100,100065,100,101770,100,100058,100,101824,100,100054,100,101850,100,100038,100,101960,100,99979,100
2019-06-28 09:44:26.261530627,100766,429,100616,429,100786,100,100441,100,100875,100,100189,100,101096,100,100154,100,101189,100,100126,100,101482,100,100065,100,101770,100,100058,100,101824,100,100054,100,101850,100,100038,100,101960,100,99979,100
2019-06-28 09:44:30.000000000,100766,166,100616,166,100786,166,100441,166,100875,166,100189,166,101096,166,100154,166,101189,166,100126,166,101482,100,100065,100,101770,100,100058,100,101824,100,100054,100,101850,100,100038,100,101960,100,99979,100
2019-06-28 09:44:40.000000000,100766,182,100616,182,100786,182,100441,182,100875,182,100189,182,101096,182,100154,182,101189,100,100126,100,101482,100,100065,100,101770,100,100058,100,101824,100,100054,100,101850,100,100038,100,101960,100,99979,100
2019-06-28 09:44:41.959275431,100766,182,100616,182,100786,182,100441,182,100875,182,100189,182,100884,100,100154,182,101096,182,100126,100,101189,100,100065,100,101482,100,100058,100,101770,100,100054,100,101824,100,100038,100,101850,100,99979,100
2019-06-28 09:44:49.321961478,100766,182,100692,100,100786,182,100616,182,100875,182,100441,182,100884,100,100189,182,101096,182,100154,182,101189,100,100126,100,101482,100,100065,100,101770,100,100058,100,101824,100,100054,100,101850,100,100038,100
2019-06-28 09:44:50.000000000,100766,429,100692,429,100786,100,100616,100,100875,100,100441,100,100884,100,100189,100,101096,100,100154,100,101189,100,100126,100,101482,100,100065,100,101770,100,100058,100,101824,100,100054,100,101850,100,100038,100
2019-06-28 09:44:57.511442012,100766,429,100692,429,100786,100,100616,100,100875,100,100441,100,100884,100,100189,100,101096,100,100154,100,101189,100,100126,100,101482,100,100065,100,101770,100,100054,100,101824,100,100038,100,101850,100,99979,100
2019-06-28 09:45:00.000000000,100766,264,100692,264,100786,264,100616,264,100875,100,100441,100,100884,100,100189,100,101096,100,100154,100,101189,100,100126,100,101482,100,100065,100,101770,100,100054,100,101824,100,100038,100,101850,100,99979,100
2019-06-28 09:45:00.580456301,100766,264,100692,264,100786,264,100616,264,100875,100,100441,100,100884,100,100189,200,101096,100,100154,100,101189,100,100126,100,101482,100,100065,100,101770,100,100054,100,101824,100,100038,100,101850,100,99979,100
2019-06-28 09:45:10.000000000,100766,182,100692,182,100786,182,100616,182,100875,182,100441,182,100884,182,100189,282,101096,100,100154,100,101189,100,100126,100,101482,100,100065,100,101770,100,100054,100,101824,100,100038,100,101850,100,99979,100
2019-06-28 09:45:20.000000000,100766,166,100692,166,100786,166,100616,166,100875,166,100441,166,100884,166,100189,266,101096,166,100154,166,101189,100,100126,100,101482,100,100065,100,101770,100,100054,100,101824,100,100038,100,101850,100,99979,100
2019-06-28 09:45:30.000000000,100766,166,100692,166,100786,166,100616,166,100875,166,100441,166,100884,166,100189,266,101096,166,100154,166,101189,100,100126,100,101482,100,100065,100,101770,100,100054,100,101824,100,100038,100,101850,100,99979,100
2019-06-28 09:45:40.000000000,100766,166,100692,166,100786,166,100616,166,100875,166,100441,166,100884,166,100189,266,101096,166,100154,166,101189,100,100126,100,101482,100,100065,100,101770,100,100054,100,101824,100,100038,100,101850,100,99979,100
2019-06-28 09:45:50.000000000,100766,166,100692,166,100786,166,100616,166,100875,166,100441,166,100884,166,100189,266,101096,166,100154,166,101189,100,100126,100,101482,100,100065,100,101770,100,100054,100,101824,100,100038,100,101850,100,99979,100
2019-06-28 09:46:00.000000000,100766,212,100692,212,100786,209,100616,209,100875,209,100441,209,100884,100,100189,200,101096,100,100154,100,101189,100,100126,100,101482,100,100065,100,101770,100,100054,100,101824,100,100038,100,101850,100,99979,100
2019-06-28 09:46:10.000000000,100766,264,100692,264,100786,264,100616,264,100875,100,100441,100,100884,100,100189,200,101096,100,100154,100,101189,100,100126,100,101482,100,100065,100,101770,100,100054,100,101824,100,100038,100,101850,100,99979,100
2019-06-28 09:46:10.765129301,100766,264,100692,264,100786,264,100616,264,100875,100,100441,100,100884,100,100189,200,101096,100,100154,100,101189,100,100126,100,101482,100,100065,100,101770,100,100054,100,101824,100,100038,100,101850,100,99979,100
2019-06-28 09:46:11.300180942,100766,264,100692,164,100786,264,100616,264,100875,100,100441,100,100884,100,100189,200,101096,100,100154,100,101189,100,100126,100,101482,100,100065,100,101770,100,100054,100,101824,100,100038,100,101850,100,99979,100
2019-06-28 09:46:14.407353984,100766,264,100692,164,100786,264,100616,264,100875,100,100441,100,100884,100,100189,200,101096,100,100154,100,101189,100,100126,100,101482,100,100065,100,101770,100,100038,100,101824,100,99979,100,101850,100,99956,100
2019-06-28 09:46:20.000000000,100766,166,100616,166,100786,166,100441,166,100875,166,100189,266,100884,166,100154,166,101096,166,100126,166,101189,100,100065,100,101482,100,100038,100,101770,100,99979,100,101824,100,99956,100,101850,100,99949,100
2019-06-28 09:46:30.000000000,100766,429,100616,429,100786,100,100441,100,100875,100,100189,200,100884,100,100154,100,101096,100,100126,100,101189,100,100065,100,101482,100,100038,100,101770,100,99979,100,101824,100,99956,100,101850,100,99949,100
2019-06-28 09:46:40.000000000,100766,212,100616,212,100786,209,100441,209,100875,209,100189,309,100884,100,100154,100,101096,100,100126,100,101189,100,100065,100,101482,100,100038,100,101770,100,99979,100,101824,100,99956,100,101850,100,99949,100
2019-06-28 09:46:50.000000000,100766,166,100616,166,100786,166,100441,166,100875,166,100189,266,100884,166,100154,166,101096,166,100126,166,101189,100,100065,100,101482,100,100038,100,101770,100,99979,100,101824,100,99956,100,101850,100,99949,100
2019-06-28 09:46:58.315189401,100766,166,100616,66,100786,166,100441,166,100875,166,100189,266,100884,166,100154,166,101096,166,100126,166,101189,100,100065,100,101482,100,100038,100,101770,100,99979,100,101824,100,99956,100,101850,100,99949,100
2019-06-28 09:47:00.000000000,100766,429,100441,429,100786,100,100189,200,100875,100,100154,100,100884,100,100126,100,101096,100,100065,100,101189,100,100038,100,101482,100,99979,100,101770,100,99956,100,101824,100,99949,100,101850,100,99945,100
2019-06-28 09:47:10.000000000,100766,182,100441,182,100786,182,100189,282,100875,182,100154,182,100884,182,100126,182,101096,100,100065,100,101189,100,100038,100,101482,100,99979,100,101770,100,99956,100,101824,100,99949,100,101850,100,99945,100
2019-06-28 09:47:20.000000000,100766,429,100441,429,100786,100,100189,200,100875,100,100154,100,100884,100,100126,100,101096,100,100065,100,101189,100,100038,100,101482,100,99979,100,101770,100,99956,100,101824,100,99949,100,101850,100,99945,100
2019-06-28 09:47:22.168116100,100766,429,100441,329,100786,100,100189,200,100884,100,100154,100,101096,100,100126,100,101189,100,100065,100,101482,100,100038,100,101770,100,99979,100,101824,100,99956,100,101850,100,99949,100,101960,100,99945,100
2019-06-28 09:47:30.000000000,100766,264,100189,364,100786,264,100154,264,100884,100,100126,100,101096,100,100065,100,101189,100,100038,100,101482,100,99979,100,101770,100,99956,100,101824,100,99949,100,101850,100,99945,100,101960,100,99927,100
2019-06-28 09:47:40.000000000,100766,264,100189,364,100786,264,100154,264,100884,100,100126,100,101096,100,100065,100,101189,100,100038,100,101482,100,99979,100,101770,100,99956,100,101824,100,99949,100,101850,100,99945,100,101960,100,99927,100
2019-06-28 09:47:49.674716962,100766,264,100189,264,100786,264,100154,264,100884,100,100126,100,101096,100,100065,100,101189,100,100038,100,101482,100,99979,100,101770,100,99956,100,101824,100,99949,100,101850,100,99945,100,101960,100,99927,100
2019-06-28 09:47:50.000000000,100766,212,100189,212,100786,209,100154,209,100884,209,100126,209,101096,100,100065,100,101189,100,100038,100,101482,100,99979,100,101770,100,99956,100,101824,100,99949,100,101850,100,99945,100,101960,100,99927,100
2019-06-28 09:48:00.000000000,100766,182,100189,182,100786,182,100154,182,100884,182,100126,182,101096,182,100065,182,101189,100,100038,100,101482,100,99979,100,101770,100,99956,100,101824,100,99949,100,101850,100,99945,100,101960,100,99927,100
2019-06-28 09:48:05.130220136,100766,182,100189,182,100786,182,100154,182,100884,182,100126,82,101096,182,100065,182,101189,100,100038,100,101482,100,99979,100,101770,100,99956,100,101824,100,99949,100,101850,100,99945,100,101960,100,99927,100
2019-06-28 09:48:10.000000000,100766,166,100189,166,100786,166,100154,166,100884,166,100065,166,101096,166,100038,166,101189,166,99979,166,101482,100,99956,100,101770,100,99949,100,101824,100,99945,100,101850,100,99927,100,101960,100,99917,100
2019-06-28 09:48:20.000000000,100766,182,100189,182,100786,182,100154,182,100884,182,100065,182,101096,182,100038,182,101189,100,99979,100,101482,100,99956,100,101770,100,99949,100,101824,100,99945,100,101850,100,99927,100,101960,100,99917,100
2019-06-28 09:48:30.000000000,100766,264,100189,264,100786,264,100154,264,100884,100,100065,100,101096,100,100038,100,101189,100,99979,100,101482,100,99956,100,101770,100,99949,100,101824,100,99945,100,101850,100,99927,100,101960,100,99917,100
2019-06-28 09:48:40.000000000,100766,166,100189,166,100786,166,100154,166,100884,166,100065,166,101096,166,100038,166,101189,166,99979,166,101482,100,99956,100,101770,100,99949,100,101824,100,99945,100,101850,100,99927,100,101960,100,99917,100
2019-06-28 09:48:50.000000000,100766,166,100189,166,100786,166,100154,166,100884,166,100065,166,101096,166,100038,166,101189,166,99979,166,101482,100,99956,100,101770,100,99949,100,101824,100,99945,100,101850,100,99927,100,101960,100,99917,100
2019-06-28 09:49:00.000000000,100766,264,100189,264,100786,264,100154,264,100884,100,100065,100,101096,100,100038,100,101189,100,99979,100,101482,100,99956,100,101770,100,99949,100,101824,100,99945,100,101850,100,99927,100,101960,100,99917,100
2019-06-28 09:49:00.996071711,100441,100,100189,264,100766,264,100154,264,100786,264,100065,100,100884,100,99979,100,101096,100,99956,100,101189,100,99949,100,101482,100,99945,100,101770,100,99927,100,101824,100,99917,100,101850,100,99916,100
2019-06-28 09:49:01.622396428,100441,100,100189,164,100766,264,100154,264,100786,264,100065,100,100884,100,99979,100,101096,100,99956,100,101189,100,99949,100,101482,100,99945,100,101770,100,99927,100,101824,100,99917,100,101850,100,99916,100
2019-06-28 09:49:10.000000000,100441,212,100154,212,100766,209,100065,209,100786,209,99979,209,100884,100,99956,100,101096,100,99949,100,101189,100,99945,100,101482,100,99927,100,101770,100,99917,100,101824,100,99916,100,101850,100,99911,100
2019-06-28 09:49:20.000000000,100441,166,100154,166,100766,166,100065,166,100786,166,99979,166,100884,166,99956,166,101096,166,99949,166,101189,100,99945,100,101482,100,99927,100,101770,100,99917,100,101824,100,99916,100,101850,100,99911,100
2019-06-28 09:49:30.000000000,100441,429,100154,429,100766,100,100065,100,100786,100,99979,100,100884,100,99956,100,101096,100,99949,100,101189,100,99945,100,101482,100,99927,100,101770,100,99917,100,101824,100,99916,100,101850,100,99911,100
2019-06-28 09:49:40.000000000,100441,264,100154,264,100766,264,100065,264,100786,100,99979,100,100884,100,99956,100,101096,100,99949,100,101189,100,99945,100,101482,100,99927,100,101770,100,99917,100,101824,100,99916,100,101850,100,99911,100
2019-06-28 09:49:50.000000000,100441,166,100154,166,100766,166,100065,166,100786,166,99979,166,100884,166,99956,166,101096,166,99949,166,101189,100,99945,100,101482,100,99927,100,101770,100,99917,100,101824,100,99916,100,101850,100,99911,100
2019-06-28 09:49:51.252065760,100441,166,100154,66,100766,166,100065,166,100786,166,99979,166,100884,166,99956,166,101096,166,99949,166,101189,100,99945,100,101482,100,99927,100,101770,100,99917,100,101824,100,99916,100,101850,100,99911,100
2019-06-28 09:49:54.082647498,100441,166,100154,66,100766,166,100065,166,100786,166,99979,166,100884,166,99956,166,101096,166,99949,166,101189,100,99945,100,101482,100,99927,100,101770,100,99917,100,101824,100,99916,100,101850,100,99911,100
2019-06-28 09:50:00.000000000,100441,264,100065,264,100766,264,99979,264,100786,100,99956,100,100884,100,99949,100,101096,100,99945,100,101189,100,99927,100,101482,100,99917,100,101770,100,99916,100,101824,100,99911,100,101850,100,99876,100
2019-06-28 09:50:10.000000000,100441,264,100065,264,100766,264,99979,264,100786,100,99956,100,100884,100,99949,100,101096,100,99945,100,101189,100,99927,100,101482,100,99917,100,101770,100,99916,100,101824,100,99911,100,101850,100,99876,100
2019-06-28 09:50:20.000000000,100441,429,100065,429,100766,100,99979,100,100786,100,99956,100,100884,100,99949,100,101096,100,99945,100,101189,100,99927,100,101482,100,99917,100,101770,100,99916,100,101824,100,99911,100,101850,100,99876,100
2019-06-28 09:50:30.000000000,100441,429,100065,429,100766,100,99979,100,100786,100,99956,100,100884,100,99949,100,101096,100,99945,100,101189,100,99927,100,101482,100,99917,100,101770,100,99916,100,101824,100,99911,100,101850,100,99876,100
2019-06-28 09:50:33.876851895,100441,429,100440,100,100766,100,100065,429,100786,100,99979,100,100884,100,99956,100,101096,100,99949,100,101189,100,99945,100,101482,100,99927,100,101770,100,99917,100,101824,100,99916,100,101850,100,99911,100
2019-06-28 09:50:40.000000000,100441,212,100440,212,100766,209,100065,209,100786,209,99979,209,100884,100,99956,100,101096,100,99949,100,101189,100,99945,100,101482,100,99927,100,101770,100,99917,100,101824,100,99916,100,101850,100,99911,100
2019-06-28 09:50:40.049034803,100441,212,100440,212,100649,100,100065,209,100766,209,99979,209,100786,209,99956,100,100884,100,99949,100,101096,100,99945,100,101189,100,99927,100,101482,100,99917,100,101770,100,99916,100,101824,100,99911,100
2019-06-28 09:50:50.000000000,100441,182,100440,182,100649,182,100065,182,100766,182,99979,182,100786,182,99956,182,100884,100,99949,100,101096,100,99945,100,101189,100,99927,100,101482,100,99917,100,101770,100,99916,100,101824,100,99911,100
2019-06-28 09:50:50.655231604,100441,182,100440,182,100649,182,100065,182,100766,182,99979,182,100786,182,99956,182,100884,100,99949,100,101096,100,99945,100,101189,100,99927,100,101482,100,99917,100,101770,100,99916,100,101824,100,99911,100
2019-06-28 09:51:00.000000000,100441,264,100440,264,100649,264,100065,264,100766,100,99979,100,100786,100,99956,100,100884,100,99949,100,101096,100,99945,100,101189,100,99927,100,101482,100,99917,100,101770,100,99916,100,101824,100,99911,100
2019-06-28 09:51:10.000000000,100441,166,100440,166,100649,166,100065,166,100766,166,99979,166,100786,166,99956,166,100884,166,99949,166,101096,100,99945,100,101189,100,99927,100,101482,100,99917,100,101770,100,99916,100,101824,100,99911,100
2019-06-28 09:51:20.000000000,100441,166,100440,166,100649,166,100065,166,100766,166,99979,166,100786,166,99956,166,100884,166,99949,166,101096,100,99945,100,101189,100,99927,100,101482,100,99917,100,101770,100,99916,100,101824,100,99911,100
2019-06-28 09:51:28.532648830,100441,166,100440,66,100649,166,100065,166,100766,166,99979,166,100786,166,99956,166,100884,166,99949,166,101096,100,99945,100,101189,100,99927,100,101482,100,99917,100,101770,100,99916,100,101824,100,99911,100
2019-06-28 09:51:30.000000000,100441,212,100065,212,100649,209,99979,209,100766,209,99956,209,100786,100,99949,100,100884,100,99945,100,101096,100,99927,100,101189,100,99917,100,101482,100,99916,100,101770,100,99911,100,101824,100,99882,100
2019-06-28 09:51:35.817750408,100440,100,100065,212,100441,212,99979,209,100649,209,99956,209,100766,209,99949,100,100786,100,99945,100,100884,100,99927,100,101096,100,99917,100,101189,100,99916,100,101482,100,99911,100,101770,100,99882,100
2019-06-28 09:51:40.000000000,100440,182,100065,182,100441,182,99979,182,100649,182,99956,182,100766,182,99949,182,100786,100,99945,100,100884,100,99927,100,101096,100,99917,100,101189,100,99916,100,101482,100,99911,100,101770,100,99882,100
2019-06-28 09:51:46.570329087,100440,282,100065,182,100441,182,99979,182,100649,182,99956,182,100766,182,99949,182,100786,100,99945,100,100884,100,99927,100,101096,100,99917,100,101189,100,99916,100,101482,100,99911,100,101770,100,99882,100
2019-06-28 09:51:50.000000000,100440,282,100065,182,100441,182,99979,182,100649,182,99956,182,100766,182,99949,182,100786,100,99945,100,100884,100,99927,100,101096,100,99917,100,101189,100,99916,100,101482,100,99911,100,101770,100,99882,100
2019-06-28 09:51:50.882307238,100177,100,100065,182,100440,282,99979,182,100441,182,99956,182,100649,182,99949,182,100766,182,99945,100,100786,100,99927,100,100884,100,99917,100,101096,100,99916,100,101189,100,99911,100,101482,100,99882,100
2019-06-28 09:52:00.000000000,100177,182,100065,182,100440,282,99979,182,100441,182,99956,182,100649,182,99949,182,100766,100,99945,100,100786,100,99927,100,100884,100,99917,100,101096,100,99916,100,101189,100,99911,100,101482,100,99882,100
2019-06-28 09:52:05.178316318,100177,182,100065,182,100440,282,100016,100,100441,182,99979,182,100649,182,99956,182,100766,100,99949,182,100786,100,99945,100,100884,100,99927,100,101096,100,99917,100,101189,100,99916,100,101482,100,99911,100
2019-06-28 09:52:10.000000000,100177,182,100065,182,100440,282,100016,182,100441,182,99979,182,100649,182,99956,182,100766,100,99949,100,100786,100,99945,100,100884,100,99927,100,101096,100,99917,100,101189,100,99916,100,101482,100,99911,100
2019-06-28 09:52:10.978477348,100177,182,100065,182,100440,282,100016,182,100441,182,99979,182,100649,182,99956,182,100766,100,99949,100,100786,100,99945,100,100884,100,99935,100,101096,100,99927,100,101189,100,99917,100,101482,100,99916,100
2019-06-28 09:52:18.329182675,100177,82,100065,182,100440,282,100016,182,100441,182,99979,182,100649,182,99956,182,100766,100,99949,100,100786,100,99945,100,100884,100,99935,100,101096,100,99927,100,101189,100,99917,100,101482,100,99916,100
2019-06-28 09:52:20.000000000,100440,282,100065,182,100441,182,100016,182,100649,182,99979,182,100766,182,99956,182,100786,100,99949,100,100884,100,99945,100,101096,100,99935,100,101189,100,99927,100,101482,100,99917,100,101770,100,99916,100
2019-06-28 09:52:30.000000000,100440,282,100065,182,100441,182,100016,182,100649,182,99979,182,100766,182,99956,182,100786,100,99949,100,100884,100,99945,100,101096,100,99935,100,101189,100,99927,100,101482,100,99917,100,101770,100,99916,100
2019-06-28 09:52:40.000000000,100440,529,100065,429,100441,100,100016,100,100649,100,99979,100,100766,100,99956,100,100786,100,99949,100,100884,100,99945,100,101096,100,99935,100,101189,100,99927,100,101482,100,99917,100,101770,100,99916,100
2019-06-28 09:52:47.804993496,100440,529,100189,100,100441,100,100065,429,100649,100,100016,100,100766,100,99979,100,100786,100,99956,100,100884,100,99949,100,101096,100,99945,100,101189,100,99935,100,101482,100,99927,100,101770,100,99917,100
2019-06-28 09:52:49.581879119,100440,529,100207,100,100441,100,100189,100,100649,100,100065,429,100766,100,100016,100,100786,100,99979,100,100884,100,99956,100,101096,100,99949,100,101189,100,99945,100,101482,100,99935,100,101850,100,99927,100
2019-06-28 09:52:50.000000000,100440,312,100207,212,100441,209,100189,209,100649,209,100065,209,100766,100,100016,100,100786,100,99979,100,100884,100,99956,100,101096,100,99949,100,101189,100,99945,100,101482,100,99935,100,101850,100,99927,100
2019-06-28 09:52:50.915204306,100440,312,100207,212,100441,209,100189,309,100649,209,100065,209,100766,100,100016,100,100786,100,99979,100,100884,100,99956,100,101096,100,99949,100,101189,100,99945,100,101482,100,99935,100,101850,100,99927,100
2019-06-28 09:53:00.000000000,100440,312,100207,212,100441,209,100189,309,100649,209,100065,209,100766,100,100016,100,100786,100,99979,100,100884,100,99956,100,101096,100,99949,100,101189,100,99945,100,101482,100,99935,100,101850,100,99927,100
2019-06-28 09:53:08.935763741,100439,100,100207,212,100440,312,100189,309,100441,209,100065,209,100649,209,100016,100,100766,100,99979,100,100786,100,99956,100,100884,100,99949,100,101096,100,99945,100,101189,100,99935,100,101482,100,99927,100
2019-06-28 09:53:10.000000000,100439,264,100207,264,100440,364,100189,364,100441,100,100065,100,100649,100,100016,100,100766,100,99979,100,100786,100,99956,100,100884,100,99949,100,101096,100,99945,100,101189,100,99935,100,101482,100,99927,100
2019-06-28 09:53:20.000000000,100439,182,100207,182,100440,282,100189,282,100441,182,100065,182,100649,182,100016,182,100766,100,99979,100,100786,100,99956,100,100884,100,99949,100,101096,100,99945,100,101189,100,99935,100,101482,100,99927,100
2019-06-28 09:53:30.000000000,100439,429,100207,429,100440,200,100189,200,100441,100,100065,100,100649,100,100016,100,100766,100,99979,100,100786,100,99956,100,100884,100,99949,100,101096,100,99945,100,101189,100,99935,100,101482,100,99927,100
2019-06-28 09:53:39.457557402,100439,429,100207,429,100440,200,100189,200,100441,100,100140,100,100649,100,100065,100,100766,100,100016,100,100786,100,99979,100,100884,100,99956,100,101096,100,99945,100,101189,100,99935,100,101482,100,99927,100
2019-06-28 09:53:40.000000000,100439,182,100207,182,100440,282,100189,282,100441,182,100140,182,100649,182,100065,182,100766,100,100016,100,100786,100,99979,100,100884,100,99956,100,101096,100,99945,100,101189,100,99935,100,101482,100,99927,100
2019-06-28 09:53:50.000000000,100439,166,100207,166,100440,266,100189,266,100441,166,100140,166,100649,166,100065,166,100766,166,100016,166,100786,100,99979,100,100884,100,99956,100,101096,100,99945,100,101189,100,99935,100,101482,100,99927,100
2019-06-28 09:53:57.627270483,100439,166,100207,166,100440,266,100189,266,100441,166,100140,166,100649,166,100065,166,100766,166,100016,166,100770,100,99979,100,100786,100,99956,100,100884,100,99945,100,101096,100,99935,100,101189,100,99927,100
2019-06-28 09:54:00.000000000,100439,264,100207,264,100440,364,100189,364,100441,100,100140,100,100649,100,100065,100,100766,100,100016,100,100770,100,99979,100,100786,100,99956,100,100884,100,99945,100,101096,100,99935,100,101189,100,99927,100
2019-06-28 09:54:05.267789095,100439,264,100207,264,100440,264,100189,364,100441,100,100140,100,100649,100,100065,100,100766,100,100016,100,100770,100,99979,100,100786,100,99956,100,100884,100,99945,100,101096,100,99935,100,101189,100,99927,100
2019-06-28 09:54:06.248554963,100439,264,100207,264,100440,264,100189,364,100441,100,100140,100,100559,100,100065,100,100649,100,100016,100,100766,100,99979,100,100770,100,99956,100,100786,100,99945,100,100884,100,99935,100,101096,100,99927,100
2019-06-28 09:54:08.929004648,100439,264,100207,264,100440,264,100189,364,100441,100,100140,100,100525,100,100065,100,100559,100,100016,100,100649,100,99979,100,100766,100,99956,100,100786,100,99945,100,100884,100,99935,100,101096,100,99927,100
2019-06-28 09:54:10.000000000,100439,182,100207,182,100440,182,100189,282,100441,182,100140,182,100525,182,100065,182,100559,100,100016,100,100649,100,99979,100,100766,100,99956,100,100786,100,99945,100,100884,100,99935,100,101096,100,99927,100
2019-06-28 09:54:20.000000000,100439,212,100207,212,100440,209,100189,309,100441,209,100140,209,100525,100,100065,100,100559,100,100016,100,100649,100,99979,100,100766,100,99956,100,100786,100,99945,100,100884,100,99935,100,101096,100,99927,100
2019-06-28 09:54:30.000000000,100439,182,100207,182,100440,182,100189,282,100441,182,100140,182,100525,182,100065,182,100559,100,100016,100,100649,100,99979,100,100766,100,99956,100,100786,100,99945,100,100884,100,99935,100,101096,100,99927,100
2019-06-28 09:54:40.000000000,100439,212,100207,212,100440,209,100189,309,100441,209,100140,209,100525,100,100065,100,100559,100,100016,100,100649,100,99979,100,100766,100,99956,100,100786,100,99945,100,100884,100,99935,100,101096,100,99927,100
2019-06-28 09:54:40.965011732,100439,212,100207,212,100440,209,100189,309,100441,209,100140,209,100525,100,100065,100,100559,100,100016,100,100649,100,99979,100,100745,100,99956,100,100766,100,99945,100,100786,100,99935,100,100884,100,99927,100
2019-06-28 09:54:49.890512350,100439,212,100207,212,100440,209,100189,309,100441,209,100140,209,100525,100,100065,100,100559,100,100016,100,100649,100,99979,100,100693,100,99956,100,100745,100,99945,100,100766,100,99935,100,100786,100,99927,100
2019-06-28 09:54:49.898202718,100439,212,100207,212,100440,209,100189,309,100441,209,100140,209,100525,100,100065,100,100559,100,100016,100,100649,100,99979,100,100693,100,99956,100,100745,100,99945,100,100766,100,99935,100,100782,100,99927,100
2019-06-28 09:54:50.000000000,100439,166,100207,166,100440,166,100189,266,100441,166,100140,166,100525,166,100065,166,100559,166,100016,166,100649,100,99979,100,100693,100,99956,100,100745,100,99945,100,100766,100,99935,100,100782,100,99927,100
2019-06-28 09:55:00.000000000,100439,212,100207,212,100440,209,100189,309,100441,209,100140,209,100525,100,100065,100,100559,100,100016,100,100649,100,99979,100,100693,100,99956,100,100745,100,99945,100,100766,100,99935,100,100782,100,99927,100
2019-06-28 09:55:01.793248797,100439,212,100372,100,100440,209,100207,212,100441,209,100189,309,100525,100,100140,209,100559,100,100065,100,100649,100,100016,100,100693,100,99979,100,100745,100,99956,100,100766,100,99935,100,100782,100,99927,100
2019-06-28 09:55:10.000000000,100439,166,100372,166,100440,166,100207,166,100441,166,100189,266,100525,166,100140,166,100559,166,100065,166,100649,100,100016,100,100693,100,99979,100,100745,100,99956,100,100766,100,99935,100,100782,100,99927,100
2019-06-28 09:55:20.000000000,100439,166,100372,166,100440,166,100207,166,100441,166,100189,266,100525,166,100140,166,100559,166,100065,166,100649,100,100016,100,100693,100,99979,100,100745,100,99956,100,100766,100,99935,100,100782,100,99927,100
2019-06-28 09:55:30.000000000,100439,182,100372,182,100440,182,100207,182,100441,182,100189,282,100525,182,100140,182,100559,100,100065,100,100649,100,100016,100,100693,100,99979,100,100745,100,99956,100,100766,100,99935,100,100782,100,99927,100
2019-06-28 09:55:33.676116385,100439,282,100372,182,100440,182,100207,182,100441,182,100189,282,100525,182,100140,182,100559,100,100065,100,100649,100,100016,100,100693,100,99979,100,100745,100,99956,100,100766,100,99935,100,100782,100,99927,100
2019-06-28 09:55:36.744019477,100439,282,100372,182,100440,182,100207,182,100441,182,100189,282,100525,182,100140,182,100559,100,100065,100,100649,100,100016,100,100693,100,99979,100,100745,100,99956,100,100766,100,99935,100,100782,100,99927,100
2019-06-28 09:55:40.000000000,100439,312,100372,212,100440,209,100207,209,100441,209,100189,309,100525,100,100140,100,100559,100,100065,100,100649,100,100016,100,100693,100,99979,100,100745,100,99956,100,100766,100,99935,100,100782,100,99927,100
2019-06-28 09:55:43.827746278,100439,312,100372,112,100440,209,100207,209,100441,209,100189,309,100525,100,100140,100,100559,100,100065,100,100649,100,100016,100,100693,100,99979,100,100745,100,99956,100,100766,100,99935,100,100782,100,99927,100
2019-06-28 09:55:50.000000000,100439,364,100207,264,100440,264,100189,364,100441,100,100140,100,100525,100,100065,100,100559,100,100016,100,100649,100,99979,100,100693,100,99956,100,100745,100,99935,100,100766,100,99927,100,100782,100,99916,100
2019-06-28 09:55:52.030895045,100439,364,100207,164,100440,264,100189,364,100441,100,100140,100,100525,100,100065,100,100559,100,100016,100,100649,100,99979,100,100693,100,99956,100,100745,100,99935,100,100766,100,99927,100,100782,100,99916,100
2019-06-28 09:56:00.000000000,100439,529,100189,529,100440,100,100140,100,100441,100,100065,100,100525,100,100016,100,100559,100,99979,100,100649,100,99956,100,100693,100,99935,100,100745,100,99927,100,100766,100,99916,100,100782,100,99911,100
2019-06-28 09:56:10.000000000,100439,312,100189,312,100440,209,100140,209,100441,209,100065,209,100525,100,100016,100,100559,100,99979,100,100649,100,99956,100,100693,100,99935,100,100745,100,99927,100,100766,100,99916,100,100782,100,99911,100
2019-06-28 09:56:10.324889796,100439,312,100189,312,100440,209,100140,209,100441,209,100065,209,100525,100,100016,100,100559,100,99979,100,100649,100,99956,100,100693,100,99935,100,100745,100,99927,100,100766,100,99916,100,100782,100,99911,100
2019-06-28 09:56:20.000000000,100439,282,100189,282,100440,182,100140,182,100441,182,100065,182,100525,182,100016,182,100559,100,99979,100,100649,100,99956,100,100693,100,99935,100,100745,100,99927,100,100766,100,99916,100,100782,100,99911,100
2019-06-28 09:56:23.583065273,100372,100,100189,282,100439,282,100140,182,100440,182,100065,182,100441,182,100016,182,100525,182,99979,100,100559,100,99956,100,100649,100,99935,100,100693,100,99927,100,100745,100,99916,100,100766,100,99911,100
2019-06-28 09:56:28.076341259,100372,100,100189,282,100439,282,100140,182,100440,182,100065,182,100441,182,100016,182,100525,182,99979,100,100559,100,99956,100,100649,100,99935,100,100693,100,99931,100,100745,100,99927,100,100766,100,99916,100
2019-06-28 09:56:29.084268039,100372,100,100189,282,100439,282,100140,82,100440,182,100065,182,100441,182,100016,182,100525,182,99979,100,100559,100,99956,100,100649,100,99935,100,100693,100,99931,100,100745,100,99927,100,100766,100,99916,100
2019-06-28 09:56:30.000000000,100372,212,100189,312,100439,309,100065,209,100440,209,100016,209,100441,100,99979,100,100525,100,99956,100,100559,100,99935,100,100649,100,99931,100,100693,100,99927,100,100745,100,99916,100,100766,100,99911,100
2019-06-28 09:56:40.000000000,100372,264,100189,364,100439,364,100065,264,100440,100,100016,100,100441,100,99979,100,100525,100,99956,100,100559,100,99935,100,100649,100,99931,100,100693,100,99927,100,100745,100,99916,100,100766,100,99911,100
2019-06-28 09:56:49.766159897,100372,264,100189,364,100439,364,100065,264,100440,100,100016,100,100441,100,99956,100,100525,100,99935,100,100559,100,99931,100,100649,100,99927,100,100693,100,99916,100,100745,100,99911,100,100766,100,99891,100
2019-06-28 09:56:50.000000000,100372,166,100189,266,100439,266,100065,166,100440,166,100016,166,100441,166,99956,166,100525,166,99935,166,100559,100,99931,100,100649,100,99927,100,100693,100,99916,100,100745,100,99911,100,100766,100,99891,100
2019-06-28 09:57:00.000000000,100372,212,100189,312,100439,309,100065,209,100440,209,100016,209,100441,100,99956,100,100525,100,99935,100,100559,100,99931,100,100649,100,99927,100,100693,100,99916,100,100745,100,99911,100,100766,100,99891,100
2019-06-28 09:57:10.000000000,100372,212,100189,312,100439,309,100065,209,100440,209,100016,209,100441,100,99956,100,100525,100,99935,100,100559,100,99931,100,100649,100,99927,100,100693,100,99916,100,100745,100,99911,100,100766,100,99891,100
2019-06-28 09:57:12.492428526,100372,112,100189,312,100439,309,100065,209,100440,209,100016,209,100441,100,99956,100,100525,100,99935,100,100559,100,99931,100,100649,100,99927,100,100693,100,99916,100,100745,100,99911,100,100766,100,99891,100
2019-06-28 09:57:20.000000000,100439,364,100189,364,100440,264,100065,264,100441,100,100016,100,100525,100,99956,100,100559,100,99935,100,100649,100,99931,100,100693,100,99927,100,100745,100,99916,100,100766,100,99911,100,100782,100,99891,100
2019-06-28 09:57:30.000000000,100439,529,100189,529,100440,100,100065,100,100441,100,100016,100,100525,100,99956,100,100559,100,99935,100,100649,100,99931,100,100693,100,99927,100,100745,100,99916,100,100766,100,99911,100,100782,100,99891,100
2019-06-28 09:57:32.311409622,100439,429,100189,529,100440,100,100065,100,100441,100,100016,100,100525,100,99956,100,100559,100,99935,100,100649,100,99931,100,100693,100,99927,100,100745,100,99916,100,100766,100,99911,100,100782,100,99891,100
2019-06-28 09:57:34.301210075,100439,329,100189,529,100440,100,100065,100,100441,100,100016,100,100525,100,99956,100,100559,100,99935,100,100649,100,99931,100,100693,100,99927,100,100745,100,99916,100,100766,100,99911,100,100782,100,99891,100
2019-06-28 09:57:40.000000000,100440,212,100189,312,100441,209,100065,209,100525,209,100016,209,100559,100,99956,100,100649,100,99935,100,100693,100,99931,100,100745,100,99927,100,100766,100,99916,100,100782,100,99911,100,100884,100,99891,100
2019-06-28 09:57:50.000000000,100440,429,100189,529,100441,100,100065,100,100525,100,100016,100,100559,100,99956,100,100649,100,99935,100,100693,100,99931,100,100745,100,99927,100,100766,100,99916,100,100782,100,99911,100,100884,100,99891,100
2019-06-28 09:57:56.029483109,100440,429,100189,529,100441,100,100065,100,100525,100,100016,100,100559,100,99956,100,100606,100,99935,100,100649,100,99927,100,100693,100,99916,100,100745,100,99911,100,100766,100,99891,100,100782,100,99882,100
2019-06-28 09:58:00.000000000,100440,182,100189,282,100441,182,100065,182,100525,182,100016,182,100559,182,99956,182,100606,100,99935,100,100649,100,99927,100,100693,100,99916,100,100745,100,99911,100,100766,100,99891,100,100782,100,99882,100
2019-06-28 09:58:07.712613510,100440,182,100189,282,100441,182,100065,182,100525,82,100016,182,100559,182,99956,182,100606,100,99935,100,100649,100,99927,100,100693,100,99916,100,100745,100,99911,100,100766,100,99891,100,100782,100,99882,100
2019-06-28 09:58:10.000000000,100440,166,100189,266,100441,166,100065,166,100559,166,100016,166,100606,166,99956,166,100649,166,99935,166,100693,100,99927,100,100745,100,99916,100,100766,100,99911,100,100782,100,99891,100,100860,100,99882,100
2019-06-28 09:58:20.000000000,100440,212,100189,312,100441,209,100065,209,100559,209,100016,209,100606,100,99956,100,100649,100,99935,100,100693,100,99927,100,100745,100,99916,100,100766,100,99911,100,100782,100,99891,100,100860,100,99882,100
2019-06-28 09:58:24.278362104,100440,212,100189,312,100441,209,100065,209,100559,209,100016,209,100606,100,99956,100,100649,100,99935,100,100693,100,99927,100,100745,100,99916,100,100766,100,99911,100,100782,100,99891,100,100860,100,99882,100
2019-06-28 09:58:30.000000000,100440,429,100189,529,100441,100,100065,100,100559,100,100016,100,100606,100,99956,100,100649,100,99935,100,100693,100,99927,100,100745,100,99916,100,100766,100,99911,100,100782,100,99891,100,100860,100,99882,100
2019-06-28 09:58:40.000000000,100440,429,100189,529,100441,100,100065,100,100559,100,100016,100,100606,100,99956,100,100649,100,99935,100,100693,100,99927,100,100745,100,99916,100,100766,100,99911,100,100782,100,99891,100,100860,100,99882,100
2019-06-28 09:58:50.000000000,100440,182,100189,282,100441,182,100065,182,100559,182,100016,182,100606,182,99956,182,100649,100,99935,100,100693,100,99927,100,100745,100,99916,100,100766,100,99911,100,100782,100,99891,100,100860,100,99882,100
2019-06-28 09:58:58.947013648,100440,182,100189,282,100441,182,100065,182,100559,182,100016,182,100606,182,99956,182,100649,100,99935,100,100654,100,99927,100,100693,100,99916,100,100745,100,99911,100,100766,100,99891,100,100782,100,99882,100
2019-06-28 09:58:59.489336744,100440,82,100189,282,100441,182,100065,182,100559,182,100016,182,100606,182,99956,182,100649,100,99935,100,100654,100,99927,100,100693,100,99916,100,100745,100,99911,100,100766,100,99891,100,100782,100,99882,100
2019-06-28 09:59:00.000000000,100441,166,100189,266,100559,166,100065,166,100606,166,100016,166,100649,166,99956,166,100654,166,99935,166,100693,100,99927,100,100745,100,99916,100,100766,100,99911,100,100782,100,99891,100,100860,100,99882,100
2019-06-28 09:59:10.000000000,100441,264,100189,364,100559,264,100065,264,100606,100,100016,100,100649,100,99956,100,100654,100,99935,100,100693,100,99927,100,100745,100,99916,100,100766,100,99911,100,100782,100,99891,100,100860,100,99882,100
2019-06-28 09:59:20.000000000,100441,429,100189,529,100559,100,100065,100,100606,100,100016,100,100649,100,99956,100,100654,100,99935,100,100693,100,99927,100,100745,100,99916,100,100766,100,99911,100,100782,100,99891,100,100860,100,99882,100
2019-06-28 09:59:30.000000000,100441,212,100189,312,100559,209,100065,209,100606,209,100016,209,100649,100,99956,100,100654,100,99935,100,100693,100,99927,100,100745,100,99916,100,100766,100,99911,100,100782,100,99891,100,100860,100,99882,100
2019-06-28 09:59:35.832606034,100441,112,100189,312,100559,209,100065,209,100606,209,100016,209,100649,100,99956,100,100654,100,99935,100,100693,100,99927,100,100745,100,99916,100,100766,100,99911,100,100782,100,99891,100,100860,100,99882,100
2019-06-28 09:59:40.000000000,100559,182,100189,282,100606,182,100065,182,100649,182,100016,182,100654,182,99956,182,100693,100,99935,100,100745,100,99927,100,100766,100,99916,100,100782,100,99911,100,100860,100,99891,100,100884,100,99882,100
2019-06-28 09:59:50.000000000,100559,212,100189,312,100606,209,100065,209,100649,209,100016,209,100654,100,99956,100,100693,100,99935,100,100745,100,99927,100,100766,100,99916,100,100782,100,99911,100,100860,100,99891,100,100884,100,99882,100
2019-06-28 09:59:56.202561469,100559,212,100189,312,100606,209,100065,209,100649,209,100016,209,100654,100,99956,100,100693,100,99935,100,100745,100,99927,100,100766,100,99916,100,100782,100,99911,100,100860,100,99891,100,100895,100,99882,100
2019-06-28 10:00:00.000000000,100559,429,100189,529,100606,100,100065,100,100649,100,100016,100,100654,100,99956,100,100693,100,99935,100,100745,100,99927,100,100766,100,99916,100,100782,100,99911,100,100860,100,99891,100,100895,100,99882,100
2019-06-28 10:00:07.105908653,100559,429,100440,100,100606,100,100189,529,100649,100,100065,100,100654,100,100016,100,100693,100,99956,100,100745,100,99935,100,100766,100,99927,100,100782,100,99916,100,100860,100,99911,100,100895,100,99891,100
2019-06-28 10:00:10.000000000,100559,429,100440,429,100606,100,100189,200,100649,100,100065,100,100654,100,100016,100,100693,100,99956,100,100745,100,99935,100,100766,100,99927,100,100782,100,99916,100,100860,100,99911,100,100895,100,99891,100
2019-06-28 10:00:20.000000000,100559,264,100440,264,100606,264,100189,364,100649,100,100065,100,100654,100,100016,100,100693,100,99956,100,100745,100,99935,100,100766,100,99927,100,100782,100,99916,100,100860,100,99911,100,100895,100,99891,100
2019-06-28 10:00:30.000000000,100559,166,100440,166,100606,166,100189,266,100649,166,100065,166,100654,166,100016,166,100693,166,99956,166,100745,100,99935,100,100766,100,99927,100,100782,100,99916,100,100860,100,99911,100,100895,100,99891,100
2019-06-28 10:00:31.319971990,100559,166,100440,166,100606,166,100439,100,100649,166,100189,266,100654,166,100065,166,100693,166,100016,166,100766,100,99956,166,100782,100,99935,100,100860,100,99927,100,100895,100,99916,100,101096,100,99911,100
2019-06-28 10:00:31.526628744,100559,166,100440,166,100606,166,100439,100,100649,166,100189,266,100654,166,100065,166,100693,166,100016,166,100766,100,99956,166,100782,100,99935,100,100860,100,99927,100,100895,100,99916,100,101096,100,99911,100
2019-06-28 10:00:32.166710555,100559,166,100440,66,100606,166,100439,100,100649,166,100189,266,100654,166,100065,166,100693,166,100016,166,100766,100,99956,166,100782,100,99935,100,100860,100,99927,100,100895,100,99916,100,101096,100,99911,100
2019-06-28 10:00:32.999141555,100440,34,100439,100,100559,166,100189,266,100606,166,100065,166,100649,166,100016,166,100654,166,99956,166,100693,166,99935,100,100766,100,99927,100,100782,100,99916,100,100860,100,99911,100,100895,100,99891,100
2019-06-28 10:00:40.000000000,100440,198,100439,264,100559,264,100189,364,100606,100,100065,100,100649,100,100016,100,100654,100,99956,100,100693,100,99935,100,100766,100,99927,100,100782,100,99916,100,100860,100,99911,100,100895,100,99891,100
2019-06-28 10:00:45.890094959,100440,198,100439,264,100559,264,100189,364,100606,100,100158,100,100649,100,100065,100,100654,100,100016,100,100693,100,99956,100,100766,100,99935,100,100860,100,99927,100,100895,100,99916,100,101096,100,99911,100
2019-06-28 10:00:50.000000000,100440,363,100439,429,100559,100,100189,200,100606,100,100158,100,100649,100,100065,100,100654,100,100016,100,100693,100,99956,100,100766,100,99935,100,100860,100,99927,100,100895,100,99916,100,101096,100,99911,100
2019-06-28 10:01:00.000000000,100440,100,100439,166,100559,166,100189,266,100606,166,100158,166,100649,166,100065,166,100654,166,100016,166,100693,100,99956,100,100766,100,99935,100,100860,100,99927,100,100895,100,99916,100,101096,100,99911,100
2019-06-28 10:01:00.152769849,100440,100,100439,166,100559,166,100189,266,100606,166,100158,166,100649,166,100065,166,100654,166,100016,166,100693,100,99956,100,100766,100,99935,100,100860,100,99927,100,100895,100,99916,100,101096,100,99911,100
2019-06-28 10:01:10.000000000,100440,116,100439,182,100559,182,100189,282,100606,182,100158,182,100649,182,100065,182,100654,100,100016,100,100693,100,99956,100,100766,100,99935,100,100860,100,99927,100,100895,100,99916,100,101096,100,99911,100
2019-06-28 10:01:10.160144933,100440,116,100439,182,100559,182,100317,100,100606,182,100189,282,100649,182,100158,182,100654,100,100065,182,100693,100,100016,100,100766,100,99956,100,100860,100,99935,100,100895,100,99927,100,101096,100,99916,100
2019-06-28 10:01:12.074248597,100440,216,100439,182,100559,182,100317,100,100606,182,100189,282,100649,182,100158,182,100654,100,100065,182,100693,100,100016,100,100766,100,99956,100,100860,100,99935,100,100895,100,99927,100,101096,100,99916,100
2019-06-28 10:01:20.000000000,100440,216,100439,182,100559,182,100317,182,100606,182,100189,282,100649,182,100158,182,100654,100,100065,100,100693,100,100016,100,100766,100,99956,100,100860,100,99935,100,100895,100,99927,100,101096,100,99916,100
2019-06-28 10:01:30.000000000,100440,298,100439,264,100559,264,100317,264,100606,100,100189,200,100649,100,100158,100,100654,100,100065,100,100693,100,100016,100,100766,100,99956,100,100860,100,99935,100,100895,100,99927,100,101096,100,99916,100
2019-06-28 10:01:40.000000000,100440,463,100439,429,100559,100,100317,100,100606,100,100189,200,100649,100,100158,100,100654,100,100065,100,100693,100,100016,100,100766,100,99956,100,100860,100,99935,100,100895,100,99927,100,101096,100,99916,100
2019-06-28 10:01:49.354135316,100440,463,100439,429,100559,100,100317,100,100606,100,100189,200,100649,100,100158,100,100654,100,100065,100,100693,100,100016,100,100766,100,99956,100,100860,100,99935,100,100895,100,99927,100,101096,100,99916,100
2019-06-28 10:01:50.000000000,100440,246,100439,212,100559,209,100317,209,100606,209,100189,309,100649,100,100158,100,100654,100,100065,100,100693,100,100016,100,100766,100,99956,100,100860,100,99935,100,100895,100,99927,100,101096,100,99916,100
2019-06-28 10:02:00.000000000,100440,463,100439,429,100559,100,100317,100,100606,100,100189,200,100649,100,100158,100,100654,100,100065,100,100693,100,100016,100,100766,100,99956,100,100860,100,99935,100,100895,100,99927,100,101096,100,99916,100
2019-06-28 10:02:00.351235496,100440,463,100439,429,100559,100,100317,100,100606,100,100189,200,100649,100,100180,100,100654,100,100158,100,100693,100,100065,100,100766,100,100016,100,100860,100,99956,100,101096,100,99935,100,101189,100,99927,100
2019-06-28 10:02:10.000000000,100440,216,100439,182,100559,182,100317,182,100606,182,100189,282,100649,182,100180,182,100654,100,100158,100,100693,100,100065,100,100766,100,100016,100,100860,100,99956,100,101096,100,99935,100,101189,100,99927,100
2019-06-28 10:02:14.869327496,100440,216,100439,182,100559,182,100317,182,100606,182,100189,282,100649,182,100180,182,100654,100,100158,100,100693,100,100065,100,100766,100,100033,100,100860,100,100016,100,101096,100,99956,100,101189,100,99935,100
2019-06-28 10:02:20.000000000,100440,463,100439,429,100559,100,100317,100,100606,100,100189,200,100649,100,100180,100,100654,100,100158,100,100693,100,100065,100,100766,100,100033,100,100860,100,100016,100,101096,100,99956,100,101189,100,99935,100
2019-06-28 10:02:27.108221935,100440,463,100439,329,100559,100,100317,100,100606,100,100189,200,100649,100,100180,100,100654,100,100158,100,100693,100,100065,100,100766,100,100033,100,100860,100,100016,100,101096,100,99956,100,101189,100,99935,100
2019-06-28 10:02:28.637651574,100440,463,100439,229,100559,100,100317,100,100606,100,100189,200,100649,100,100180,100,100654,100,100158,100,100693,100,100065,100,100766,100,100033,100,100860,100,100016,100,101096,100,99956,100,101482,100,99935,100
2019-06-28 10:02:30.000000000,100440,216,100317,182,100559,182,100189,282,100606,182,100180,182,100649,182,100158,182,100654,100,100065,100,100693,100,100033,100,100766,100,100016,100,100860,100,99956,100,101096,100,99935,100,101482,100,99927,100
2019-06-28 10:02:40.000000000,100440,298,100317,264,100559,264,100189,364,100606,100,100180,100,100649,100,100158,100,100654,100,100065,100,100693,100,100033,100,100766,100,100016,100,100860,100,99956,100,101096,100,99935,100,101482,100,99927,100
2019-06-28 10:02:50.000000000,100440,216,100317,182,100559,182,100189,282,100606,182,100180,182,100649,182,100158,182,100654,100,100065,100,100693,100,100033,100,100766,100,100016,100,100860,100,99956,100,101096,100,99935,100,101482,100,99927,100
2019-06-28 10:03:00.000000000,100440,246,100317,212,100559,209,100189,309,100606,209,100180,209,100649,100,100158,100,100654,100,100065,100,100693,100,100033,100,100766,100,100016,100,100860,100,99956,100,101096,100,99935,100,101482,100,99927,100
2019-06-28 10:03:10.000000000,100440,246,100317,212,100559,209,100189,309,100606,209,100180,209,100649,100,100158,100,100654,100,100065,100,100693,100,100033,100,100766,100,100016,100,100860,100,99956,100,101096,100,99935,100,101482,100,99927,100
2019-06-28 10:03:20.000000000,100440,463,100317,429,100559,100,100189,200,100606,100,100180,100,100649,100,100158,100,100654,100,100065,100,100693,100,100033,100,100766,100,100016,100,100860,100,99956,100,101096,100,99935,100,101482,100,99927,100
2019-06-28 10:03:30.000000000,100440,200,100317,166,100559,166,100189,266,100606,166,100180,166,100649,166,100158,166,100654,166,100065,166,100693,100,100033,100,100766,100,100016,100,100860,100,99956,100,101096,100,99935,100,101482,100,99927,100
2019-06-28 10:03:31.912127815,100440,100,100317,166,100559,166,100189,266,100606,166,100180,166,100649,166,100158,166,100654,166,100065,166,100693,100,100033,100,100766,100,100016,100,100860,100,99956,100,101096,100,99935,100,101482,100,99927,100
2019-06-28 10:03:40.000000000,100440,146,100317,212,100559,209,100189,309,100606,209,100180,209,100649,100,100158,100,100654,100,100065,100,100693,100,100033,100,100766,100,100016,100,100860,100,99956,100,101096,100,99935,100,101482,100,99927,100
2019-06-28 10:03:50.000000000,100440,116,100317,182,100559,182,100189,282,100606,182,100180,182,100649,182,100158,182,100654,100,100065,100,100693,100,100033,100,100766,100,100016,100,100860,100,99956,100,101096,100,99935,100,101482,100,99927,100
2019-06-28 10:03:57.105576157,100440,16,100317,182,100559,182,100189,282,100606,182,100180,182,100649,182,100158,182,100654,100,100065,100,100693,100,100033,100,100766,100,100016,100,100860,100,99956,100,101096,100,99935,100,101482,100,99927,100
2019-06-28 10:04:00.000000000,100559,429,100317,429,100606,100,100189,200,100649,100,100180,100,100654,100,100158,100,100693,100,100065,100,100766,100,100033,100,100860,100,100016,100,101096,100,99956,100,101482,100,99935,100,101850,100,99927,100
2019-06-28 10:04:10.000000000,100559,182,100317,182,100606,182,100189,282,100649,182,100180,182,100654,182,100158,182,100693,100,100065,100,100766,100,100033,100,100860,100,100016,100,101096,100,99956,100,101482,100,99935,100,101850,100,99927,100
2019-06-28 10:04:12.011591961,100559,182,100525,100,100606,182,100317,182,100649,182,100189,282,100654,182,100180,182,100693,100,100158,182,100766,100,100065,100,100860,100,100033,100,101096,100,99956,100,101482,100,99935,100,101850,100,99927,100
2019-06-28 10:04:20.000000000,100559,429,100525,429,100606,100,100317,100,100649,100,100189,200,100654,100,100180,100,100693,100,100158,100,100766,100,100065,100,100860,100,100033,100,101096,100,99956,100,101482,100,99935,100,101850,100,99927,100
2019-06-28 10:04:30.000000000,100559,264,100525,264,100606,264,100317,264,100649,100,100189,200,100654,100,100180,100,100693,100,100158,100,100766,100,100065,100,100860,100,100033,100,101096,100,99956,100,101482,100,99935,100,101850,100,99927,100
2019-06-28 10:04:40.000000000,100559,212,100525,212,100606,209,100317,209,100649,209,100189,309,100654,100,100180,100,100693,100,100158,100,100766,100,100065,100,100860,100,100033,100,101096,100,99956,100,101482,100,99935,100,101850,100,99927,100
2019-06-28 10:04:50.000000000,100559,429,100525,429,100606,100,100317,100,100649,100,100189,200,100654,100,100180,100,100693,100,100158,100,100766,100,100065,100,100860,100,100033,100,101096,100,99956,100,101482,100,99935,100,101850,100,99927,100
2019-06-28 10:04:57.417480580,100559,329,100525,429,100606,100,100317,100,100649,100,100189,200,100654,100,100180,100,100693,100,100158,100,100766,100,100065,100,100860,100,100033,100,101096,100,99956,100,101482,100,99935,100,101850,100,99927,100
2019-06-28 10:05:00.000000000,100606,264,100525,264,100649,264,100317,264,100654,100,100189,200,100693,100,100180,100,100766,100,100158,100,100860,100,100065,100,101096,100,100033,100,101482,100,99956,100,101850,100,99935,100,,,99927,100
2019-06-28 10:05:10.000000000,100606,182,100525,182,100649,182,100317,182,100654,182,100189,282,100693,182,100180,182,100766,100,100158,100,100860,100,100065,100,101096,100,100033,100,101482,100,99956,100,101850,100,99935,100,,,99927,100
2019-06-28 10:05:20.000000000,100606,166,100525,166,100649,166,100317,166,100654,166,100189,266,100693,166,100180,166,100766,166,100158,166,100860,100,100065,100,101096,100,100033,100,101482,100,99956,100,101850,100,99935,100,,,99927,100
2019-06-28 10:05:30.000000000,100606,182,100525,182,100649,182,100317,182,100654,182,100189,282,100693,182,100180,182,100766,100,100158,100,100860,100,100065,100,101096,100,100033,100,101482,100,99956,100,101850,100,99935,100,,,99927,100
2019-06-28 10:05:40.000000000,100606,264,100525,264,100649,264,100317,264,100654,100,100189,200,100693,100,100180,100,100766,100,100158,100,100860,100,100065,100,101096,100,100033,100,101482,100,99956,100,101850,100,99935,100,,,99927,100
2019-06-28 10:05:50.000000000,100606,182,100525,182,100649,182,100317,182,100654,182,100189,282,100693,182,100180,182,100766,100,100158,100,100860,100,100065,100,101096,100,100033,100,101482,100,99956,100,101850,100,99935,100,,,99927,100
2019-06-28 10:06:00.000000000,100606,264,100525,264,100649,264,100317,264,100654,100,100189,200,100693,100,100180,100,100766,100,100158,100,100860,100,100065,100,101096,100,100033,100,101482,100,99956,100,101850,100,99935,100,,,99927,100
2019-06-28 10:06:10.000000000,100606,182,100525,182,100649,182,100317,182,100654,182,100189,282,100693,182,100180,182,100766,100,100158,100,100860,100,100065,100,101096,100,100033,100,101482,100,99956,100,101850,100,99935,100,,,99927,100
2019-06-28 10:06:13.274815316,100606,182,100525,182,100649,182,100440,100,100654,182,100317,182,100693,182,100189,282,100766,100,100180,182,100860,100,100158,100,101096,100,100065,100,101482,100,100033,100,101850,100,99956,100,,,99935,100
2019-06-28 10:06:15.425861055,100606,82,100525,182,100649,182,100440,100,100654,182,100317,182,100693,182,100189,282,100766,100,100180,82,100860,100,100158,100,101096,100,100065,100,101482,100,100033,100,101850,100,99956,100,,,99935,100
2019-06-28 10:06:18.971398008,100558,100,100525,182,100606,82,100440,100,100649,182,100317,182,100654,182,100189,282,100693,182,100180,82,100766,100,100158,100,100860,100,100065,100,101096,100,100033,100,101482,100,99956,100,101850,100,99935,100
2019-06-28 10:06:20.000000000,100558,212,100525,212,100649,209,100440,209,100654,209,100317,209,100693,100,100189,200,100766,100,100158,100,100860,100,100065,100,101096,100,100033,100,101482,100,99956,100,101850,100,99935,100,,,99927,100
2019-06-28 10:06:30.000000000,100558,212,100525,212,100649,209,100440,209,100654,209,100317,209,100693,100,100189,200,100766,100,100158,100,100860,100,100065,100,101096,100,100033,100,101482,100,99956,100,101850,100,99935,100,,,99927,100
2019-06-28 10:06:40.000000000,100558,166,100525,166,100649,166,100440,166,100654,166,100317,166,100693,166,100189,266,100766,166,100158,166,100860,100,100065,100,101096,100,100033,100,101482,100,99956,100,101850,100,99935,100,,,99927,100
2019-06-28 10:06:50.000000000,100558,182,100525,182,100649,182,100440,182,100654,182,100317,182,100693,182,100189,282,100766,100,100158,100,100860,100,100065,100,101096,100,100033,100,101482,100,99956,100,101850,100,99935,100,,,99927,100
2019-06-28 10:06:51.185711085,100558,182,100525,82,100649,182,100440,182,100654,182,100317,182,100693,182,100189,282,100766,100,100158,100,100860,100,100065,100,101096,100,100033,100,101482,100,99956,100,101850,100,99935,100,,,99927,100
2019-06-28 10:07:00.000000000,100558,264,100440,264,100649,264,100317,264,100654,100,100189,200,100693,100,100158,100,100766,100,100065,100,100860,100,100033,100,101096,100,99956,100,101482,100,99935,100,101850,100,99927,100,,,99916,100
2019-06-28 10:07:01.832143150,100558,264,100440,264,100649,264,100317,264,100654,100,100189,200,100693,100,100158,100,100766,100,100065,100,100860,100,100033,100,101096,100,99956,100,101482,100,99935,100,101850,100,99927,100,,,99916,200
2019-06-28 10:07:09.259214246,100558,264,100440,264,100649,264,100317,264,100654,100,100189,100,100693,100,100158,100,100766,100,100065,100,100860,100,100033,100,101096,100,99956,100,101482,100,99935,100,101850,100,99927,100,,,99916,200
2019-06-28 10:07:10.000000000,100558,166,100440,166,100649,166,100317,166,100654,166,100189,166,100693,166,100158,166,100766,166,100065,166,100860,100,100033,100,101096,100,99956,100,101482,100,99935,100,101850,100,99927,100,,,99916,200
2019-06-28 10:07:20.000000000,100558,429,100440,429,100649,100,100317,100,100654,100,100189,100,100693,100,100158,100,100766,100,100065,100,100860,100,100033,100,101096,100,99956,100,101482,100,99935,100,101850,100,99927,100,,,99916,200
2019-06-28 10:07:30.000000000,100558,166,100440,166,100649,166,100317,166,100654,166,100189,166,100693,166,100158,166,100766,166,100065,166,100860,100,100033,100,101096,100,99956,100,101482,100,99935,100,101850,100,99927,100,,,99916,200
2019-06-28 10:07:34.271197218,100558,166,100440,166,100649,166,100317,166,100654,166,100189,166,100693,166,100158,166,100766,66,100065,166,100860,100,100033,100,101096,100,99956,100,101482,100,99935,100,101850,100,99930,100,,,99927,100
2019-06-28 10:07:34.621834817,100558,166,100440,66,100649,166,100317,166,100654,166,100189,166,100693,166,100158,166,100766,66,100065,166,100860,100,100033,100,101096,100,99956,100,101482,100,99935,100,101850,100,99930,100,,,99927,100
