,ask_price_1,ask_size_1,bid_price_1,bid_size_1,ask_price_2,ask_size_2,bid_price_2,bid_size_2,ask_price_3,ask_size_3,bid_price_3,bid_size_3,ask_price_4,ask_size_4,bid_price_4,bid_size_4,ask_price_5,ask_size_5,bid_price_5,bid_size_5,ask_price_6,ask_size_6,bid_price_6,bid_size_6,ask_price_7,ask_size_7,bid_price_7,bid_size_7,ask_price_8,ask_size_8,bid_price_8,bid_size_8,ask_price_9,ask_size_9,bid_price_9,bid_size_9,ask_price_10,ask_size_10,bid_price_10,bid_size_10
2019-06-28 09:30:00.000000000,,,99946,100,,,99919,100,,,,,,,,,,,,,,,,,,,,,,,,,,,,,,,,
2019-06-28 09:30:00.000000002,,,100013,100,,,99946,100,,,99919,100,,,99857,100,,,,,,,,,,,,,,,,,,,,,,,,
2019-06-28 09:30:00.000000003,,,99946,100,,,99920,100,,,99919,100,,,99857,100,,,99812,100,,,,,,,,,,,,,,,,,,,,
2019-06-28 09:30:00.000000004,100087,100,99946,100,,,99936,100,,,99920,100,,,99919,100,,,99857,100,,,99812,100,,,,,,,,,,,,,,,,
2019-06-28 09:30:00.000000005,100087,100,99989,100,,,99946,100,,,99936,100,,,99920,100,,,99919,100,,,99906,100,,,99857,100,,,99812,100,,,,,,,,
2019-06-28 09:30:00.000000008,100005,100,99989,100,100087,100,99946,100,,,99936,100,,,99920,100,,,99919,100,,,99906,100,,,99857,100,,,99812,100,,,,,,,,
2019-06-28 09:30:00.000000012,100005,100,99989,100,100087,100,99946,100,,,99942,100,,,99936,100,,,99920,100,,,99919,100,,,99906,100,,,99857,100,,,99812,100,,,,
2019-06-28 09:30:00.000000014,100005,100,99989,100,100027,100,99946,100,100087,100,99942,100,,,99936,100,,,99920,100,,,99919,100,,,99906,100,,,99857,100,,,99812,100,,,,
2019-06-28 09:30:00.000000019,100005,100,99989,100,100027,100,99946,100,100087,100,99942,100,100096,100,99936,100,,,99920,100,,,99919,100,,,99906,100,,,99857,100,,,99812,100,,,,
2019-06-28 09:30:00.000000020,100005,100,99989,100,100027,100,99946,100,100087,100,99942,100,100096,100,99936,100,,,99920,100,,,99919,100,,,99906,100,,,99882,100,,,99857,100,,,99812,100
2019-06-28 09:30:00.000000021,100005,100,99989,100,100027,100,99954,100,100087,100,99946,100,100096,100,99942,100,,,99936,100,,,99920,100,,,99919,100,,,99906,100,,,99882,100,,,99857,100
2019-06-28 09:30:00.000000022,100005,100,100000,100,100027,100,99989,100,100087,100,99954,100,100096,100,99946,100,,,99942,100,,,99936,100,,,99920,100,,,99919,100,,,99906,100,,,99882,100
2019-06-28 09:30:00.000000023,100005,100,100000,100,100027,100,99989,100,100087,100,99954,100,100096,100,99946,100,,,99942,100,,,99940,100,,,99936,100,,,99920,100,,,99919,100,,,99906,100
2019-06-28 09:30:00.000000026,100005,100,100000,100,100027,100,99989,100,100037,100,99954,100,100087,100,99946,100,100096,100,99942,100,100122,100,99940,100,,,99936,100,,,99920,100,,,99919,100,,,99906,100
2019-06-28 09:30:00.000000029,100005,100,100000,100,100027,100,99989,100,100037,100,99954,100,100087,100,99946,100,100096,100,99942,100,100103,100,99940,100,100122,100,99936,100,,,99920,100,,,99919,100,,,99906,100
2019-06-28 09:30:00.000000033,100005,100,100000,100,100027,100,99989,100,100037,100,99954,100,100087,100,99946,100,100096,100,99942,100,100103,100,99940,100,100122,100,99936,100,,,99928,100,,,99920,100,,,99919,100
2019-06-28 09:30:00.000000036,100005,100,100000,100,100027,100,99989,100,100037,100,99954,100,100081,100,99946,100,100087,100,99942,100,100096,100,99940,100,100103,100,99936,100,100122,100,99928,100,100133,100,99920,100,,,99919,100
2019-06-28 09:30:00.000000037,100005,100,100000,100,100027,100,99989,100,100037,100,99954,100,100081,100,99946,100,100087,100,99942,100,100096,100,99940,100,100103,100,99936,200,100122,100,99928,100,100133,100,99920,100,,,99919,100
2019-06-28 09:30:00.000000039,100005,100,100000,100,100027,100,99989,100,100037,100,99954,100,100081,100,99946,100,100087,100,99944,100,100096,100,99942,100,100103,100,99940,100,100122,100,99936,200,100133,100,99928,100,,,99920,100
2019-06-28 09:30:00.000000042,100005,100,100000,100,100027,100,99989,100,100037,100,99954,100,100081,100,99946,100,100087,100,99944,100,100096,100,99942,100,100097,100,99940,100,100103,100,99936,200,100122,100,99928,100,100133,100,99920,100
2019-06-28 09:30:00.000000044,100005,100,99989,100,100027,100,99954,100,100037,100,99946,100,100081,100,99944,100,100087,100,99942,100,100096,100,99940,100,100097,100,99936,200,100103,100,99928,100,100122,100,99920,100,100133,100,99919,100
2019-06-28 09:30:00.000000045,100004,100,99989,100,100005,100,99954,100,100027,100,99946,100,100037,100,99944,100,100081,100,99942,100,100087,100,99940,100,100096,100,99936,200,100097,100,99928,100,100103,100,99920,100,100122,100,99919,100
2019-06-28 09:30:00.000000046,100004,100,99989,100,100005,100,99954,100,100027,100,99946,100,100037,100,99944,100,100081,100,99942,100,100087,100,99940,100,100096,100,99936,200,100097,100,99928,100,100103,100,99920,100,100122,100,99919,100
2019-06-28 09:30:00.000000047,100004,100,99989,100,100005,100,99954,100,100027,100,99946,100,100037,100,99944,100,100066,100,99942,100,100081,100,99940,100,100087,100,99936,200,100096,100,99928,100,100097,100,99920,100,100103,100,99919,100
2019-06-28 09:30:00.000000050,100004,100,99989,100,100005,100,99961,100,100027,100,99954,100,100037,100,99946,100,100066,100,99944,100,100081,100,99942,100,100087,100,99940,100,100096,100,99936,200,100097,100,99928,100,100103,100,99920,100
2019-06-28 09:30:00.000000052,100004,100,99989,100,100005,100,99961,100,100014,100,99954,100,100027,100,99946,100,100037,100,99944,100,100066,100,99942,100,100081,100,99940,100,100087,100,99936,200,100096,100,99928,100,100097,100,99920,100
2019-06-28 09:30:00.000000053,100004,200,100000,100,100005,100,99989,100,100014,100,99961,100,100027,100,99954,100,100037,100,99946,100,100066,100,99944,100,100081,100,99942,100,100087,100,99940,100,100096,100,99936,200,100097,100,99928,100
2019-06-28 09:30:00.000000057,100004,200,100000,100,100005,100,99989,100,100014,100,99974,100,100027,100,99961,100,100037,100,99954,100,100066,100,99946,100,100081,100,99944,100,100087,100,99942,100,100096,100,99940,100,100097,100,99936,200
2019-06-28 09:30:00.000000065,100004,200,100000,100,100005,100,99989,100,100014,100,99974,100,100027,100,99961,100,100037,100,99954,100,100066,100,99946,100,100081,100,99944,100,100087,100,99942,100,100096,100,99940,100,100097,100,99936,200
2019-06-28 09:30:00.000000066,100004,200,100000,100,100005,100,99989,100,100014,100,99974,100,100019,100,99961,100,100027,100,99954,100,100037,100,99946,100,100066,100,99944,200,100081,100,99942,100,100087,100,99940,100,100096,100,99936,200
2019-06-28 09:30:00.000000069,100004,200,100000,100,100005,100,99989,100,100014,100,99974,100,100019,100,99961,100,100027,100,99954,100,100037,100,99946,100,100066,100,99944,200,100081,100,99942,100,100087,100,99940,100,100096,100,99936,200
2019-06-28 09:30:00.000000073,100004,200,100000,100,100005,100,99989,100,100014,100,99974,100,100019,100,99961,100,100027,100,99954,100,100037,100,99946,100,100066,100,99944,200,100081,100,99942,100,100087,100,99940,100,100096,100,99936,200
2019-06-28 09:30:00.000000075,100004,200,100000,100,100005,100,99989,100,100014,100,99974,100,100019,100,99961,100,100025,100,99954,100,100027,100,99946,100,100037,100,99944,200,100066,100,99942,100,100081,100,99940,100,100087,100,99936,200
2019-06-28 09:30:00.000000076,100004,200,100000,100,100005,100,99989,100,100014,100,99974,100,100019,100,99961,100,100025,100,99954,100,100027,100,99946,100,100037,100,99944,200,100042,100,99942,100,100066,100,99940,100,100081,100,99936,200
2019-06-28 09:30:00.000000077,100004,200,100000,100,100005,100,99989,100,100014,100,99974,100,100019,100,99961,100,100025,100,99954,100,100027,100,99946,100,100037,100,99944,200,100042,100,99942,100,100060,100,99940,100,100066,100,99936,200
2019-06-28 09:30:00.000000078,100004,200,99989,100,100005,100,99974,100,100014,100,99961,100,100019,100,99954,100,100025,100,99946,100,100027,100,99944,200,100037,100,99942,100,100042,100,99940,100,100060,100,99936,200,100066,100,99928,100
2019-06-28 09:30:00.000000081,100003,100,99989,100,100004,100,99974,100,100005,100,99961,100,100014,100,99954,100,100019,100,99946,100,100025,100,99944,200,100027,100,99942,100,100037,100,99940,100,100042,100,99936,200,100060,100,99928,100
2019-06-28 09:30:00.000000082,100004,100,99989,100,100005,100,99974,100,100014,100,99961,100,100019,100,99954,100,100025,100,99946,100,100027,100,99944,200,100037,100,99942,100,100042,100,99940,100,100060,100,99936,200,100066,100,99928,100
2019-06-28 09:30:00.000000084,100004,100,99989,100,100005,100,99974,100,100014,100,99961,100,100019,100,99954,100,100025,100,99946,100,100027,100,99944,200,100037,100,99942,100,100042,200,99940,100,100060,100,99936,200,100066,100,99928,100
2019-06-28 09:30:00.000000089,100004,100,99989,100,100005,100,99974,100,100014,100,99967,100,100019,100,99961,100,100025,100,99954,100,100027,100,99946,100,100037,100,99944,200,100042,200,99942,100,100060,100,99940,100,100066,100,99936,200
2019-06-28 09:30:00.000000091,100004,100,99989,100,100005,100,99974,100,100014,100,99967,100,100019,100,99961,100,100025,100,99954,100,100027,100,99946,100,100037,100,99944,200,100042,200,99942,100,100060,100,99940,100,100066,100,99936,200
2019-06-28 09:30:00.000000092,100004,100,99989,100,100005,100,99974,100,100014,100,99967,100,100019,100,99961,100,100025,100,99954,100,100027,100,99946,100,100031,100,99944,200,100037,100,99942,100,100042,200,99940,100,100060,100,99936,200
2019-06-28 09:30:00.000000095,100004,100,99989,100,100005,100,99974,100,100009,100,99967,100,100014,100,99961,100,100019,100,99954,100,100025,100,99946,100,100027,100,99944,200,100031,100,99942,100,100037,100,99940,100,100042,200,99936,200
2019-06-28 09:30:00.000000096,100004,100,99989,100,100005,100,99974,100,100009,100,99967,100,100014,100,99961,100,100019,100,99954,100,100025,100,99946,100,100027,100,99944,200,100031,100,99942,100,100037,100,99940,100,100042,200,99936,200
2019-06-28 09:30:00.000000097,100004,100,99974,100,100005,100,99967,100,100009,100,99961,100,100014,100,99954,100,100019,100,99946,100,100025,100,99944,200,100027,100,99942,100,100031,100,99940,100,100037,100,99936,200,100042,200,99928,100
2019-06-28 09:30:00.000000098,100004,100,99998,100,100005,100,99974,100,100009,100,99967,100,100014,100,99961,100,100019,100,99954,100,100025,100,99946,100,100027,100,99944,200,100031,100,99942,100,100037,100,99940,100,100042,200,99936,200
2019-06-28 09:30:00.000000099,100004,100,99998,100,100005,100,99974,100,100009,100,99967,100,100014,100,99964,100,100019,100,99961,100,100025,100,99954,100,100027,100,99946,100,100031,100,99944,200,100037,100,99942,100,100042,200,99940,100
2019-06-28 09:30:10.000000000,100004,183,99998,183,100005,183,99974,183,100009,183,99967,183,100014,183,99964,183,100019,100,99961,100,100025,100,99954,100,100027,100,99946,100,100031,100,99944,200,100037,100,99942,100,100042,200,99940,100
2019-06-28 09:30:10.631740538,100004,183,99998,183,100005,183,99984,100,100009,183,99974,183,100014,183,99967,183,100019,100,99964,183,100025,100,99961,100,100027,100,99954,100,100031,100,99946,100,100037,100,99944,200,100042,200,99940,100
2019-06-28 09:30:17.403209793,100004,183,99998,183,100005,183,99984,100,100009,183,99974,183,100014,83,99967,183,100019,100,99964,183,100025,100,99961,100,100027,100,99954,100,100031,100,99946,100,100037,100,99944,200,100042,200,99940,100
2019-06-28 09:30:20.000000000,100004,183,99998,183,100005,183,99984,183,100009,183,99974,183,100019,183,99967,183,100025,100,99964,100,100027,100,99961,100,100031,100,99954,100,100037,100,99946,100,100042,200,99944,200,100060,100,99940,100
2019-06-28 09:30:23.538749277,100004,183,99998,183,100005,183,99984,183,100009,183,99974,183,100019,183,99967,183,100025,100,99964,100,100027,100,99961,100,100031,100,99954,100,100037,100,99946,100,100042,200,99944,200,100060,100,99940,100
2019-06-28 09:30:25.931902792,100003,100,99998,183,100004,83,99984,183,100005,183,99974,183,100009,183,99967,183,100019,183,99964,100,100025,100,99961,100,100027,100,99954,100,100031,100,99946,100,100037,100,99944,200,100042,200,99940,100
2019-06-28 09:30:30.000000000,100003,183,99998,183,100005,183,99984,183,100009,183,99974,183,100019,183,99967,183,100025,100,99964,100,100027,100,99961,100,100031,100,99954,100,100037,100,99946,100,100042,200,99944,200,100060,100,99940,100
2019-06-28 09:30:30.619754857,100003,183,99998,183,100005,183,99989,100,100009,183,99984,183,100019,183,99974,183,100025,100,99967,183,100027,100,99964,100,100031,100,99961,100,100037,100,99954,100,100042,200,99946,100,100060,100,99944,200
2019-06-28 09:30:40.000000000,100003,266,99998,266,100005,266,99989,266,100009,100,99984,100,100019,100,99974,100,100025,100,99967,100,100027,100,99964,100,100031,100,99961,100,100037,100,99954,100,100042,200,99946,100,100060,100,99944,200
2019-06-28 09:30:42.043631925,100003,166,99998,266,100005,266,99989,266,100009,100,99984,100,100019,100,99974,100,100025,100,99967,100,100027,100,99964,100,100037,100,99961,100,100042,200,99954,100,100060,100,99946,100,100066,100,99944,200
2019-06-28 09:30:50.000000000,100005,266,99998,266,100009,266,99989,266,100019,100,99984,100,100025,100,99974,100,100027,100,99967,100,100037,100,99964,100,100042,200,99961,100,100060,100,99954,100,100066,100,99946,100,100087,100,99944,200
2019-06-28 09:31:00.000000000,100005,266,99998,266,100009,266,99989,266,100019,100,99984,100,100025,100,99974,100,100027,100,99967,100,100037,100,99964,100,100042,200,99961,100,100060,100,99954,100,100066,100,99946,100,100087,100,99944,200
2019-06-28 09:31:05.497689432,100005,266,99998,266,100009,266,99989,266,100019,100,99984,100,100025,100,99967,100,100027,100,99964,100,100037,100,99961,100,100042,200,99954,100,100060,100,99946,100,100066,100,99944,200,100087,100,99940,100
2019-06-28 09:31:10.000000000,100005,266,99998,266,100009,266,99989,266,100019,100,99984,100,100025,100,99967,100,100027,100,99964,100,100037,100,99961,100,100042,200,99954,100,100060,100,99946,100,100066,100,99944,200,100087,100,99940,100
2019-06-28 09:31:11.025061603,100005,266,99998,266,100009,266,99989,266,100019,100,99984,100,100025,100,99967,100,100027,100,99964,100,100037,100,99961,100,100042,200,99954,100,100060,100,99946,100,100066,100,99944,200,100087,100,99940,100
2019-06-28 09:31:20.000000000,100005,166,99998,166,100009,166,99989,166,100019,166,99984,166,100025,166,99967,166,100027,166,99964,166,100037,100,99961,100,100042,200,99954,100,100060,100,99946,100,100066,100,99944,200,100087,100,99940,100
2019-06-28 09:31:30.000000000,100005,213,99998,213,100009,209,99989,209,100019,209,99984,209,100025,100,99967,100,100027,100,99964,100,100037,100,99961,100,100042,200,99954,100,100060,100,99946,100,100066,100,99944,200,100087,100,99940,100
2019-06-28 09:31:31.869731903,100005,213,99998,213,100009,209,99989,209,100019,209,99984,209,100025,100,99967,100,100027,100,99964,100,100037,100,99961,100,100042,200,99954,100,100060,100,99946,100,100066,100,99944,200,100087,100,99940,100
2019-06-28 09:31:40.000000000,100005,183,99998,183,100009,183,99989,183,100019,183,99984,183,100025,183,99967,183,100027,100,99964,100,100037,100,99961,100,100042,200,99954,100,100060,100,99946,100,100066,100,99944,200,100087,100,99940,100
2019-06-28 09:31:49.940961359,100002,100,99998,183,100005,183,99989,183,100009,183,99984,183,100019,183,99967,183,100025,183,99964,100,100027,100,99961,100,100037,100,99954,100,100042,200,99946,100,100060,100,99944,200,100066,100,99940,100
2019-06-28 09:31:50.000000000,100002,183,99998,183,100005,183,99989,183,100009,183,99984,183,100019,183,99967,183,100025,100,99964,100,100027,100,99961,100,100037,100,99954,100,100042,200,99946,100,100060,100,99944,200,100066,100,99940,100
2019-06-28 09:32:00.000000000,100002,266,99998,266,100005,266,99989,266,100009,100,99984,100,100019,100,99967,100,100025,100,99964,100,100027,100,99961,100,100037,100,99954,100,100042,200,99946,100,100060,100,99944,200,100066,100,99940,100
2019-06-28 09:32:08.611331170,100002,266,99998,166,100005,266,99989,266,100009,100,99984,100,100019,100,99967,100,100025,100,99964,100,100027,100,99961,100,100037,100,99954,100,100042,200,99946,100,100060,100,99944,200,100066,100,99940,100
2019-06-28 09:32:10.000000000,100002,166,99989,166,100005,166,99984,166,100009,166,99967,166,100019,166,99964,166,100025,166,99961,166,100027,100,99954,100,100037,100,99946,100,100042,200,99944,200,100060,100,99940,100,100066,100,99936,100
2019-06-28 09:32:18.712829695,100002,166,99989,66,100005,166,99984,166,100009,166,99967,166,100019,166,99964,166,100025,166,99961,166,100027,100,99954,100,100037,100,99946,100,100042,200,99944,200,100060,100,99940,100,100066,100,99936,100
2019-06-28 09:32:20.000000000,100002,213,99984,213,100005,209,99967,209,100009,209,99964,209,100019,100,99961,100,100025,100,99954,100,100027,100,99946,100,100037,100,99944,200,100042,200,99940,100,100060,100,99936,100,100066,100,99928,100
2019-06-28 09:32:20.560768183,100002,213,99984,113,100005,209,99967,209,100009,209,99964,209,100019,100,99961,100,100025,100,99954,100,100027,100,99946,100,100037,100,99944,200,100042,200,99940,100,100060,100,99936,100,100066,100,99928,100
2019-06-28 09:32:30.000000000,100002,166,99967,166,100005,166,99964,166,100009,166,99961,166,100019,166,99954,166,100025,166,99946,166,100027,100,99944,200,100037,100,99940,100,100042,200,99936,100,100060,100,99928,100,100066,100,99920,100
2019-06-28 09:32:31.878168346,100002,166,99967,66,100005,166,99964,166,100009,166,99961,166,100019,166,99954,166,100025,166,99946,166,100027,100,99944,100,100037,100,99940,100,100042,200,99936,100,100060,100,99928,100,100066,100,99920,100
2019-06-28 09:32:35.397451619,99984,100,99967,66,100002,166,99964,166,100005,166,99961,166,100009,166,99954,166,100019,166,99946,166,100025,166,99944,100,100027,100,99940,100,100037,100,99936,100,100042,200,99928,100,100060,100,99920,100
2019-06-28 09:32:40.000000000,99984,183,99964,183,100002,183,99961,183,100005,183,99954,183,100009,183,99946,183,100019,100,99944,100,100025,100,99940,100,100027,100,99936,100,100037,100,99928,100,100042,200,99920,100,100060,100,99919,100
2019-06-28 09:32:47.166622694,99984,183,99964,183,100002,183,99961,183,100005,183,99954,183,100009,183,99946,183,100019,100,99944,100,100025,100,99940,100,100027,100,99936,100,100042,200,99928,100,100060,100,99920,100,100066,100,99919,100
2019-06-28 09:32:50.000000000,99984,213,99964,213,100002,209,99961,209,100005,209,99954,209,100009,100,99946,100,100019,100,99944,100,100025,100,99940,100,100027,100,99936,100,100042,200,99928,100,100060,100,99920,100,100066,100,99919,100
2019-06-28 09:32:51.808991910,99984,213,99964,113,100002,209,99961,209,100005,209,99954,209,100009,100,99946,100,100019,100,99944,100,100025,100,99940,100,100027,100,99936,100,100042,200,99928,100,100060,100,99920,100,100066,100,99908,100
2019-06-28 09:33:00.000000000,99984,166,99961,166,100002,166,99954,166,100005,166,99946,166,100009,166,99944,166,100019,166,99940,166,100025,100,99936,100,100027,100,99928,100,100042,200,99920,100,100060,100,99908,100,100066,100,99906,100
2019-06-28 09:33:10.000000000,99984,183,99961,183,100002,183,99954,183,100005,183,99946,183,100009,183,99944,183,100019,100,99940,100,100025,100,99936,100,100027,100,99928,100,100042,200,99920,100,100060,100,99908,100,100066,100,99906,100
2019-06-28 09:33:20.000000000,99984,431,99961,431,100002,100,99954,100,100005,100,99946,100,100009,100,99944,100,100019,100,99940,100,100025,100,99936,100,100027,100,99928,100,100042,200,99920,100,100060,100,99908,100,100066,100,99906,100
2019-06-28 09:33:30.000000000,99984,431,99961,431,100002,100,99954,100,100005,100,99946,100,100009,100,99944,100,100019,100,99940,100,100025,100,99936,100,100027,100,99928,100,100042,200,99920,100,100060,100,99908,100,100066,100,99906,100
2019-06-28 09:33:40.000000000,99984,431,99961,431,100002,100,99954,100,100005,100,99946,100,100009,100,99944,100,100019,100,99940,100,100025,100,99936,100,100027,100,99928,100,100042,200,99920,100,100060,100,99908,100,100066,100,99906,100
2019-06-28 09:33:50.000000000,99984,166,99961,166,100002,166,99954,166,100005,166,99946,166,100009,166,99944,166,100019,166,99940,166,100025,100,99936,100,100027,100,99928,100,100042,200,99920,100,100060,100,99908,100,100066,100,99906,100
2019-06-28 09:34:00.000000000,99984,266,99961,266,100002,266,99954,266,100005,100,99946,100,100009,100,99944,100,100019,100,99940,100,100025,100,99936,100,100027,100,99928,100,100042,200,99920,100,100060,100,99908,100,100066,100,99906,100
2019-06-28 09:34:01.835346006,99984,266,99961,266,100002,266,99954,266,100005,100,99946,100,100009,100,99944,100,100019,100,99940,100,100025,100,99936,100,100027,100,99928,100,100042,200,99920,100,100060,100,99908,100,100066,100,99906,100
2019-06-28 09:34:08.524368906,99967,100,99961,266,99984,266,99954,266,100002,266,99946,100,100005,100,99944,100,100009,100,99940,100,100019,100,99936,100,100025,100,99928,100,100027,100,99920,100,100042,200,99908,100,100060,100,99906,100
2019-06-28 09:34:10.000000000,99967,166,99961,166,99984,166,99954,166,100002,166,99946,166,100005,166,99944,166,100009,166,99940,166,100019,100,99936,100,100025,100,99928,100,100027,100,99920,100,100042,200,99908,100,100060,100,99906,100
2019-06-28 09:34:20.000000000,99967,213,99961,213,99984,209,99954,209,100002,209,99946,209,100005,100,99944,100,100009,100,99940,100,100019,100,99936,100,100025,100,99928,100,100027,100,99920,100,100042,200,99908,100,100060,100,99906,100
2019-06-28 09:34:22.706743077,99967,213,99961,213,99984,209,99954,209,100002,209,99946,209,100005,100,99944,100,100009,100,99940,100,100019,100,99936,100,100025,100,99928,100,100027,100,99920,100,100042,200,99908,100,100060,100,99906,100
2019-06-28 09:34:30.000000000,99967,431,99961,431,99984,100,99954,100,100002,100,99946,100,100005,100,99944,100,100009,100,99940,100,100019,100,99936,100,100025,100,99928,100,100027,100,99920,100,100042,200,99908,100,100060,100,99906,100
2019-06-28 09:34:40.000000000,99967,166,99961,166,99984,166,99954,166,100002,166,99946,166,100005,166,99944,166,100009,166,99940,166,100019,100,99936,100,100025,100,99928,100,100027,100,99920,100,100042,200,99908,100,100060,100,99906,100
2019-06-28 09:34:50.000000000,99967,431,99961,431,99984,100,99954,100,100002,100,99946,100,100005,100,99944,100,100009,100,99940,100,100019,100,99936,100,100025,100,99928,100,100027,100,99920,100,100042,200,99908,100,100060,100,99906,100
2019-06-28 09:35:00.000000000,99967,266,99961,266,99984,266,99954,266,100002,100,99946,100,100005,100,99944,100,100009,100,99940,100,100019,100,99936,100,100025,100,99928,100,100027,100,99920,100,100042,200,99908,100,100060,100,99906,100
2019-06-28 09:35:10.000000000,99967,213,99961,213,99984,209,99954,209,100002,209,99946,209,100005,100,99944,100,100009,100,99940,100,100019,100,99936,100,100025,100,99928,100,100027,100,99920,100,100042,200,99908,100,100060,100,99906,100
2019-06-28 09:35:20.000000000,99967,266,99961,266,99984,266,99954,266,100002,100,99946,100,100005,100,99944,100,100009,100,99940,100,100019,100,99936,100,100025,100,99928,100,100027,100,99920,100,100042,200,99908,100,100060,100,99906,100
2019-06-28 09:35:30.000000000,99967,183,99961,183,99984,183,99954,183,100002,183,99946,183,100005,183,99944,183,100009,100,99940,100,100019,100,99936,100,100025,100,99928,100,100027,100,99920,100,100042,200,99908,100,100060,100,99906,100
2019-06-28 09:35:33.952943238,99967,183,99961,183,99984,183,99954,183,100002,183,99946,183,100005,183,99944,183,100009,100,99940,100,100019,100,99936,100,100025,100,99928,100,100027,100,99920,100,100042,200,99906,100,100060,100,99898,100
2019-06-28 09:35:40.000000000,99967,183,99961,183,99984,183,99954,183,100002,183,99946,183,100005,183,99944,183,100009,100,99940,100,100019,100,99936,100,100025,100,99928,100,100027,100,99920,100,100042,200,99906,100,100060,100,99898,100
2019-06-28 09:35:43.470720357,99967,283,99961,183,99984,183,99954,83,100002,183,99946,183,100005,183,99944,183,100009,100,99940,100,100019,100,99936,100,100025,100,99928,100,100027,100,99920,100,100042,200,99906,100,100060,100,99898,100
2019-06-28 09:35:50.000000000,99967,266,99961,166,99984,166,99946,166,100002,166,99944,166,100005,166,99940,166,100009,166,99936,166,100019,100,99928,100,100025,100,99920,100,100027,100,99906,100,100042,200,99898,100,100060,100,99897,100
2019-06-28 09:36:00.000000000,99967,283,99961,183,99984,183,99946,183,100002,183,99944,183,100005,183,99940,183,100009,100,99936,100,100019,100,99928,100,100025,100,99920,100,100027,100,99906,100,100042,200,99898,100,100060,100,99897,100
2019-06-28 09:36:03.076928588,99967,183,99961,183,99984,183,99946,183,100002,183,99944,183,100005,183,99940,183,100009,100,99936,100,100019,100,99928,100,100025,100,99920,100,100027,100,99906,100,100042,200,99898,100,100060,100,99897,100
2019-06-28 09:36:10.000000000,99967,213,99961,213,99984,209,99946,209,100002,209,99944,209,100005,100,99940,100,100009,100,99936,100,100019,100,99928,100,100025,100,99920,100,100027,100,99906,100,100042,200,99898,100,100060,100,99897,100
2019-06-28 09:36:20.000000000,99967,166,99961,166,99984,166,99946,166,100002,166,99944,166,100005,166,99940,166,100009,166,99936,166,100019,100,99928,100,100025,100,99920,100,100027,100,99906,100,100042,200,99898,100,100060,100,99897,100
2019-06-28 09:36:21.957400361,99967,166,99961,166,99984,166,99946,166,100002,166,99944,166,100005,166,99940,166,100009,166,99936,166,100019,100,99928,100,100025,100,99920,100,100027,100,99906,100,100042,200,99898,100,100060,100,99897,100
2019-06-28 09:36:30.000000000,99967,213,99961,213,99984,209,99946,209,100002,209,99944,209,100005,100,99940,100,100009,100,99936,100,100019,100,99928,100,100025,100,99920,100,100027,100,99906,100,100042,200,99898,100,100060,100,99897,100
2019-06-28 09:36:40.000000000,99967,183,99961,183,99984,183,99946,183,100002,183,99944,183,100005,183,99940,183,100009,100,99936,100,100019,100,99928,100,100025,100,99920,100,100027,100,99906,100,100042,200,99898,100,100060,100,99897,100
2019-06-28 09:36:43.441079437,99967,183,99961,183,99984,183,99946,183,100002,183,99944,183,100005,183,99940,183,100019,100,99936,100,100025,100,99928,100,100027,100,99920,100,100042,200,99906,100,100060,100,99898,100,100066,100,99897,100
2019-06-28 09:36:50.000000000,99967,213,99961,213,99984,209,99946,209,100002,209,99944,209,100005,100,99940,100,100019,100,99936,100,100025,100,99928,100,100027,100,99920,100,100042,200,99906,100,100060,100,99898,100,100066,100,99897,100
2019-06-28 09:37:00.000000000,99967,431,99961,431,99984,100,99946,100,100002,100,99944,100,100005,100,99940,100,100019,100,99936,100,100025,100,99928,100,100027,100,99920,100,100042,200,99906,100,100060,100,99898,100,100066,100,99897,100
2019-06-28 09:37:01.438988007,99967,431,99961,331,99984,100,99946,100,100002,100,99944,100,100005,100,99940,100,100019,100,99936,100,100025,100,99928,100,100027,100,99920,100,100042,200,99906,100,100060,100,99898,100,100066,100,99897,100
2019-06-28 09:37:05.290766895,99967,431,99961,331,99984,100,99946,100,100002,100,99944,100,100005,100,99940,100,100019,100,99936,100,100025,100,99928,100,100027,100,99920,100,100042,200,99906,100,100060,100,99898,100,100066,100,99897,100
2019-06-28 09:37:10.000000000,99967,183,99946,183,99984,183,99944,183,100002,183,99940,183,100005,183,99936,183,100019,100,99928,100,100025,100,99920,100,100027,100,99906,100,100042,200,99898,100,100060,100,99897,100,100066,100,99893,100
2019-06-28 09:37:20.000000000,99967,183,99946,183,99984,183,99944,183,100002,183,99940,183,100005,183,99936,183,100019,100,99928,100,100025,100,99920,100,100027,100,99906,100,100042,200,99898,100,100060,100,99897,100,100066,100,99893,100
2019-06-28 09:37:30.000000000,99967,213,99946,213,99984,209,99944,209,100002,209,99940,209,100005,100,99936,100,100019,100,99928,100,100025,100,99920,100,100027,100,99906,100,100042,200,99898,100,100060,100,99897,100,100066,100,99893,100
2019-06-28 09:37:30.174831465,99967,213,99946,113,99984,209,99944,209,100002,209,99940,209,100005,100,99936,100,100019,100,99928,100,100025,100,99920,100,100027,100,99906,100,100042,200,99898,100,100060,100,99897,100,100066,100,99893,100
2019-06-28 09:37:37.647214040,99967,213,99946,13,99984,209,99944,209,100002,209,99940,209,100005,100,99936,100,100019,100,99928,100,100025,100,99920,100,100027,100,99906,100,100042,200,99898,100,100060,100,99897,100,100066,100,99893,100
2019-06-28 09:37:40.000000000,99967,431,99944,431,99984,100,99940,100,100002,100,99936,100,100005,100,99928,100,100019,100,99920,100,100025,100,99906,100,100027,100,99898,100,100042,200,99897,100,100060,100,99893,100,100066,100,99882,100
2019-06-28 09:37:50.000000000,99967,266,99944,266,99984,266,99940,266,100002,100,99936,100,100005,100,99928,100,100019,100,99920,100,100025,100,99906,100,100027,100,99898,100,100042,200,99897,100,100060,100,99893,100,100066,100,99882,100
2019-06-28 09:38:00.000000000,99967,266,99944,266,99984,266,99940,266,100002,100,99936,100,100005,100,99928,100,100019,100,99920,100,100025,100,99906,100,100027,100,99898,100,100042,200,99897,100,100060,100,99893,100,100066,100,99882,100
2019-06-28 09:38:10.000000000,99967,166,99944,166,99984,166,99940,166,100002,166,99936,166,100005,166,99928,166,100019,166,99920,166,100025,100,99906,100,100027,100,99898,100,100042,200,99897,100,100060,100,99893,100,100066,100,99882,100
2019-06-28 09:38:20.000000000,99967,266,99944,266,99984,266,99940,266,100002,100,99936,100,100005,100,99928,100,100019,100,99920,100,100025,100,99906,100,100027,100,99898,100,100042,200,99897,100,100060,100,99893,100,100066,100,99882,100
2019-06-28 09:38:26.423978574,99967,266,99944,166,99984,266,99940,266,100002,100,99936,100,100005,100,99928,100,100019,100,99920,100,100025,100,99906,100,100027,100,99898,100,100042,200,99897,100,100060,100,99893,100,100066,100,99882,100
2019-06-28 09:38:30.000000000,99967,266,99940,266,99984,266,99936,266,100002,100,99928,100,100005,100,99920,100,100019,100,99906,100,100025,100,99898,100,100027,100,99897,100,100042,200,99893,100,100060,100,99882,100,100066,100,99857,100
2019-06-28 09:38:40.000000000,99967,183,99940,183,99984,183,99936,183,100002,183,99928,183,100005,183,99920,183,100019,100,99906,100,100025,100,99898,100,100027,100,99897,100,100042,200,99893,100,100060,100,99882,100,100066,100,99857,100
2019-06-28 09:38:49.646668878,99967,183,99940,183,99984,183,99936,183,100002,183,99928,183,100005,183,99920,183,100019,100,99906,100,100025,100,99898,100,100027,100,99897,100,100042,200,99893,100,100060,100,99882,100,100066,100,99857,100
2019-06-28 09:38:50.000000000,99967,166,99940,166,99984,166,99936,166,100002,166,99928,166,100005,166,99920,166,100019,166,99906,166,100025,100,99898,100,100027,100,99897,100,100042,200,99893,100,100060,100,99882,100,100066,100,99857,100
2019-06-28 09:38:55.999875004,99967,166,99940,166,99984,166,99936,166,100002,166,99928,166,100005,166,99920,166,100019,166,99906,166,100025,100,99898,100,100027,100,99897,100,100042,200,99893,100,100060,100,99882,100,100066,100,99857,100
2019-06-28 09:39:00.000000000,99967,213,99940,213,99984,209,99936,209,100002,209,99928,209,100005,100,99920,100,100019,100,99906,100,100025,100,99898,100,100027,100,99897,100,100042,200,99893,100,100060,100,99882,100,100066,100,99857,100
2019-06-28 09:39:07.789249787,99967,213,99940,213,99984,209,99936,209,100002,209,99928,209,100005,100,99920,100,100019,100,99906,100,100027,100,99898,100,100042,200,99897,100,100060,100,99893,100,100066,100,99882,100,100087,100,99857,100
2019-06-28 09:39:10.000000000,99967,266,99940,266,99984,266,99936,266,100002,100,99928,100,100005,100,99920,100,100019,100,99906,100,100027,100,99898,100,100042,200,99897,100,100060,100,99893,100,100066,100,99882,100,100087,100,99857,100
2019-06-28 09:39:20.000000000,99967,166,99940,166,99984,166,99936,166,100002,166,99928,166,100005,166,99920,166,100019,166,99906,166,100027,100,99898,100,100042,200,99897,100,100060,100,99893,100,100066,100,99882,100,100087,100,99857,100
2019-06-28 09:39:22.359044362,99967,166,99940,66,99984,166,99936,166,100002,166,99928,166,100005,166,99920,166,100019,166,99906,166,100027,100,99898,100,100042,200,99897,100,100060,100,99893,100,100066,100,99882,100,100087,100,99857,100
2019-06-28 09:39:30.000000000,99967,183,99936,183,99984,183,99928,183,100002,183,99920,183,100005,183,99906,183,100019,100,99898,100,100027,100,99897,100,100042,200,99893,100,100060,100,99882,100,100066,100,99857,100,100087,100,99840,100
2019-06-28 09:39:34.610088380,99967,183,99936,183,99984,183,99928,183,100002,183,99920,183,100005,183,99906,183,100019,100,99898,100,100027,100,99897,100,100042,200,99882,100,100060,100,99857,100,100066,100,99840,100,100087,100,99824,100
2019-06-28 09:39:40.000000000,99967,431,99936,431,99984,100,99928,100,100002,100,99920,100,100005,100,99906,100,100019,100,99898,100,100027,100,99897,100,100042,200,99882,100,100060,100,99857,100,100066,100,99840,100,100087,100,99824,100
2019-06-28 09:39:41.380022879,99967,431,99936,431,99984,100,99928,100,100002,100,99920,100,100005,100,99906,100,100019,100,99898,100,100027,100,99897,100,100042,200,99882,100,100060,100,99857,100,100066,100,99824,100,100087,100,99812,100
2019-06-28 09:39:47.178770499,99967,431,99936,431,99984,100,99928,100,100002,100,99920,100,100005,100,99906,100,100019,100,99898,100,100027,100,99897,100,100042,200,99882,100,100060,100,99857,100,100066,100,99824,100,100087,100,99812,100
2019-06-28 09:39:50.000000000,99967,431,99936,431,99984,100,99928,100,100002,100,99920,100,100005,100,99906,100,100019,100,99898,100,100027,100,99897,100,100042,200,99882,100,100060,100,99857,100,100066,100,99824,100,100087,100,99812,100
2019-06-28 09:40:00.000000000,99967,183,99936,183,99984,183,99928,183,100002,183,99920,183,100005,183,99906,183,100019,100,99898,100,100027,100,99897,100,100042,200,99882,100,100060,100,99857,100,100066,100,99824,100,100087,100,99812,100
2019-06-28 09:40:10.000000000,99967,166,99936,166,99984,166,99928,166,100002,166,99920,166,100005,166,99906,166,100019,166,99898,166,100027,100,99897,100,100042,200,99882,100,100060,100,99857,100,100066,100,99824,100,100087,100,99812,100
2019-06-28 09:40:20.000000000,99967,183,99936,183,99984,183,99928,183,100002,183,99920,183,100005,183,99906,183,100019,100,99898,100,100027,100,99897,100,100042,200,99882,100,100060,100,99857,100,100066,100,99824,100,100087,100,99812,100
2019-06-28 09:40:22.522795503,99936,17,99928,183,99967,183,99920,183,99984,183,99906,183,100002,183,99898,100,100005,183,99897,100,100019,100,99882,100,100027,100,99857,100,100042,200,99824,100,100060,100,99812,100,100066,100,99798,100
2019-06-28 09:40:30.000000000,99936,83,99928,166,99967,166,99920,166,99984,166,99906,166,100002,166,99898,166,100005,166,99897,166,100019,100,99882,100,100027,100,99857,100,100042,200,99824,100,100060,100,99812,100,100066,100,99798,100
2019-06-28 09:40:40.000000000,99936,348,99928,431,99967,100,99920,100,99984,100,99906,100,100002,100,99898,100,100005,100,99897,100,100019,100,99882,100,100027,100,99857,100,100042,200,99824,100,100060,100,99812,100,100066,100,99798,100
2019-06-28 09:40:50.000000000,99936,83,99928,166,99967,166,99920,166,99984,166,99906,166,100002,166,99898,166,100005,166,99897,166,100019,100,99882,100,100027,100,99857,100,100042,200,99824,100,100060,100,99812,100,100066,100,99798,100
2019-06-28 09:41:00.000000000,99936,100,99928,183,99967,183,99920,183,99984,183,99906,183,100002,183,99898,183,100005,100,99897,100,100019,100,99882,100,100027,100,99857,100,100042,200,99824,100,100060,100,99812,100,100066,100,99798,100
2019-06-28 09:41:00.161456281,99936,100,99928,83,99967,183,99920,183,99984,183,99906,183,100002,183,99898,183,100005,100,99897,100,100019,100,99882,100,100027,100,99857,100,100042,200,99824,100,100060,100,99812,100,100066,100,99798,100
2019-06-28 09:41:00.639373842,99936,100,99928,83,99967,183,99920,183,99984,183,99906,183,100002,183,99898,183,100005,100,99897,100,100019,100,99882,100,100027,100,99857,100,100042,200,99824,100,100060,100,99812,100,100066,100,99798,100
2019-06-28 09:41:10.000000000,99936,348,99920,431,99967,100,99906,100,99984,100,99898,100,100002,100,99897,100,100005,100,99882,100,100019,100,99857,100,100027,100,99824,100,100042,200,99812,100,100060,100,99798,100,100066,100,99505,100
2019-06-28 09:41:20.000000000,99936,83,99920,166,99967,166,99906,166,99984,166,99898,166,100002,166,99897,166,100005,166,99882,166,100019,100,99857,100,100027,100,99824,100,100042,200,99812,100,100060,100,99798,100,100066,100,99505,100
2019-06-28 09:41:28.066157631,99936,83,99920,66,99967,166,99906,166,99984,166,99898,166,100002,166,99897,166,100005,166,99882,166,100019,100,99857,100,100027,100,99824,100,100042,200,99812,100,100060,100,99798,100,100066,100,99505,100
2019-06-28 09:41:29.120324334,99936,83,99920,66,99967,166,99906,166,99984,166,99898,166,100002,166,99897,166,100005,166,99882,166,100019,100,99857,100,100027,100,99824,100,100042,200,99812,100,100060,100,99798,100,100066,100,99505,100
2019-06-28 09:41:30.000000000,99936,83,99906,166,99967,166,99898,166,99984,166,99897,166,100002,166,99882,166,100005,166,99857,166,100019,100,99824,100,100027,100,99812,100,100042,200,99798,100,100060,100,99505,100,100066,100,98597,100
2019-06-28 09:41:35.641749550,99936,83,99906,166,99967,166,99898,166,99984,166,99897,166,100002,66,99882,166,100005,166,99857,166,100019,100,99824,100,100027,100,99812,100,100042,200,99798,100,100060,100,99505,100,100066,100,98597,100
2019-06-28 09:41:40.000000000,99936,130,99906,213,99967,209,99898,209,99984,209,99897,209,100005,100,99882,100,100019,100,99857,100,100027,100,99824,100,100042,200,99812,100,100060,100,99798,100,100066,100,99505,100,100087,100,98597,100
2019-06-28 09:41:44.254425730,99936,130,99906,213,99967,209,99898,209,99984,209,99897,209,100005,100,99882,100,100027,100,99857,100,100042,200,99824,100,100060,100,99812,100,100066,100,99798,100,100087,100,99505,100,100097,100,98597,100
2019-06-28 09:41:50.000000000,99936,83,99906,166,99967,166,99898,166,99984,166,99897,166,100005,166,99882,166,100027,166,99857,166,100042,200,99824,100,100060,100,99812,100,100066,100,99798,100,100087,100,99505,100,100097,100,98597,100
2019-06-28 09:42:00.000000000,99936,83,99906,166,99967,166,99898,166,99984,166,99897,166,100005,166,99882,166,100027,166,99857,166,100042,200,99824,100,100060,100,99812,100,100066,100,99798,100,100087,100,99505,100,100097,100,98597,100
2019-06-28 09:42:07.741896444,99936,83,99906,66,99967,166,99898,166,99984,166,99897,166,100005,166,99882,166,100027,166,99857,166,100042,200,99824,100,100060,100,99812,100,100066,100,99798,100,100087,100,99505,100,100097,100,98597,100
2019-06-28 09:42:10.000000000,99936,348,99898,431,99967,100,99897,100,99984,100,99882,100,100005,100,99857,100,100027,100,99824,100,100042,200,99812,100,100060,100,99798,100,100066,100,99505,100,100087,100,98597,100,100097,100,98564,100
2019-06-28 09:42:20.000000000,99936,100,99898,183,99967,183,99897,183,99984,183,99882,183,100005,183,99857,183,100027,100,99824,100,100042,200,99812,100,100060,100,99798,100,100066,100,99505,100,100087,100,98597,100,100097,100,98564,100
2019-06-28 09:42:30.000000000,99936,130,99898,213,99967,209,99897,209,99984,209,99882,209,100005,100,99857,100,100027,100,99824,100,100042,200,99812,100,100060,100,99798,100,100066,100,99505,100,100087,100,98597,100,100097,100,98564,100
2019-06-28 09:42:35.085954947,99920,100,99898,213,99936,130,99897,209,99967,209,99882,209,99984,209,99857,100,100005,100,99824,100,100027,100,99812,100,100042,200,99798,100,100060,100,99505,100,100066,100,98597,100,100087,100,98564,100
2019-06-28 09:42:40.000000000,99920,266,99898,266,99936,183,99897,266,99967,100,99882,100,99984,100,99857,100,100005,100,99824,100,100027,100,99812,100,100042,200,99798,100,100060,100,99505,100,100066,100,98597,100,100087,100,98564,100
2019-06-28 09:42:50.000000000,99920,431,99898,431,99936,17,99897,100,99967,100,99882,100,99984,100,99857,100,100005,100,99824,100,100027,100,99812,100,100042,200,99798,100,100060,100,99505,100,100066,100,98597,100,100087,100,98564,100
2019-06-28 09:42:50.794577039,99920,531,99898,431,99936,17,99897,100,99967,100,99882,100,99984,100,99857,100,100005,100,99824,100,100027,100,99812,100,100042,200,99798,100,100060,100,99505,100,100066,100,98597,100,100087,100,98564,100
2019-06-28 09:42:59.060243887,99920,531,99898,331,99936,17,99897,100,99967,100,99882,100,99984,100,99857,100,100005,100,99824,100,100027,100,99812,100,100042,200,99798,100,100060,100,99505,100,100066,100,98597,100,100087,100,98564,100
2019-06-28 09:43:00.000000000,99920,283,99897,183,99936,100,99882,183,99967,183,99857,183,99984,183,99824,183,100005,100,99812,100,100027,100,99798,100,100042,200,99505,100,100060,100,98597,100,100066,100,98564,100,100087,100,98479,100
2019-06-28 09:43:10.000000000,99920,366,99897,266,99936,183,99882,266,99967,100,99857,100,99984,100,99824,100,100005,100,99812,100,100027,100,99798,100,100042,200,99505,100,100060,100,98597,100,100066,100,98564,100,100087,100,98479,100
2019-06-28 09:43:13.386209920,99920,366,99897,266,99936,183,99882,266,99967,100,99857,100,99984,100,99824,100,100005,100,99812,100,100027,100,99798,100,100042,200,99505,100,100060,100,98824,100,100066,100,98597,100,100087,100,98564,100
2019-06-28 09:43:20.000000000,99920,366,99897,266,99936,183,99882,266,99967,100,99857,100,99984,100,99824,100,100005,100,99812,100,100027,100,99798,100,100042,200,99505,100,100060,100,98824,100,100066,100,98597,100,100087,100,98564,100
2019-06-28 09:43:22.087262191,99920,366,99897,66,99936,183,99882,266,99967,100,99857,100,99984,100,99824,100,100005,100,99812,100,100027,100,99798,100,100042,200,99505,100,100060,100,98824,100,100066,100,98597,100,100087,100,98564,100
2019-06-28 09:43:29.735092419,99897,34,99882,266,99920,366,99857,100,99936,183,99824,100,99967,100,99812,100,99984,100,99798,100,100005,100,99505,100,100027,100,98824,100,100042,200,98597,100,100060,100,98564,100,100066,100,98479,100
2019-06-28 09:43:30.000000000,99897,365,99882,431,99920,200,99857,100,99936,17,99824,100,99967,100,99812,100,99984,100,99798,100,100005,100,99505,100,100027,100,98824,100,100042,200,98597,100,100060,100,98564,100,100066,100,98479,100
2019-06-28 09:43:36.347496019,99897,365,99882,331,99920,200,99857,100,99936,17,99824,100,99967,100,99812,100,99984,100,99798,100,100005,100,99505,100,100027,100,98824,100,100042,200,98597,100,100060,100,98564,100,100066,100,98479,100
2019-06-28 09:43:40.000000000,99897,147,99857,213,99920,309,99824,209,99936,126,99812,209,99967,100,99798,100,99984,100,99505,100,100005,100,98824,100,100027,100,98597,100,100042,200,98564,100,100060,100,98479,100,100066,100,98175,100
2019-06-28 09:43:45.682782222,99897,147,99857,213,99920,309,99824,209,99936,126,99812,209,99967,100,99505,100,99984,100,98824,100,100005,100,98597,100,100027,100,98564,100,100042,200,98479,100,100060,100,98175,100,100066,100,97955,100
2019-06-28 09:43:50.000000000,99897,147,99857,213,99920,309,99824,209,99936,126,99812,209,99967,100,99505,100,99984,100,98824,100,100005,100,98597,100,100027,100,98564,100,100042,200,98479,100,100060,100,98175,100,100066,100,97955,100
2019-06-28 09:43:52.166317439,99897,147,99857,113,99920,309,99824,209,99936,126,99812,209,99967,100,99505,100,99984,100,98824,100,100005,100,98597,100,100027,100,98564,100,100042,200,98479,100,100060,100,98175,100,100066,100,97955,100
2019-06-28 09:44:00.000000000,99897,147,99824,213,99920,309,99812,209,99936,126,99505,209,99967,100,98824,100,99984,100,98597,100,100005,100,98564,100,100027,100,98479,100,100042,200,98175,100,100060,100,97955,100,100066,100,97947,100
2019-06-28 09:44:10.000000000,99897,147,99824,213,99920,309,99812,209,99936,126,99505,209,99967,100,98824,100,99984,100,98597,100,100005,100,98564,100,100027,100,98479,100,100042,200,98175,100,100060,100,97955,100,100066,100,97947,100
2019-06-28 09:44:20.000000000,99897,100,99824,166,99920,266,99812,166,99936,83,99505,166,99967,166,98824,166,99984,166,98597,166,100005,100,98564,100,100027,100,98479,100,100042,200,98175,100,100060,100,97955,100,100066,100,97947,100
2019-06-28 09:44:30.000000000,99897,365,99824,431,99920,200,99812,100,99936,17,99505,100,99967,100,98824,100,99984,100,98597,100,100005,100,98564,100,100027,100,98479,100,100042,200,98175,100,100060,100,97955,100,100066,100,97947,100
2019-06-28 09:44:40.000000000,99897,200,99824,266,99920,366,99812,266,99936,17,99505,100,99967,100,98824,100,99984,100,98597,100,100005,100,98564,100,100027,100,98479,100,100042,200,98175,100,100060,100,97955,100,100066,100,97947,100
2019-06-28 09:44:44.021318161,99897,200,99824,266,99920,366,99812,266,99936,17,99505,100,99967,100,98876,100,99984,100,98824,100,100005,100,98597,100,100027,100,98564,100,100042,200,98479,100,100060,100,98175,100,100066,100,97955,100
2019-06-28 09:44:50.000000000,99897,117,99824,183,99920,283,99812,183,99936,100,99505,183,99967,183,98876,183,99984,100,98824,100,100005,100,98597,100,100027,100,98564,100,100042,200,98479,100,100060,100,98175,100,100066,100,97955,100
2019-06-28 09:45:00.000000000,99897,100,99824,166,99920,266,99812,166,99936,83,99505,166,99967,166,98876,166,99984,166,98824,166,100005,100,98597,100,100027,100,98564,100,100042,200,98479,100,100060,100,98175,100,100066,100,97955,100
2019-06-28 09:45:10.000000000,99897,100,99824,166,99920,266,99812,166,99936,83,99505,166,99967,166,98876,166,99984,166,98824,166,100005,100,98597,100,100027,100,98564,100,100042,200,98479,100,100060,100,98175,100,100066,100,97955,100
2019-06-28 09:45:12.507022095,99897,66,99824,166,99920,266,99812,166,99936,83,99505,166,99967,166,98876,166,99984,166,98866,100,100005,100,98824,166,100027,100,98597,100,100042,200,98564,100,100060,100,98479,100,100066,100,98175,100
2019-06-28 09:45:20.000000000,99920,313,99824,213,99936,126,99812,209,99967,209,99505,209,99984,100,98876,100,100005,100,98866,100,100027,100,98824,100,100042,200,98597,100,100060,100,98564,100,100066,100,98479,100,100087,100,98175,100
2019-06-28 09:45:30.000000000,99920,283,99824,183,99936,100,99812,183,99967,183,99505,183,99984,183,98876,183,100005,100,98866,100,100027,100,98824,100,100042,200,98597,100,100060,100,98564,100,100066,100,98479,100,100087,100,98175,100
2019-06-28 09:45:40.000000000,99920,283,99824,183,99936,100,99812,183,99967,183,99505,183,99984,183,98876,183,100005,100,98866,100,100027,100,98824,100,100042,200,98597,100,100060,100,98564,100,100066,100,98479,100,100087,100,98175,100
2019-06-28 09:45:46.263771196,99920,283,99824,83,99936,100,99812,183,99967,183,99505,183,99984,183,98876,183,100005,100,98866,100,100027,100,98824,100,100042,200,98564,100,100060,100,98479,100,100066,100,98175,100,100087,100,97955,100
2019-06-28 09:45:49.168303586,99920,283,99824,83,99936,100,99812,183,99967,183,99506,100,99984,183,99505,183,100005,100,98876,183,100027,100,98824,100,100042,200,98564,100,100060,100,98479,100,100066,100,98175,100,100087,100,97955,100
2019-06-28 09:45:50.000000000,99920,266,99812,166,99936,83,99506,166,99967,166,99505,166,99984,166,98876,166,100005,166,98824,166,100027,100,98564,100,100042,200,98479,100,100060,100,98175,100,100066,100,97955,100,100087,100,97947,100
2019-06-28 09:45:50.300595257,99920,266,99812,66,99936,83,99506,166,99967,166,99505,166,99984,166,98876,166,100005,166,98824,166,100027,100,98564,100,100042,200,98479,100,100060,100,98175,100,100066,100,97955,100,100087,100,97947,100
2019-06-28 09:46:00.000000000,99920,531,99506,431,99936,17,99505,100,99967,100,98876,100,99984,100,98824,100,100005,100,98564,100,100027,100,98479,100,100042,200,98175,100,100060,100,97955,100,100066,100,97947,100,100087,100,97831,100
2019-06-28 09:46:10.000000000,99920,313,99506,213,99936,126,99505,209,99967,209,98876,209,99984,100,98824,100,100005,100,98564,100,100027,100,98479,100,100042,200,98175,100,100060,100,97955,100,100066,100,97947,100,100087,100,97831,100
2019-06-28 09:46:10.551361675,99824,100,99506,213,99920,313,99505,209,99936,126,98876,209,99967,209,98824,100,99984,100,98564,100,100027,100,98479,100,100042,200,98175,100,100060,100,97955,100,100066,100,97947,100,100087,100,97831,100
2019-06-28 09:46:20.000000000,99824,166,99506,166,99920,266,99505,166,99936,83,98876,166,99967,166,98824,166,99984,166,98564,166,100027,100,98479,100,100042,200,98175,100,100060,100,97955,100,100066,100,97947,100,100087,100,97831,100
2019-06-28 09:46:20.968557174,99824,166,99506,166,99920,266,99505,166,99936,83,99396,100,99967,166,98876,166,99984,166,98824,166,100027,100,98564,166,100042,200,98479,100,100060,100,98175,100,100066,100,97955,100,100087,100,97947,100
2019-06-28 09:46:30.000000000,99824,183,99506,183,99920,283,99505,183,99936,100,99396,183,99967,183,98876,183,99984,100,98824,100,100027,100,98564,100,100042,200,98479,100,100060,100,98175,100,100066,100,97955,100,100087,100,97947,100
2019-06-28 09:46:31.137046986,99824,183,99506,183,99920,283,99505,183,99936,100,99410,100,99967,183,99396,183,99984,100,98876,183,100027,100,98824,100,100042,200,98564,100,100060,100,98479,100,100066,100,98175,100,100087,100,97955,100
2019-06-28 09:46:40.000000000,99824,213,99506,213,99920,309,99505,209,99936,126,99410,209,99967,100,99396,100,99984,100,98876,100,100027,100,98824,100,100042,200,98564,100,100060,100,98479,100,100066,100,98175,100,100087,100,97955,100
2019-06-28 09:46:42.851332897,99824,213,99506,213,99920,309,99505,209,99936,126,99410,209,99967,100,99396,100,99984,100,99216,100,100027,100,98876,100,100042,200,98824,100,100060,100,98564,100,100066,100,98479,100,100087,100,98175,100
2019-06-28 09:46:50.000000000,99824,183,99506,183,99920,283,99505,183,99936,100,99410,183,99967,183,99396,183,99984,100,99216,100,100027,100,98876,100,100042,200,98824,100,100060,100,98564,100,100066,100,98479,100,100087,100,98175,100
2019-06-28 09:46:59.968605787,99824,183,99506,83,99920,283,99505,183,99936,100,99410,183,99967,183,99396,183,99984,100,99216,100,100027,100,98876,100,100042,200,98824,100,100060,100,98564,100,100066,100,98479,100,100087,100,98175,100
2019-06-28 09:47:00.000000000,99824,431,99505,431,99920,200,99410,100,99936,17,99396,100,99967,100,99216,100,99984,100,98876,100,100027,100,98824,100,100042,200,98564,100,100060,100,98479,100,100066,100,98175,100,100087,100,97955,100
2019-06-28 09:47:04.525593846,99812,100,99505,431,99824,431,99410,100,99920,200,99396,100,99936,17,99216,100,99967,100,98876,100,99984,100,98824,100,100027,100,98564,100,100042,200,98479,100,100060,100,98175,100,100066,100,97955,100
2019-06-28 09:47:10.000000000,99812,213,99505,213,99824,209,99410,209,99920,309,99396,209,99936,17,99216,100,99967,100,98876,100,99984,100,98824,100,100027,100,98564,100,100042,200,98479,100,100060,100,98175,100,100066,100,97955,100
2019-06-28 09:47:20.000000000,99812,266,99505,266,99824,266,99410,266,99920,200,99396,100,99936,17,99216,100,99967,100,98876,100,99984,100,98824,100,100027,100,98564,100,100042,200,98479,100,100060,100,98175,100,100066,100,97955,100
2019-06-28 09:47:24.623269806,99812,366,99505,266,99824,266,99410,266,99920,200,99396,100,99936,17,99216,100,99967,100,98876,100,99984,100,98824,100,100027,100,98564,100,100042,200,98479,100,100060,100,98175,100,100066,100,97955,100
2019-06-28 09:47:30.000000000,99812,366,99505,266,99824,266,99410,266,99920,200,99396,100,99936,17,99216,100,99967,100,98876,100,99984,100,98824,100,100027,100,98564,100,100042,200,98479,100,100060,100,98175,100,100066,100,97955,100
2019-06-28 09:47:40.000000000,99812,266,99505,166,99824,166,99410,166,99920,266,99396,166,99936,83,99216,166,99967,166,98876,166,99984,100,98824,100,100027,100,98564,100,100042,200,98479,100,100060,100,98175,100,100066,100,97955,100
2019-06-28 09:47:40.769434366,99812,166,99505,166,99824,166,99410,166,99920,266,99396,166,99936,83,99216,166,99967,166,98876,166,99984,100,98824,100,100027,100,98564,100,100042,200,98479,100,100060,100,98175,100,100066,100,97955,100
2019-06-28 09:47:41.679396192,99812,166,99505,166,99824,166,99410,166,99862,100,99396,166,99920,266,99216,166,99936,83,98876,166,99967,166,98824,100,99984,100,98564,100,100027,100,98479,100,100042,100,98175,100,100060,100,97955,100
2019-06-28 09:47:42.364453432,99812,166,99507,100,99824,166,99505,166,99862,100,99410,166,99920,266,99396,166,99936,83,99216,166,99967,66,98876,166,99984,100,98824,100,100027,100,98564,100,100042,100,98479,100,100060,100,98175,100
2019-06-28 09:47:50.000000000,99812,183,99507,183,99824,183,99505,183,99862,183,99410,183,99920,283,99396,183,99936,17,99216,100,99984,100,98876,100,100027,100,98824,100,100042,100,98564,100,100060,100,98479,100,100066,100,98175,100
2019-06-28 09:48:00.000000000,99812,266,99507,266,99824,266,99505,266,99862,100,99410,100,99920,200,99396,100,99936,17,99216,100,99984,100,98876,100,100027,100,98824,100,100042,100,98564,100,100060,100,98479,100,100066,100,98175,100
2019-06-28 09:48:01.942223415,99812,266,99780,100,99824,266,99507,266,99862,100,99505,266,99920,200,99410,100,99936,17,99396,100,99984,100,99216,100,100027,100,98876,100,100042,100,98824,100,100060,100,98564,100,100066,100,98479,100
2019-06-28 09:48:09.482263357,99812,166,99780,100,99824,266,99507,266,99862,100,99505,166,99920,200,99410,100,99936,17,99396,100,99984,100,99216,100,100027,100,98876,100,100042,100,98824,100,100060,100,98564,100,100066,100,98479,100
2019-06-28 09:48:09.750938032,99812,66,99780,100,99824,266,99507,266,99862,100,99505,166,99920,200,99410,100,99936,17,99396,100,99984,100,99216,100,100027,100,98876,100,100042,100,98824,100,100066,100,98564,100,100087,100,98479,100
2019-06-28 09:48:10.000000000,99824,183,99780,183,99862,183,99507,183,99920,283,99410,183,99936,100,99396,183,99984,100,99216,100,100027,100,98876,100,100042,100,98824,100,100066,100,98564,100,100087,100,98479,100,100097,100,98175,100
2019-06-28 09:48:10.170265921,99824,183,99780,183,99862,183,99507,183,99920,283,99410,183,99936,100,99396,183,99984,100,99216,100,100027,100,98876,100,100042,100,98824,100,100066,100,98564,100,100079,100,98479,100,100087,100,98175,100
2019-06-28 09:48:12.158880382,99824,183,99780,183,99862,183,99507,183,99920,283,99410,183,99936,83,99396,183,99965,100,99216,100,99984,100,98876,100,100027,100,98824,100,100042,100,98564,100,100066,100,98479,100,100079,100,98175,100
2019-06-28 09:48:20.000000000,99824,431,99780,431,99862,100,99507,100,99920,200,99410,100,99965,100,99396,100,99984,100,99216,100,100027,100,98876,100,100042,100,98824,100,100066,100,98564,100,100079,100,98479,100,100087,100,98175,100
2019-06-28 09:48:30.000000000,99824,183,99780,183,99862,183,99507,183,99920,283,99410,183,99965,183,99396,183,99984,100,99216,100,100027,100,98876,100,100042,100,98824,100,100066,100,98564,100,100079,100,98479,100,100087,100,98175,100
2019-06-28 09:48:40.000000000,99824,266,99780,266,99862,266,99507,266,99920,200,99410,100,99965,100,99396,100,99984,100,99216,100,100027,100,98876,100,100042,100,98824,100,100066,100,98564,100,100079,100,98479,100,100087,100,98175,100
2019-06-28 09:48:47.866618582,99824,266,99780,266,99862,266,99507,266,99920,200,99410,100,99965,100,99396,100,99984,100,99216,100,100027,100,98876,100,100042,100,98824,100,100066,100,98564,100,100079,100,98479,100,100087,100,98175,100
2019-06-28 09:48:50.000000000,99824,213,99780,213,99862,209,99507,209,99920,309,99410,209,99965,100,99396,100,99984,100,99216,100,100027,100,98876,100,100042,100,98824,100,100066,100,98564,100,100079,100,98479,100,100087,100,98175,100
2019-06-28 09:49:00.000000000,99824,431,99780,431,99862,100,99507,100,99920,200,99410,100,99965,100,99396,100,99984,100,99216,100,100027,100,98876,100,100042,100,98824,100,100066,100,98564,100,100079,100,98479,100,100087,100,98175,100
2019-06-28 09:49:10.000000000,99824,431,99780,431,99862,100,99507,100,99920,200,99410,100,99965,100,99396,100,99984,100,99216,100,100027,100,98876,100,100042,100,98824,100,100066,100,98564,100,100079,100,98479,100,100087,100,98175,100
2019-06-28 09:49:16.900281103,99824,431,99780,431,99862,100,99507,100,99920,200,99410,100,99965,100,99396,100,99984,100,99216,100,100027,100,98876,100,100042,100,98824,100,100066,100,98564,100,100079,100,98479,100,100087,100,98175,100
2019-06-28 09:49:17.453462094,99824,431,99780,431,99862,100,99507,100,99920,200,99410,100,99965,100,99396,100,99984,100,99216,100,100027,100,98876,100,100042,100,98824,100,100066,100,98564,100,100079,100,98479,100,100087,100,98175,100
2019-06-28 09:49:20.000000000,99824,166,99780,166,99862,166,99507,166,99920,266,99410,166,99965,166,99396,166,99984,166,99216,166,100027,100,98876,100,100042,100,98824,100,100066,100,98564,100,100079,100,98479,100,100087,100,98175,100
2019-06-28 09:49:30.000000000,99824,431,99780,431,99862,100,99507,100,99920,200,99410,100,99965,100,99396,100,99984,100,99216,100,100027,100,98876,100,100042,100,98824,100,100066,100,98564,100,100079,100,98479,100,100087,100,98175,100
2019-06-28 09:49:39.733839891,99824,431,99812,100,99862,100,99780,431,99920,200,99507,100,99965,100,99410,100,99984,100,99396,100,100027,100,99216,100,100042,100,98876,100,100066,100,98824,100,100079,100,98564,100,100087,100,98479,100
2019-06-28 09:49:40.000000000,99824,166,99812,166,99862,166,99780,166,99920,266,99507,166,99965,166,99410,166,99984,166,99396,166,100027,100,99216,100,100042,100,98876,100,100066,100,98824,100,100079,100,98564,100,100087,100,98479,100
2019-06-28 09:49:50.000000000,99824,166,99812,166,99862,166,99780,166,99920,266,99507,166,99965,166,99410,166,99984,166,99396,166,100027,100,99216,100,100042,100,98876,100,100066,100,98824,100,100079,100,98564,100,100087,100,98479,100
2019-06-28 09:49:50.381132073,99824,66,99812,166,99862,166,99780,166,99920,266,99507,166,99965,166,99410,66,99984,166,99396,166,100027,100,99216,100,100042,100,98876,100,100066,100,98824,100,100079,100,98564,100,100087,100,98479,100
2019-06-28 09:50:00.000000000,99862,166,99812,166,99920,266,99780,166,99965,166,99507,166,99984,166,99396,166,100027,166,99216,166,100042,100,98876,100,100066,100,98824,100,100079,100,98564,100,100087,100,98479,100,100097,100,98175,100
2019-06-28 09:50:04.766075247,99862,166,99812,166,99920,266,99780,166,99965,166,99507,166,99984,166,99396,166,100027,66,99216,166,100042,100,98876,100,100066,100,98824,100,100079,100,98564,100,100087,100,98479,100,100097,100,98175,100
2019-06-28 09:50:05.041762610,99862,166,99812,166,99920,266,99780,166,99965,166,99507,166,99984,166,99396,166,100027,66,99216,166,100042,100,98876,100,100066,100,98824,100,100079,100,98564,100,100087,100,98479,100,100097,100,98175,100
2019-06-28 09:50:10.000000000,99862,431,99812,431,99920,200,99780,100,99965,100,99507,100,99984,100,99396,100,100042,100,99216,100,100066,100,98876,100,100079,100,98824,100,100087,100,98564,100,100097,100,98479,100,100103,100,98175,100
2019-06-28 09:50:11.454190184,99862,331,99812,431,99920,200,99780,100,99965,100,99507,100,99984,100,99396,100,100066,100,99216,100,100079,100,98876,100,100087,100,98824,100,100097,100,98564,100,100103,100,98479,100,100139,100,98175,100
2019-06-28 09:50:20.000000000,99920,313,99812,213,99965,209,99780,209,99984,209,99507,209,100066,100,99396,100,100079,100,99216,100,100087,100,98876,100,100097,100,98824,100,100103,100,98564,100,100139,100,98479,100,100147,100,98175,100
2019-06-28 09:50:22.472097159,99920,313,99812,213,99965,209,99780,209,99984,209,99507,209,100066,100,99396,100,100079,100,99216,100,100087,100,98876,100,100097,100,98824,100,100103,100,98564,100,100139,100,98479,100,100147,100,98175,100
2019-06-28 09:50:22.489611397,99920,213,99812,213,99965,209,99780,209,99984,209,99507,209,100066,100,99396,100,100079,100,99216,100,100087,100,98876,100,100097,100,98824,100,100103,100,98564,100,100139,100,98479,100,100147,100,98175,100
2019-06-28 09:50:30.000000000,99920,431,99812,431,99965,100,99780,100,99984,100,99507,100,100066,100,99396,100,100079,100,99216,100,100087,100,98876,100,100097,100,98824,100,100103,100,98564,100,100139,100,98479,100,100147,100,98175,100
2019-06-28 09:50:40.000000000,99920,183,99812,183,99965,183,99780,183,99984,183,99507,183,100066,183,99396,183,100079,100,99216,100,100087,100,98876,100,100097,100,98824,100,100103,100,98564,100,100139,100,98479,100,100147,100,98175,100
2019-06-28 09:50:50.000000000,99920,183,99812,183,99965,183,99780,183,99984,183,99507,183,100066,183,99396,183,100079,100,99216,100,100087,100,98876,100,100097,100,98824,100,100103,100,98564,100,100139,100,98479,100,100147,100,98175,100
2019-06-28 09:50:56.897886525,99920,83,99812,183,99965,183,99780,183,99984,183,99507,183,100066,183,99396,183,100079,100,99216,100,100087,100,98876,100,100097,100,98564,100,100103,100,98479,100,100139,100,98175,100,100147,100,97955,100
2019-06-28 09:51:00.000000000,99965,431,99812,431,99984,100,99780,100,100066,100,99507,100,100079,100,99396,100,100087,100,99216,100,100097,100,98876,100,100103,100,98564,100,100139,100,98479,100,100147,100,98175,100,100224,100,97955,100
2019-06-28 09:51:01.827739982,99965,431,99812,431,99984,100,99780,100,100066,100,99507,100,100079,100,99396,100,100087,100,99216,100,100097,100,98876,100,100103,100,98564,100,100139,100,98479,100,100147,100,98175,100,100224,100,97955,100
2019-06-28 09:51:10.000000000,99965,183,99812,183,99984,183,99780,183,100066,183,99507,183,100079,183,99396,183,100087,100,99216,100,100097,100,98876,100,100103,100,98564,100,100139,100,98479,100,100147,100,98175,100,100224,100,97955,100
2019-06-28 09:51:20.000000000,99965,431,99812,431,99984,100,99780,100,100066,100,99507,100,100079,100,99396,100,100087,100,99216,100,100097,100,98876,100,100103,100,98564,100,100139,100,98479,100,100147,100,98175,100,100224,100,97955,100
2019-06-28 09:51:30.000000000,99965,213,99812,213,99984,209,99780,209,100066,209,99507,209,100079,100,99396,100,100087,100,99216,100,100097,100,98876,100,100103,100,98564,100,100139,100,98479,100,100147,100,98175,100,100224,100,97955,100
2019-06-28 09:51:40.000000000,99965,166,99812,166,99984,166,99780,166,100066,166,99507,166,100079,166,99396,166,100087,166,99216,166,100097,100,98876,100,100103,100,98564,100,100139,100,98479,100,100147,100,98175,100,100224,100,97955,100
2019-06-28 09:51:50.000000000,99965,266,99812,266,99984,266,99780,266,100066,100,99507,100,100079,100,99396,100,100087,100,99216,100,100097,100,98876,100,100103,100,98564,100,100139,100,98479,100,100147,100,98175,100,100224,100,97955,100
2019-06-28 09:52:00.000000000,99965,266,99812,266,99984,266,99780,266,100066,100,99507,100,100079,100,99396,100,100087,100,99216,100,100097,100,98876,100,100103,100,98564,100,100139,100,98479,100,100147,100,98175,100,100224,100,97955,100
2019-06-28 09:52:10.000000000,99965,166,99812,166,99984,166,99780,166,100066,166,99507,166,100079,166,99396,166,100087,166,99216,166,100097,100,98876,100,100103,100,98564,100,100139,100,98479,100,100147,100,98175,100,100224,100,97955,100
2019-06-28 09:52:17.159682463,99965,66,99812,166,99984,166,99780,166,100066,166,99507,166,100079,166,99396,166,100087,166,99216,166,100097,100,98876,100,100103,100,98564,100,100139,100,98479,100,100147,100,98175,100,100224,100,97955,100
2019-06-28 09:52:20.000000000,99984,431,99812,431,100066,100,99780,100,100079,100,99507,100,100087,100,99396,100,100097,100,99216,100,100103,100,98876,100,100139,100,98564,100,100147,100,98479,100,100224,100,98175,100,100336,100,97955,100
2019-06-28 09:52:22.403843302,99984,331,99812,431,100066,100,99780,100,100079,100,99507,100,100087,100,99396,100,100097,100,99216,100,100103,100,98876,100,100139,100,98564,100,100147,100,98479,100,100224,100,98175,100,100336,100,97955,100
2019-06-28 09:52:28.856472070,99984,231,99812,431,100066,100,99780,100,100079,100,99507,100,100087,100,99396,100,100097,100,99216,100,100103,100,98876,100,100139,100,98564,100,100224,100,98479,100,100336,100,98175,100,100399,100,97955,100
2019-06-28 09:52:30.000000000,100066,183,99812,183,100079,183,99780,183,100087,183,99507,183,100097,183,99396,183,100103,100,99216,100,100139,100,98876,100,100224,100,98564,100,100336,100,98479,100,100399,100,98175,100,100559,100,97955,100
2019-06-28 09:52:40.000000000,100066,183,99812,183,100079,183,99780,183,100087,183,99507,183,100097,183,99396,183,100103,100,99216,100,100139,100,98876,100,100224,100,98564,100,100336,100,98479,100,100399,100,98175,100,100559,100,97955,100
2019-06-28 09:52:44.742219548,100066,83,99812,183,100079,183,99780,183,100087,183,99507,183,100097,183,99396,183,100103,100,99216,100,100139,100,98876,100,100224,100,98564,100,100336,100,98479,100,100399,100,98175,100,100559,100,97955,100
2019-06-28 09:52:50.000000000,100079,431,99812,431,100087,100,99780,100,100097,100,99507,100,100103,100,99396,100,100139,100,99216,100,100224,100,98876,100,100336,100,98564,100,100399,100,98479,100,100559,100,98175,100,100566,100,97955,100
2019-06-28 09:53:00.000000000,100079,266,99812,266,100087,266,99780,266,100097,100,99507,100,100103,100,99396,100,100139,100,99216,100,100224,100,98876,100,100336,100,98564,100,100399,100,98479,100,100559,100,98175,100,100566,100,97955,100
2019-06-28 09:53:05.011885465,100079,266,99984,100,100087,266,99812,266,100097,100,99780,266,100103,100,99507,100,100139,100,99396,100,100224,100,99216,100,100336,100,98876,100,100399,100,98564,100,100559,100,98479,100,100566,100,98175,100
2019-06-28 09:53:07.313558003,100079,166,99984,100,100087,266,99812,266,100097,100,99780,266,100103,100,99507,100,100139,100,99396,100,100224,100,99216,100,100336,100,98876,100,100399,100,98564,100,100559,100,98479,100,100566,100,98175,100
2019-06-28 09:53:10.000000000,100087,166,99984,166,100097,166,99812,166,100103,166,99780,166,100139,166,99507,166,100224,166,99396,166,100336,100,99216,100,100399,100,98876,100,100559,100,98564,100,100566,100,98479,100,100653,100,98175,100
2019-06-28 09:53:20.000000000,100087,213,99984,213,100097,209,99812,209,100103,209,99780,209,100139,100,99507,100,100224,100,99396,100,100336,100,99216,100,100399,100,98876,100,100559,100,98564,100,100566,100,98479,100,100653,100,98175,100
2019-06-28 09:53:30.000000000,100087,431,99984,431,100097,100,99812,100,100103,100,99780,100,100139,100,99507,100,100224,100,99396,100,100336,100,99216,100,100399,100,98876,100,100559,100,98564,100,100566,100,98479,100,100653,100,98175,100
2019-06-28 09:53:40.000000000,100087,213,99984,213,100097,209,99812,209,100103,209,99780,209,100139,100,99507,100,100224,100,99396,100,100336,100,99216,100,100399,100,98876,100,100559,100,98564,100,100566,100,98479,100,100653,100,98175,100
2019-06-28 09:53:50.000000000,100087,431,99984,431,100097,100,99812,100,100103,100,99780,100,100139,100,99507,100,100224,100,99396,100,100336,100,99216,100,100399,100,98876,100,100559,100,98564,100,100566,100,98479,100,100653,100,98175,100
2019-06-28 09:53:59.960934546,100087,331,99984,431,100097,100,99812,100,100103,100,99780,100,100139,100,99507,100,100224,100,99396,100,100336,100,99216,100,100399,100,98876,100,100559,100,98564,100,100566,100,98479,100,100653,100,98175,100
2019-06-28 09:54:00.000000000,100097,266,99984,266,100103,266,99812,266,100139,100,99780,100,100224,100,99507,100,100336,100,99396,100,100399,100,99216,100,100559,100,98876,100,100566,100,98564,100,100653,100,98479,100,100807,100,98175,100
2019-06-28 09:54:10.000000000,100097,431,99984,431,100103,100,99812,100,100139,100,99780,100,100224,100,99507,100,100336,100,99396,100,100399,100,99216,100,100559,100,98876,100,100566,100,98564,100,100653,100,98479,100,100807,100,98175,100
2019-06-28 09:54:20.000000000,100097,183,99984,183,100103,183,99812,183,100139,183,99780,183,100224,183,99507,183,100336,100,99396,100,100399,100,99216,100,100559,100,98876,100,100566,100,98564,100,100653,100,98479,100,100807,100,98175,100
2019-06-28 09:54:22.137521633,100097,183,99984,183,100103,183,99812,183,100139,183,99780,183,100224,183,99507,183,100336,100,99396,100,100399,100,99216,100,100559,100,98876,100,100566,100,98564,100,100653,100,98479,100,100757,100,98175,100
2019-06-28 09:54:23.567690002,100097,183,100079,100,100103,183,99984,183,100139,183,99812,183,100224,183,99780,183,100336,100,99507,183,100399,100,99396,100,100559,100,99216,100,100566,100,98876,100,100653,100,98564,100,100757,100,98479,100
2019-06-28 09:54:30.000000000,100097,431,100079,431,100103,100,99984,100,100139,100,99812,100,100224,100,99780,100,100336,100,99507,100,100399,100,99396,100,100559,100,99216,100,100566,100,98876,100,100653,100,98564,100,100757,100,98479,100
2019-06-28 09:54:33.739800420,100097,331,100079,431,100103,100,99984,100,100139,100,99812,100,100224,100,99780,100,100336,100,99507,100,100399,100,99396,100,100559,100,99216,100,100566,100,98876,100,100653,100,98564,100,100757,100,98479,100
2019-06-28 09:54:40.000000000,100103,266,100079,266,100139,266,99984,266,100224,100,99812,100,100336,100,99780,100,100399,100,99507,100,100559,100,99396,100,100566,100,99216,100,100653,100,98876,100,100757,100,98564,100,100807,100,98479,100
2019-06-28 09:54:50.000000000,100103,213,100079,213,100139,209,99984,209,100224,209,99812,209,100336,100,99780,100,100399,100,99507,100,100559,100,99396,100,100566,100,99216,100,100653,100,98876,100,100757,100,98564,100,100807,100,98479,100
2019-06-28 09:55:00.000000000,100103,183,100079,183,100139,183,99984,183,100224,183,99812,183,100336,183,99780,183,100399,100,99507,100,100559,100,99396,100,100566,100,99216,100,100653,100,98876,100,100757,100,98564,100,100807,100,98479,100
2019-06-28 09:55:10.000000000,100103,183,100079,183,100139,183,99984,183,100224,183,99812,183,100336,183,99780,183,100399,100,99507,100,100559,100,99396,100,100566,100,99216,100,100653,100,98876,100,100757,100,98564,100,100807,100,98479,100
2019-06-28 09:55:20.000000000,100103,183,100079,183,100139,183,99984,183,100224,183,99812,183,100336,183,99780,183,100399,100,99507,100,100559,100,99396,100,100566,100,99216,100,100653,100,98876,100,100757,100,98564,100,100807,100,98479,100
2019-06-28 09:55:24.773100744,100103,83,100079,183,100139,183,99984,183,100224,183,99812,183,100336,183,99780,183,100399,100,99507,100,100559,100,99396,100,100566,100,99216,100,100653,100,98876,100,100757,100,98564,100,100807,100,98479,100
2019-06-28 09:55:28.897712613,100103,83,100079,183,100139,183,99984,183,100224,183,99812,183,100336,183,99780,183,100399,100,99507,100,100559,100,99396,100,100566,100,99216,100,100653,100,98876,100,100757,100,98564,100,100807,100,98479,100
2019-06-28 09:55:28.948503245,100103,83,100097,100,100139,183,100079,183,100224,183,99984,183,100336,183,99812,183,100399,100,99780,183,100559,100,99507,100,100566,100,99396,100,100653,100,99216,100,100757,100,98876,100,100807,100,98564,100
2019-06-28 09:55:30.000000000,100139,166,100097,166,100224,166,100079,166,100336,166,99984,166,100399,166,99812,166,100559,166,99780,166,100566,100,99507,100,100653,100,99396,100,100757,100,99216,100,100807,100,98876,100,101378,100,98564,100
2019-06-28 09:55:39.039829086,100139,66,100097,166,100224,66,100079,166,100336,166,99984,166,100399,166,99812,166,100559,166,99780,166,100566,100,99507,100,100653,100,99396,100,100757,100,99216,100,100807,100,98876,100,101378,100,98564,100
2019-06-28 09:55:39.736768891,100139,66,100097,166,100224,66,100079,166,100336,166,99984,166,100399,166,99812,166,100559,166,99780,166,100566,100,99507,100,100653,100,99396,100,100757,100,99216,100,100807,100,98876,100,101428,100,98564,100
2019-06-28 09:55:40.000000000,100336,166,100097,166,100399,166,100079,166,100559,166,99984,166,100566,166,99812,166,100653,166,99780,166,100757,100,99507,100,100807,100,99396,100,101428,100,99216,100,,,98876,100,,,98564,100
2019-06-28 09:55:46.696625371,100336,166,100097,166,100399,166,100079,166,100559,166,99984,166,100566,166,99812,166,100653,166,99780,166,100757,100,99507,100,100807,100,99396,100,101428,100,99216,100,101473,100,98876,100,,,98564,100
2019-06-28 09:55:50.000000000,100336,183,100097,183,100399,183,100079,183,100559,183,99984,183,100566,183,99812,183,100653,100,99780,100,100757,100,99507,100,100807,100,99396,100,101428,100,99216,100,101473,100,98876,100,,,98564,100
2019-06-28 09:56:00.000000000,100336,266,100097,266,100399,266,100079,266,100559,100,99984,100,100566,100,99812,100,100653,100,99780,100,100757,100,99507,100,100807,100,99396,100,101428,100,99216,100,101473,100,98876,100,,,98564,100
2019-06-28 09:56:10.000000000,100336,183,100097,183,100399,183,100079,183,100559,183,99984,183,100566,183,99812,183,100653,100,99780,100,100757,100,99507,100,100807,100,99396,100,101428,100,99216,100,101473,100,98876,100,,,98564,100
2019-06-28 09:56:20.000000000,100336,183,100097,183,100399,183,100079,183,100559,183,99984,183,100566,183,99812,183,100653,100,99780,100,100757,100,99507,100,100807,100,99396,100,101428,100,99216,100,101473,100,98876,100,,,98564,100
2019-06-28 09:56:28.299608741,100336,83,100097,183,100399,183,100079,183,100559,183,99984,183,100566,183,99812,183,100653,100,99780,100,100757,100,99507,100,100807,100,99396,100,101428,100,98876,100,101473,100,98564,100,,,98479,100
2019-06-28 09:56:30.000000000,100399,183,100097,183,100559,183,100079,183,100566,183,99984,183,100653,183,99812,183,100757,100,99780,100,100807,100,99507,100,101428,100,99396,100,101473,100,98876,100,,,98564,100,,,98479,100
2019-06-28 09:56:34.877801851,100399,83,100097,183,100559,183,100079,183,100566,183,99984,183,100653,183,99812,183,100757,100,99780,100,100807,100,99507,100,101428,100,99396,100,101473,100,98564,100,,,98479,100,,,98175,100
2019-06-28 09:56:40.000000000,100559,183,100097,183,100566,183,100079,183,100653,183,99984,183,100757,183,99812,183,100807,100,99780,100,101428,100,99507,100,101473,100,99396,100,,,98564,100,,,98479,100,,,98175,100
2019-06-28 09:56:43.810046088,100559,83,100097,183,100566,183,100079,183,100653,183,99984,183,100757,183,99812,183,100807,100,99780,100,101428,100,99507,100,101473,100,99396,100,,,98564,100,,,98479,100,,,98175,100
2019-06-28 09:56:44.285774367,100559,83,100097,183,100566,183,100079,183,100653,183,99984,183,100757,183,99812,183,100807,100,99780,100,101428,100,99396,100,101473,100,98564,100,,,98479,100,,,98175,100,,,97955,100
2019-06-28 09:56:44.769709744,100559,83,100097,183,100566,183,100079,183,100653,183,99984,183,100757,183,99812,183,101039,100,99780,100,101428,100,99396,100,101473,100,98564,100,,,98479,100,,,98175,100,,,97955,100
2019-06-28 09:56:50.000000000,100566,431,100097,431,100653,100,100079,100,100757,100,99984,100,101039,100,99812,100,101428,100,99780,100,101473,100,99396,100,,,98564,100,,,98479,100,,,98175,100,,,97955,100
2019-06-28 09:56:54.560554309,100566,331,100097,431,100653,100,100079,100,100757,100,99984,100,101039,100,99812,100,101428,100,99780,100,101473,100,99396,100,,,98564,100,,,98479,100,,,98175,100,,,97831,100
2019-06-28 09:57:00.000000000,100653,213,100097,213,100757,209,100079,209,101039,209,99984,209,101428,100,99812,100,101473,100,99780,100,,,99396,100,,,98564,100,,,98479,100,,,98175,100,,,97831,100
2019-06-28 09:57:08.288019393,100653,113,100097,213,100757,209,100079,209,101039,209,99984,209,101428,100,99812,100,101473,100,99780,100,,,99396,100,,,98564,100,,,98479,100,,,98175,100,,,97831,100
2019-06-28 09:57:10.000000000,100757,213,100097,213,101039,209,100079,209,101428,209,99984,209,101473,100,99812,100,,,99780,100,,,99396,100,,,98564,100,,,98479,100,,,98175,100,,,97831,100
2019-06-28 09:57:12.040468023,100757,113,100097,213,101039,209,100079,209,101428,209,99984,209,101473,100,99812,100,,,99780,100,,,99396,100,,,98564,100,,,98479,100,,,98175,100,,,97831,100
2019-06-28 09:57:12.399709838,100757,113,100097,213,101039,209,100079,209,101428,209,99984,109,101473,100,99812,100,,,99780,100,,,99396,100,,,98564,100,,,98479,100,,,98175,100,,,97831,100
2019-06-28 09:57:14.009017634,100757,113,100653,100,101039,209,100097,213,101428,209,100079,209,101473,100,99984,109,,,99812,100,,,99780,100,,,99396,100,,,98564,100,,,98479,100,,,98175,100
2019-06-28 09:57:19.651881478,100757,113,100653,100,101039,209,100497,100,101428,209,100097,213,101473,100,100079,209,,,99984,109,,,99812,100,,,99396,100,,,98564,100,,,98479,100,,,98175,100
2019-06-28 09:57:20.000000000,101039,431,100653,431,101428,100,100497,100,101473,100,100097,100,,,100079,100,,,99812,100,,,99396,100,,,98564,100,,,98479,100,,,98175,100,,,97831,100
2019-06-28 09:57:29.173388340,100756,100,100653,431,101039,431,100497,100,101428,100,100097,100,101473,100,100079,100,,,99812,100,,,99396,100,,,98564,100,,,98479,100,,,98175,100,,,97831,100
2019-06-28 09:57:30.000000000,100756,183,100653,183,101039,183,100497,183,101428,183,100097,183,101473,183,100079,183,,,99812,100,,,99396,100,,,98564,100,,,98479,100,,,98175,100,,,97831,100
2019-06-28 09:57:33.940137019,100704,100,100653,183,100756,183,100497,183,101039,183,100097,183,101428,183,100079,183,101473,183,99812,100,,,99396,100,,,98564,100,,,98479,100,,,98175,100,,,97831,100
2019-06-28 09:57:40.000000000,100704,183,100653,183,100756,183,100497,183,101039,183,100097,183,101428,183,100079,183,101473,100,99812,100,,,99396,100,,,98564,100,,,98479,100,,,98175,100,,,97831,100
2019-06-28 09:57:41.941480461,100704,183,100653,83,100756,183,100497,183,101039,183,100097,183,101428,183,100079,183,101473,100,99812,100,,,99396,100,,,98564,100,,,98479,100,,,98175,100,,,97831,100
2019-06-28 09:57:42.310032723,100653,17,100497,183,100704,183,100097,183,100756,183,100079,183,101039,183,99812,100,101428,183,99396,100,101473,100,98564,100,,,98479,100,,,98175,100,,,97831,100,,,,
2019-06-28 09:57:50.000000000,100653,83,100497,166,100704,166,100097,166,100756,166,100079,166,101039,166,99812,166,101428,166,99396,166,101473,100,98564,100,,,98479,100,,,98175,100,,,97831,100,,,,
2019-06-28 09:58:00.000000000,100653,130,100497,213,100704,209,100097,209,100756,209,100079,209,101039,100,99812,100,101428,100,99396,100,101473,100,98564,100,,,98479,100,,,98175,100,,,97831,100,,,,
2019-06-28 09:58:10.000000000,100653,100,100497,183,100704,183,100097,183,100756,183,100079,183,101039,183,99812,183,101428,100,99396,100,101473,100,98564,100,,,98479,100,,,98175,100,,,97831,100,,,,
2019-06-28 09:58:16.844183002,100653,100,100497,183,100704,183,100415,100,100756,183,100097,183,101039,183,100079,183,101428,100,99812,183,101473,100,99396,100,,,98564,100,,,98479,100,,,98175,100,,,97831,100
2019-06-28 09:58:20.000000000,100653,83,100497,166,100704,166,100415,166,100756,166,100097,166,101039,166,100079,166,101428,166,99812,166,101473,100,99396,100,,,98564,100,,,98479,100,,,98175,100,,,97831,100
2019-06-28 09:58:30.000000000,100653,130,100497,213,100704,209,100415,209,100756,209,100097,209,101039,100,100079,100,101428,100,99812,100,101473,100,99396,100,,,98564,100,,,98479,100,,,98175,100,,,97831,100
2019-06-28 09:58:34.351157188,100505,100,100497,213,100653,130,100415,209,100704,209,100097,209,100756,209,100079,100,101039,100,99812,100,101428,100,99396,100,101473,100,98564,100,,,98479,100,,,98175,100,,,97831,100
2019-06-28 09:58:40.000000000,100505,266,100497,266,100653,183,100415,266,100704,100,100097,100,100756,100,100079,100,101039,100,99812,100,101428,100,99396,100,101473,100,98564,100,,,98479,100,,,98175,100,,,97831,100
2019-06-28 09:58:50.000000000,100505,213,100497,213,100653,126,100415,209,100704,209,100097,209,100756,100,100079,100,101039,100,99812,100,101428,100,99396,100,101473,100,98564,100,,,98479,100,,,98175,100,,,97831,100
2019-06-28 09:59:00.000000000,100505,166,100497,166,100653,83,100415,166,100704,166,100097,166,100756,166,100079,166,101039,166,99812,166,101428,100,99396,100,101473,100,98564,100,,,98479,100,,,98175,100,,,97831,100
2019-06-28 09:59:02.195901731,100505,166,100497,166,100653,83,100415,166,100703,100,100097,166,100704,166,100079,166,100756,166,99812,166,101039,166,99396,100,101428,100,98564,100,101473,100,98479,100,,,98175,100,,,97831,100
2019-06-28 09:59:09.675792719,100505,166,100497,166,100653,83,100415,166,100703,100,100097,166,100704,166,100079,166,100756,166,99812,166,101039,166,99737,100,101428,100,99396,100,101473,100,98564,100,,,98479,100,,,98175,100
2019-06-28 09:59:10.000000000,100505,213,100497,213,100653,126,100415,209,100703,209,100097,209,100704,100,100079,100,100756,100,99812,100,101039,100,99737,100,101428,100,99396,100,101473,100,98564,100,,,98479,100,,,98175,100
2019-06-28 09:59:18.671534610,100505,213,100497,213,100653,126,100415,209,100703,209,100097,209,100704,100,100079,100,100756,100,100017,100,101039,100,99812,100,101428,100,99737,100,101473,100,99396,100,,,98564,100,,,98479,100
2019-06-28 09:59:20.000000000,100505,183,100497,183,100653,100,100415,183,100703,183,100097,183,100704,183,100079,183,100756,100,100017,100,101039,100,99812,100,101428,100,99737,100,101473,100,99396,100,,,98564,100,,,98479,100
2019-06-28 09:59:30.000000000,100505,213,100497,213,100653,126,100415,209,100703,209,100097,209,100704,100,100079,100,100756,100,100017,100,101039,100,99812,100,101428,100,99737,100,101473,100,99396,100,,,98564,100,,,98479,100
2019-06-28 09:59:32.081460623,100505,213,100497,213,100653,126,100415,209,100703,209,100097,209,100704,100,100079,100,100756,100,100017,100,101039,100,99812,100,101428,100,99795,100,101473,100,99737,100,,,99396,100,,,98564,100
2019-06-28 09:59:38.219247032,100505,213,100497,113,100653,126,100415,209,100703,209,100097,209,100704,100,100079,100,100756,100,100017,100,101039,100,99812,100,101428,100,99795,100,101473,100,99737,100,,,99396,100,,,98564,100
2019-06-28 09:59:40.000000000,100505,183,100415,183,100653,100,100097,183,100703,183,100079,183,100704,183,100017,183,100756,100,99812,100,101039,100,99795,100,101428,100,99737,100,101473,100,99396,100,,,98564,100,,,98479,100
2019-06-28 09:59:49.943465634,100505,183,100415,183,100653,100,100097,183,100703,183,100079,183,100704,183,100017,183,100756,100,99980,100,101039,100,99812,100,101428,100,99795,100,101473,100,99737,100,,,99396,100,,,98564,100
2019-06-28 09:59:50.000000000,100505,431,100415,431,100653,17,100097,100,100703,100,100079,100,100704,100,100017,100,100756,100,99980,100,101039,100,99812,100,101428,100,99795,100,101473,100,99737,100,,,99396,100,,,98564,100
2019-06-28 09:59:56.026942738,100505,431,100415,331,100653,17,100097,100,100703,100,100079,100,100704,100,100017,100,100756,100,99980,100,101039,100,99812,100,101428,100,99795,100,101473,100,99737,100,,,99396,100,,,98564,100
2019-06-28 10:00:00.000000000,100505,213,100097,213,100653,126,100079,209,100703,209,100017,209,100704,100,99980,100,100756,100,99812,100,101039,100,99795,100,101428,100,99737,100,101473,100,99396,100,,,98564,100,,,98479,100
2019-06-28 10:00:10.000000000,100505,166,100097,166,100653,83,100079,166,100703,166,100017,166,100704,166,99980,166,100756,166,99812,166,101039,100,99795,100,101428,100,99737,100,101473,100,99396,100,,,98564,100,,,98479,100
2019-06-28 10:00:20.000000000,100505,213,100097,213,100653,126,100079,209,100703,209,100017,209,100704,100,99980,100,100756,100,99812,100,101039,100,99795,100,101428,100,99737,100,101473,100,99396,100,,,98564,100,,,98479,100
2019-06-28 10:00:30.000000000,100505,431,100097,431,100653,17,100079,100,100703,100,100017,100,100704,100,99980,100,100756,100,99812,100,101039,100,99795,100,101428,100,99737,100,101473,100,99396,100,,,98564,100,,,98479,100
2019-06-28 10:00:40.000000000,100505,183,100097,183,100653,100,100079,183,100703,183,100017,183,100704,183,99980,183,100756,100,99812,100,101039,100,99795,100,101428,100,99737,100,101473,100,99396,100,,,98564,100,,,98479,100
2019-06-28 10:00:50.000000000,100505,266,100097,266,100653,183,100079,266,100703,100,100017,100,100704,100,99980,100,100756,100,99812,100,101039,100,99795,100,101428,100,99737,100,101473,100,99396,100,,,98564,100,,,98479,100
2019-06-28 10:00:54.542012705,100505,266,100097,266,100535,100,100079,266,100653,183,100017,100,100703,100,99980,100,100704,100,99812,100,100756,100,99795,100,101039,100,99737,100,101428,100,99396,100,101473,100,98564,100,,,98479,100
2019-06-28 10:01:00.000000000,100505,166,100097,166,100535,166,100079,166,100653,83,100017,166,100703,166,99980,166,100704,166,99812,166,100756,100,99795,100,101039,100,99737,100,101428,100,99396,100,101473,100,98564,100,,,98479,100
2019-06-28 10:01:01.293450364,100505,166,100498,100,100535,166,100097,166,100653,83,100079,166,100703,166,100017,166,100704,166,99980,166,100756,100,99812,166,101039,100,99795,100,101428,100,99737,100,101473,100,99396,100,,,98564,100
2019-06-28 10:01:01.993938594,100505,166,100498,100,100535,166,100336,100,100653,83,100097,166,100703,166,100079,166,100704,166,100017,166,100756,100,99980,166,101039,100,99812,166,101428,100,99795,100,101473,100,99737,100,,,99396,100
2019-06-28 10:01:10.000000000,100505,183,100498,183,100535,183,100336,183,100653,100,100097,183,100703,183,100079,183,100704,100,100017,100,100756,100,99980,100,101039,100,99812,100,101428,100,99795,100,101473,100,99737,100,,,99396,100
2019-06-28 10:01:13.510787978,100505,183,100498,183,100535,183,100336,183,100599,100,100097,183,100653,100,100079,183,100703,183,100017,100,100704,100,99980,100,100756,100,99812,100,101039,100,99795,100,101428,100,99737,100,101473,100,99396,100
2019-06-28 10:01:20.000000000,100505,431,100498,431,100535,100,100336,100,100599,100,100097,100,100653,17,100079,100,100703,100,100017,100,100704,100,99980,100,100756,100,99812,100,101039,100,99795,100,101428,100,99737,100,101473,100,99396,100
2019-06-28 10:01:28.813774715,100505,431,100498,431,100535,100,100469,100,100599,100,100336,100,100653,17,100097,100,100703,100,100079,100,100704,100,100017,100,100756,100,99980,100,101039,100,99812,100,101428,100,99795,100,101473,100,99737,100
2019-06-28 10:01:30.000000000,100505,183,100498,183,100535,183,100469,183,100599,183,100336,183,100653,100,100097,183,100703,100,100079,100,100704,100,100017,100,100756,100,99980,100,101039,100,99812,100,101428,100,99795,100,101473,100,99737,100
2019-06-28 10:01:31.216411311,100505,83,100498,183,100535,183,100469,183,100599,183,100336,183,100653,100,100097,183,100703,100,100079,100,100704,100,100017,100,100756,100,99980,100,101039,100,99812,100,101428,100,99795,100,101473,100,99737,100
2019-06-28 10:01:40.000000000,100535,431,100498,431,100599,100,100469,100,100653,17,100336,100,100703,100,100097,100,100704,100,100079,100,100756,100,100017,100,101039,100,99980,100,101428,100,99812,100,101473,100,99795,100,,,99737,100
2019-06-28 10:01:50.000000000,100535,266,100498,266,100599,266,100469,266,100653,17,100336,100,100703,100,100097,100,100704,100,100079,100,100756,100,100017,100,101039,100,99980,100,101428,100,99812,100,101473,100,99795,100,,,99737,100
2019-06-28 10:02:00.000000000,100535,166,100498,166,100599,166,100469,166,100653,83,100336,166,100703,166,100097,166,100704,166,100079,166,100756,100,100017,100,101039,100,99980,100,101428,100,99812,100,101473,100,99795,100,,,99737,100
2019-06-28 10:02:02.202541495,100535,166,100498,66,100599,166,100469,166,100653,83,100336,166,100703,166,100097,166,100704,166,100079,166,100756,100,100017,100,101039,100,99980,100,101428,100,99812,100,101473,100,99795,100,,,99737,100
2019-06-28 10:02:06.097913426,100535,166,100498,66,100599,166,100469,166,100653,83,100336,166,100703,166,100097,166,100704,166,100079,166,100756,100,100067,100,101039,100,100017,100,101428,100,99980,100,101473,100,99812,100,,,99795,100
2019-06-28 10:02:10.000000000,100535,213,100469,213,100599,209,100336,209,100653,126,100097,209,100703,100,100079,100,100704,100,100067,100,100756,100,100017,100,101039,100,99980,100,101428,100,99812,100,101473,100,99795,100,,,99737,100
2019-06-28 10:02:12.734606427,100535,213,100469,113,100599,209,100336,209,100653,126,100097,209,100703,100,100079,100,100704,100,100067,100,100756,100,100017,100,101039,100,99980,100,101428,100,99812,100,101473,100,99795,100,,,99737,100
2019-06-28 10:02:20.000000000,100535,183,100336,183,100599,183,100097,183,100653,100,100079,183,100703,183,100067,183,100704,100,100017,100,100756,100,99980,100,101039,100,99812,100,101428,100,99795,100,101473,100,99737,100,,,98564,100
2019-06-28 10:02:30.000000000,100535,183,100336,183,100599,183,100097,183,100653,100,100079,183,100703,183,100067,183,100704,100,100017,100,100756,100,99980,100,101039,100,99812,100,101428,100,99795,100,101473,100,99737,100,,,98564,100
2019-06-28 10:02:40.000000000,100535,266,100336,266,100599,266,100097,266,100653,17,100079,100,100703,100,100067,100,100704,100,100017,100,100756,100,99980,100,101039,100,99812,100,101428,100,99795,100,101473,100,99737,100,,,98564,100
2019-06-28 10:02:42.905882633,100535,266,100336,266,100599,266,100097,266,100653,17,100079,100,100703,100,100067,100,100704,100,100017,100,100756,100,99980,100,101039,100,99875,100,101428,100,99812,100,101473,100,99795,100,,,99737,100
2019-06-28 10:02:43.720072637,100535,266,100336,266,100599,266,100097,266,100653,17,100079,100,100703,100,100067,100,100704,100,100017,100,100756,100,99980,100,101039,100,99875,100,101428,100,99812,100,101473,100,99801,100,,,99795,100
2019-06-28 10:02:50.000000000,100535,183,100336,183,100599,183,100097,183,100653,100,100079,183,100703,183,100067,183,100704,100,100017,100,100756,100,99980,100,101039,100,99875,100,101428,100,99812,100,101473,100,99801,100,,,99795,100
2019-06-28 10:02:55.105236611,100498,100,100336,183,100535,183,100097,83,100599,183,100079,183,100653,100,100067,183,100703,183,100017,100,100704,100,99980,100,100756,100,99875,100,101039,100,99812,100,101428,100,99801,100,101473,100,99795,100
2019-06-28 10:03:00.000000000,100498,183,100336,183,100535,183,100079,183,100599,183,100067,183,100653,100,100017,183,100703,100,99980,100,100704,100,99875,100,100756,100,99812,100,101039,100,99801,100,101428,100,99795,100,101473,100,99737,100
2019-06-28 10:03:10.000000000,100498,431,100336,431,100535,100,100079,100,100599,100,100067,100,100653,17,100017,100,100703,100,99980,100,100704,100,99875,100,100756,100,99812,100,101039,100,99801,100,101428,100,99795,100,101473,100,99737,100
2019-06-28 10:03:14.409072551,100498,431,100336,431,100535,100,100079,100,100599,100,100067,100,100653,17,100017,100,100703,100,99980,100,100704,100,99875,100,100756,100,99812,100,101039,100,99801,100,101428,100,99795,100,101473,100,99737,100
2019-06-28 10:03:20.000000000,100498,166,100336,166,100535,166,100079,166,100599,166,100067,166,100653,83,100017,166,100703,166,99980,166,100704,100,99875,100,100756,100,99812,100,101039,100,99801,100,101428,100,99795,100,101473,100,99737,100
2019-06-28 10:03:23.304588144,100498,166,100336,66,100535,166,100079,166,100599,166,100067,166,100653,83,100017,166,100703,166,99980,166,100704,100,99875,100,100756,100,99812,100,101039,100,99801,100,101428,100,99795,100,101473,100,99737,100
2019-06-28 10:03:28.115942553,100336,34,100079,166,100498,166,100067,166,100535,166,100017,166,100599,166,99980,166,100653,83,99875,100,100703,166,99812,100,100704,100,99801,100,100756,100,99795,100,101039,100,99737,100,101428,100,99494,100
2019-06-28 10:03:30.000000000,100336,147,100079,213,100498,209,100067,209,100535,209,100017,209,100599,100,99980,100,100653,17,99875,100,100703,100,99812,100,100704,100,99801,100,100756,100,99795,100,101039,100,99737,100,101428,100,99494,100
2019-06-28 10:03:40.000000000,100336,147,100079,213,100498,209,100067,209,100535,209,100017,209,100599,100,99980,100,100653,17,99875,100,100703,100,99812,100,100704,100,99801,100,100756,100,99795,100,101039,100,99737,100,101428,100,99494,100
2019-06-28 10:03:40.596356090,100336,147,100079,213,100498,209,100067,209,100535,209,100017,209,100599,100,99980,100,100653,17,99875,100,100703,100,99812,100,100704,100,99795,100,100756,100,99737,100,101039,100,99511,100,101428,100,99494,100
2019-06-28 10:03:50.000000000,100336,117,100079,183,100498,183,100067,183,100535,183,100017,183,100599,183,99980,183,100653,17,99875,100,100703,100,99812,100,100704,100,99795,100,100756,100,99737,100,101039,100,99511,100,101428,100,99494,100
2019-06-28 10:04:00.000000000,100336,117,100079,183,100498,183,100067,183,100535,183,100017,183,100599,183,99980,183,100653,17,99875,100,100703,100,99812,100,100704,100,99795,100,100756,100,99737,100,101039,100,99511,100,101428,100,99494,100
2019-06-28 10:04:08.540845170,100336,117,100079,83,100498,183,100067,183,100535,183,100017,183,100599,183,99980,183,100653,17,99812,100,100703,100,99795,100,100704,100,99737,100,100756,100,99511,100,101039,100,99494,100,101428,100,98564,100
2019-06-28 10:04:10.000000000,100336,147,100067,213,100498,209,100017,209,100535,209,99980,209,100599,100,99812,100,100653,17,99795,100,100703,100,99737,100,100704,100,99511,100,100756,100,99494,100,101039,100,98564,100,101428,100,98175,100
2019-06-28 10:04:20.000000000,100336,147,100067,213,100498,209,100017,209,100535,209,99980,209,100599,100,99812,100,100653,17,99795,100,100703,100,99737,100,100704,100,99511,100,100756,100,99494,100,101039,100,98564,100,101428,100,98175,100
2019-06-28 10:04:20.618079404,100336,147,100067,213,100498,209,100017,209,100535,209,99980,209,100599,100,99812,100,100653,17,99795,100,100703,100,99737,100,100704,100,99511,100,100756,100,99494,100,101039,100,99224,100,101428,100,98564,100
2019-06-28 10:04:20.678390980,100336,147,100067,13,100498,209,100017,209,100535,209,99980,209,100599,100,99812,100,100653,17,99795,100,100703,100,99737,100,100704,100,99511,100,100756,100,99494,100,101039,100,99224,100,101428,100,98564,100
2019-06-28 10:04:30.000000000,100336,100,100017,166,100498,166,99980,166,100535,166,99812,166,100599,166,99795,166,100653,83,99737,166,100703,100,99511,100,100704,100,99494,100,100756,100,99224,100,101039,100,98564,100,101428,100,98175,100
2019-06-28 10:04:40.000000000,100336,100,100017,166,100498,166,99980,166,100535,166,99812,166,100599,166,99795,166,100653,83,99737,166,100703,100,99511,100,100704,100,99494,100,100756,100,99224,100,101039,100,98564,100,101428,100,98175,100
2019-06-28 10:04:50.000000000,100336,147,100017,213,100498,209,99980,209,100535,209,99812,209,100599,100,99795,100,100653,17,99737,100,100703,100,99511,100,100704,100,99494,100,100756,100,99224,100,101039,100,98564,100,101428,100,98175,100
2019-06-28 10:04:58.082826270,100336,147,100017,113,100498,209,99980,209,100535,209,99812,209,100599,100,99795,100,100653,17,99737,100,100703,100,99511,100,100704,100,99494,100,100756,100,99224,100,101039,100,98564,100,101428,100,98175,100
2019-06-28 10:05:00.000000000,100336,147,99980,213,100498,209,99812,209,100535,209,99795,209,100599,100,99737,100,100653,17,99511,100,100703,100,99494,100,100704,100,99224,100,100756,100,98564,100,101039,100,98175,100,101428,100,,
2019-06-28 10:05:00.364536684,100336,147,99980,113,100498,209,99812,209,100535,209,99795,209,100599,100,99737,100,100653,17,99511,100,100703,100,99494,100,100704,100,99224,100,100756,100,98175,100,101039,100,,,101428,100,,
2019-06-28 10:05:10.000000000,100336,100,99812,166,100498,166,99795,166,100535,166,99737,166,100599,166,99511,166,100653,83,99494,166,100703,100,99224,100,100704,100,98175,100,100756,100,,,101039,100,,,101428,100,,
2019-06-28 10:05:17.897160982,100336,100,99812,166,100498,166,99795,166,100535,166,99737,166,100599,166,99511,166,100653,83,99494,166,100703,100,99472,100,100704,100,99224,100,100756,100,98175,100,101039,100,,,101428,100,,
2019-06-28 10:05:20.000000000,100336,100,99812,166,100498,166,99795,166,100535,166,99737,166,100599,166,99511,166,100653,83,99494,166,100703,100,99472,100,100704,100,99224,100,100756,100,98175,100,101039,100,,,101428,100,,
2019-06-28 10:05:30.000000000,100336,200,99812,266,100498,266,99795,266,100535,100,99737,100,100599,100,99511,100,100653,17,99494,100,100703,100,99472,100,100704,100,99224,100,100756,100,98175,100,101039,100,,,101428,100,,
2019-06-28 10:05:40.000000000,100336,147,99812,213,100498,209,99795,209,100535,209,99737,209,100599,100,99511,100,100653,17,99494,100,100703,100,99472,100,100704,100,99224,100,100756,100,98175,100,101039,100,,,101428,100,,
2019-06-28 10:05:50.000000000,100336,147,99812,213,100498,209,99795,209,100535,209,99737,209,100599,100,99511,100,100653,17,99494,100,100703,100,99472,100,100704,100,99224,100,100756,100,98175,100,101039,100,,,101428,100,,
2019-06-28 10:06:00.000000000,100336,117,99812,183,100498,183,99795,183,100535,183,99737,183,100599,183,99511,183,100653,17,99494,100,100703,100,99472,100,100704,100,99224,100,100756,100,98175,100,101039,100,,,101428,100,,
2019-06-28 10:06:10.000000000,100336,147,99812,213,100498,209,99795,209,100535,209,99737,209,100599,100,99511,100,100653,17,99494,100,100703,100,99472,100,100704,100,99224,100,100756,100,98175,100,101039,100,,,101428,100,,
2019-06-28 10:06:10.304675016,100336,147,99812,113,100498,209,99795,209,100535,209,99737,209,100599,100,99511,100,100653,17,99494,100,100703,100,99472,100,100704,100,99224,100,100756,100,98175,100,101039,100,,,101473,100,,
2019-06-28 10:06:15.391791540,100336,147,99812,13,100498,209,99795,209,100535,209,99737,209,100599,100,99511,100,100653,17,99494,100,100703,100,99472,100,100704,100,99224,100,100756,100,98175,100,101039,100,,,101473,100,,
2019-06-28 10:06:18.766899621,99812,87,99795,209,100336,147,99737,209,100498,209,99511,100,100535,209,99494,100,100599,100,99472,100,100653,17,99224,100,100703,100,98175,100,100704,100,,,100756,100,,,101039,100,,
2019-06-28 10:06:20.000000000,99812,200,99795,213,100336,143,99737,209,100498,209,99511,209,100535,100,99494,100,100599,100,99472,100,100653,17,99224,100,100703,100,98175,100,100704,100,,,100756,100,,,101039,100,,
2019-06-28 10:06:30.000000000,99812,153,99795,166,100336,100,99737,166,100498,166,99511,166,100535,166,99494,166,100599,166,99472,166,100653,17,99224,100,100703,100,98175,100,100704,100,,,100756,100,,,101039,100,,
2019-06-28 10:06:40.000000000,99812,253,99795,266,100336,200,99737,266,100498,100,99511,100,100535,100,99494,100,100599,100,99472,100,100653,17,99224,100,100703,100,98175,100,100704,100,,,100756,100,,,101039,100,,
2019-06-28 10:06:49.065183977,99812,253,99795,266,100336,200,99737,266,100498,100,99511,100,100505,100,99494,100,100535,100,99472,100,100599,100,99224,100,100653,17,98175,100,100703,100,,,100704,100,,,100756,100,,
2019-06-28 10:06:50.000000000,99812,170,99795,183,100336,117,99737,183,100498,183,99511,183,100505,183,99494,183,100535,100,99472,100,100599,100,99224,100,100653,17,98175,100,100703,100,,,100704,100,,,100756,100,,
2019-06-28 10:07:00.000000000,99812,418,99795,431,100336,34,99737,100,100498,100,99511,100,100505,100,99494,100,100535,100,99472,100,100599,100,99224,100,100653,17,98175,100,100703,100,,,100704,100,,,100756,100,,
2019-06-28 10:07:05.325850817,99812,318,99795,431,100336,34,99737,100,100498,100,99511,100,100505,100,99494,100,100535,100,99472,100,100599,100,99224,100,100653,17,98175,100,100703,100,,,100704,100,,,100756,100,,
2019-06-28 10:07:06.960459892,99812,318,99795,431,100336,34,99737,100,100498,100,99677,100,100505,100,99511,100,100535,100,99494,100,100599,100,99472,100,100653,17,99224,100,100703,100,98175,100,100704,100,,,100756,100,,
2019-06-28 10:07:10.000000000,100336,200,99795,266,100498,266,99737,266,100505,100,99677,100,100535,100,99511,100,100599,100,99494,100,100653,17,99472,100,100703,100,99224,100,100704,100,98175,100,100756,100,,,101039,100,,
2019-06-28 10:07:20.000000000,100336,117,99795,183,100498,183,99737,183,100505,183,99677,183,100535,183,99511,183,100599,100,99494,100,100653,17,99472,100,100703,100,99224,100,100704,100,98175,100,100756,100,,,101039,100,,
2019-06-28 10:07:24.028349197,100336,117,99812,100,100498,183,99795,183,100505,183,99737,183,100535,183,99677,183,100599,100,99511,183,100653,17,99494,100,100703,100,99472,100,100704,100,99224,100,101039,100,98175,100,101473,100,,
2019-06-28 10:07:30.000000000,100336,147,99812,213,100498,209,99795,209,100505,209,99737,209,100535,100,99677,100,100599,100,99511,100,100653,17,99494,100,100703,100,99472,100,100704,100,99224,100,101039,100,98175,100,101473,100,,
2019-06-28 10:07:40.000000000,100336,365,99812,431,100498,100,99795,100,100505,100,99737,100,100535,100,99677,100,100599,100,99511,100,100653,17,99494,100,100703,100,99472,100,100704,100,99224,100,101039,100,98175,100,101473,100,,
2019-06-28 10:07:44.010963577,100336,365,99812,331,100498,100,99795,100,100505,100,99737,100,100535,100,99677,100,100599,100,99511,100,100653,17,99494,100,100703,100,99224,100,100704,100,98175,100,101039,100,,,101473,100,,
2019-06-28 10:07:50.000000000,100336,100,99795,166,100498,166,99737,166,100505,166,99677,166,100535,166,99511,166,100599,166,99494,166,100653,17,99224,100,100703,100,98175,100,100704,100,,,101039,100,,,101473,100,,
2019-06-28 10:07:51.775488943,99849,100,99795,166,100336,100,99737,166,100498,166,99677,166,100505,166,99511,166,100535,166,99494,166,100599,166,99224,100,100653,17,98175,100,100703,100,,,100704,100,,,101039,100,,
