,ask_price_1,ask_size_1,bid_price_1,bid_size_1,ask_price_2,ask_size_2,bid_price_2,bid_size_2,ask_price_3,ask_size_3,bid_price_3,bid_size_3,ask_price_4,ask_size_4,bid_price_4,bid_size_4,ask_price_5,ask_size_5,bid_price_5,bid_size_5,ask_price_6,ask_size_6,bid_price_6,bid_size_6,ask_price_7,ask_size_7,bid_price_7,bid_size_7,ask_price_8,ask_size_8,bid_price_8,bid_size_8,ask_price_9,ask_size_9,bid_price_9,bid_size_9,ask_price_10,ask_size_10,bid_price_10,bid_size_10
2019-06-28 09:30:00.000000001,100033,100,,,100102,100,,,,,,,,,,,,,,,,,,,,,,,,,,,,,,,,,,
2019-06-28 09:30:00.000000004,100033,100,99918,100,100102,100,,,,,,,,,,,,,,,,,,,,,,,,,,,,,,,,,,
2019-06-28 09:30:00.000000006,100033,100,99918,100,100102,100,99913,100,,,,,,,,,,,,,,,,,,,,,,,,,,,,,,,,
2019-06-28 09:30:00.000000007,100033,100,99918,100,100102,100,99913,100,,,99744,100,,,,,,,,,,,,,,,,,,,,,,,,,,,,
2019-06-28 09:30:00.000000010,100033,100,99918,100,100052,100,99913,100,100082,100,99744,100,100102,100,,,,,,,,,,,,,,,,,,,,,,,,,,
2019-06-28 09:30:00.000000011,100033,100,99918,100,100048,100,99913,100,100052,100,99744,100,100082,100,,,100102,100,,,,,,,,,,,,,,,,,,,,,,
2019-06-28 09:30:00.000000013,100033,100,99918,100,100048,100,99913,100,100052,100,99744,100,100082,100,,,100102,100,,,,,,,,,,,,,,,,,,,,,,
2019-06-28 09:30:00.000000014,100048,100,99918,100,100052,100,99913,100,100082,100,99744,100,100102,100,,,,,,,,,,,,,,,,,,,,,,,,,,
2019-06-28 09:30:00.000000015,100048,100,99926,100,100052,100,99918,100,100082,100,99913,100,100099,100,99897,100,100102,100,99744,100,,,,,,,,,,,,,,,,,,,,
2019-06-28 09:30:00.000000018,100040,100,99926,100,100048,100,99918,100,100052,100,99913,100,100082,100,99897,100,100099,100,99744,100,100102,100,,,100104,100,,,,,,,,,,,,,,
2019-06-28 09:30:00.000000019,100028,100,99926,100,100040,100,99918,100,100048,100,99913,100,100052,100,99897,100,100082,100,99744,100,100099,100,,,100102,100,,,100104,100,,,,,,,,,,
2019-06-28 09:30:00.000000020,100028,100,99977,100,100040,100,99926,100,100048,100,99918,100,100052,100,99913,100,100082,100,99897,100,100099,100,99744,100,100102,100,,,100104,100,,,,,,,,,,
2019-06-28 09:30:00.000000023,100028,100,99977,100,100033,100,99926,100,100040,100,99918,100,100048,100,99913,100,100052,100,99897,100,100082,100,99744,100,100099,100,,,100102,100,,,100104,100,,,,,,
2019-06-28 09:30:00.000000025,99983,100,99977,100,100028,100,99926,100,100033,100,99918,100,100040,100,99913,100,100048,100,99897,100,100052,100,99744,100,100082,100,,,100099,100,,,100102,200,,,100104,100,,
2019-06-28 09:30:00.000000027,99983,100,99977,100,100028,100,99926,100,100033,100,99918,100,100040,100,99913,100,100048,100,99897,100,100049,100,99744,100,100052,100,,,100082,100,,,100099,100,,,100102,200,,
2019-06-28 09:30:00.000000028,99983,100,99977,100,99994,100,99926,100,100028,100,99918,100,100033,100,99913,100,100040,100,99897,100,100048,100,99744,100,100049,100,,,100052,100,,,100082,100,,,100099,100,,
2019-06-28 09:30:00.000000029,99994,100,99977,100,100028,100,99926,100,100033,100,99918,100,100040,100,99913,100,100048,100,99897,100,100049,100,99744,100,100052,100,,,100082,100,,,100099,100,,,100102,200,,
2019-06-28 09:30:00.000000031,99994,100,99977,100,100028,100,99926,100,100033,100,99918,100,100040,100,99913,100,100048,100,99897,100,100049,100,99744,100,100051,100,,,100052,100,,,100082,100,,,100099,100,,
2019-06-28 09:30:00.000000032,99994,100,99926,100,100028,100,99918,100,100033,100,99913,100,100040,100,99897,100,100048,100,99744,100,100049,100,,,100051,100,,,100052,100,,,100082,100,,,100099,100,,
2019-06-28 09:30:00.000000033,99994,100,99977,100,100028,100,99926,100,100033,100,99918,100,100040,100,99913,100,100048,100,99897,100,100049,100,99744,100,100051,100,,,100052,100,,,100082,100,,,100099,100,,
2019-06-28 09:30:00.000000035,99994,100,99977,100,100028,100,99928,100,100033,100,99926,100,100040,100,99918,100,100048,100,99913,100,100049,100,99897,100,100051,100,99744,100,100052,100,,,100082,100,,,100099,100,,
2019-06-28 09:30:00.000000039,100028,100,99977,100,100033,100,99928,100,100040,100,99926,100,100048,100,99918,100,100049,100,99913,100,100051,100,99897,100,100052,100,99744,100,100082,100,,,100099,100,,,100102,200,,
2019-06-28 09:30:00.000000041,100028,100,99977,100,100033,100,99928,100,100040,100,99926,100,100048,100,99918,100,100049,100,99913,100,100051,100,99897,100,100052,100,99882,100,100082,100,99744,100,100099,100,,,100102,200,,
2019-06-28 09:30:00.000000042,100005,100,99977,100,100028,100,99928,100,100033,100,99926,100,100040,100,99918,100,100048,100,99913,100,100049,100,99897,100,100051,100,99882,100,100052,100,99744,100,100082,100,,,100099,100,,
2019-06-28 09:30:00.000000046,100005,100,99977,100,100028,100,99928,100,100033,100,99926,100,100040,100,99918,100,100048,100,99913,100,100049,100,99897,100,100051,100,99882,100,100052,100,99744,100,100082,100,,,100099,100,,
2019-06-28 09:30:00.000000047,100005,100,99977,100,100028,100,99928,100,100033,100,99926,100,100040,100,99918,100,100048,100,99913,100,100049,100,99897,100,100051,100,99882,100,100052,100,99744,100,100082,100,,,100092,100,,
2019-06-28 09:30:00.000000048,99994,100,99977,100,100005,100,99928,100,100028,100,99926,100,100033,100,99918,100,100040,100,99913,100,100048,100,99897,100,100049,100,99882,100,100051,100,99744,100,100052,100,,,100082,100,,
2019-06-28 09:30:00.000000051,99994,100,99977,100,100005,100,99928,100,100028,100,99926,100,100033,100,99918,100,100040,100,99913,100,100048,100,99897,100,100049,100,99882,100,100051,100,99744,100,100052,100,,,100082,100,,
2019-06-28 09:30:00.000000054,99994,100,99977,100,100005,100,99939,100,100028,100,99928,100,100033,100,99926,100,100040,100,99918,100,100048,100,99913,100,100049,100,99897,100,100051,100,99882,100,100052,100,99744,100,100082,100,,
2019-06-28 09:30:00.000000055,100005,100,99977,100,100028,100,99939,100,100033,100,99928,100,100040,100,99926,100,100048,100,99918,100,100049,100,99913,100,100051,100,99897,100,100052,100,99882,100,100082,100,99744,100,100092,100,,
2019-06-28 09:30:00.000000057,100005,100,99977,100,100028,100,99939,100,100033,100,99933,100,100040,100,99928,100,100048,100,99926,100,100049,100,99918,100,100051,100,99913,100,100052,100,99897,100,100082,100,99882,100,100092,100,99744,100
2019-06-28 09:30:00.000000058,100005,100,99939,100,100028,100,99933,100,100033,100,99930,100,100040,100,99928,100,100048,100,99926,100,100049,100,99918,100,100051,100,99913,100,100052,100,99897,100,100082,100,99882,100,100092,100,99744,100
2019-06-28 09:30:00.000000062,99980,100,99939,100,100005,100,99933,100,100028,100,99930,100,100033,100,99928,100,100040,100,99926,100,100048,100,99918,100,100049,100,99915,100,100051,100,99913,100,100052,100,99897,100,100082,100,99882,100
2019-06-28 09:30:00.000000064,99980,100,99950,100,100005,100,99939,100,100028,100,99933,100,100033,100,99930,100,100040,100,99928,100,100048,100,99926,100,100049,100,99918,100,100051,100,99915,100,100052,100,99913,100,100082,100,99897,100
2019-06-28 09:30:00.000000068,99980,100,99950,100,100005,100,99939,100,100028,100,99933,100,100033,100,99930,100,100040,100,99928,100,100048,100,99926,100,100049,100,99918,100,100051,200,99915,100,100052,100,99913,100,100082,100,99897,100
2019-06-28 09:30:00.000000071,99980,100,99950,100,100005,100,99939,100,100028,100,99933,100,100033,100,99930,100,100040,100,99928,100,100048,100,99926,100,100049,100,99918,100,100051,200,99915,100,100052,100,99913,100,100082,100,99897,100
2019-06-28 09:30:00.000000077,99980,100,99950,100,100003,100,99939,100,100005,100,99933,100,100028,100,99930,100,100033,100,99928,100,100040,100,99926,100,100048,100,99918,100,100049,100,99915,100,100051,200,99913,100,100052,100,99897,100
2019-06-28 09:30:00.000000079,99980,100,99977,100,100003,100,99955,100,100005,100,99950,100,100028,100,99939,100,100033,100,99933,100,100040,100,99930,100,100048,100,99928,100,100049,100,99926,100,100051,200,99918,100,100052,100,99915,100
2019-06-28 09:30:00.000000080,99980,100,99977,100,100003,100,99955,100,100005,100,99950,100,100028,100,99939,100,100033,100,99933,100,100040,100,99930,100,100048,100,99928,100,100049,100,99926,100,100051,200,99918,100,100052,100,99915,100
2019-06-28 09:30:00.000000084,100005,100,99977,100,100028,100,99955,100,100033,100,99950,100,100040,100,99939,100,100048,100,99933,100,100049,100,99930,100,100051,200,99928,100,100052,100,99926,100,100082,100,99918,100,100092,100,99915,100
2019-06-28 09:30:00.000000087,100003,100,99977,100,100005,100,99955,100,100028,100,99950,100,100033,100,99939,100,100040,100,99933,100,100048,100,99930,100,100049,100,99928,100,100051,200,99926,100,100052,100,99918,100,100082,100,99915,100
2019-06-28 09:30:00.000000089,100003,100,99977,100,100005,100,99955,100,100028,100,99950,100,100033,100,99939,100,100040,100,99933,100,100048,100,99930,100,100049,100,99929,100,100051,200,99928,100,100052,100,99926,100,100082,100,99918,100
2019-06-28 09:30:00.000000090,100003,100,99977,100,100005,100,99955,100,100028,100,99950,100,100033,100,99939,100,100040,100,99933,100,100048,100,99930,100,100049,100,99929,100,100051,200,99928,100,100052,100,99926,100,100082,100,99918,100
2019-06-28 09:30:00.000000091,100003,100,99977,100,100005,100,99955,100,100028,100,99950,100,100033,100,99939,100,100040,100,99933,100,100048,100,99930,100,100049,100,99929,100,100051,200,99928,100,100052,100,99926,100,100055,100,99918,100
2019-06-28 09:30:00.000000094,100003,100,99977,100,100005,100,99955,100,100028,100,99950,100,100033,100,99939,100,100040,100,99933,100,100048,100,99930,100,100049,100,99929,100,100051,200,99928,100,100052,100,99926,100,100055,100,99918,100
2019-06-28 09:30:00.000000096,99986,100,99977,100,100003,100,99955,100,100005,100,99950,100,100028,100,99939,100,100033,100,99933,100,100040,100,99930,100,100048,100,99929,100,100049,100,99928,100,100051,200,99926,100,100052,100,99918,100
2019-06-28 09:30:00.000000097,99986,100,99977,100,100003,100,99955,100,100005,100,99950,100,100028,100,99942,100,100033,100,99939,100,100040,100,99933,100,100048,100,99930,100,100049,100,99929,100,100051,200,99928,100,100052,100,99926,100
2019-06-28 09:30:10.000000000,99986,354,99977,354,100003,100,99955,100,100005,100,99950,100,100028,100,99942,100,100033,100,99939,100,100040,100,99933,100,100048,100,99930,100,100049,100,99929,100,100051,200,99928,100,100052,100,99926,100
2019-06-28 09:30:20.000000000,99986,151,99977,151,100003,151,99955,151,100005,151,99950,151,100028,151,99942,151,100033,151,99939,151,100040,100,99933,100,100048,100,99930,100,100049,100,99929,100,100051,200,99928,100,100052,100,99926,100
2019-06-28 09:30:23.296634694,99986,151,99977,151,100003,151,99955,151,100005,151,99951,100,100028,151,99950,151,100033,151,99942,151,100040,100,99939,151,100048,100,99933,100,100049,100,99930,100,100051,200,99929,100,100052,100,99928,100
2019-06-28 09:30:30.000000000,99986,164,99977,164,100003,164,99955,164,100005,164,99951,164,100028,164,99950,164,100033,100,99942,100,100040,100,99939,100,100048,100,99933,100,100049,100,99930,100,100051,200,99929,100,100052,100,99928,100
2019-06-28 09:30:32.386736084,99986,164,99977,164,100003,164,99955,164,100005,164,99951,164,100028,164,99950,164,100033,100,99942,100,100040,100,99939,100,100048,100,99933,100,100049,100,99930,100,100051,200,99929,100,100052,100,99928,100
2019-06-28 09:30:35.725331527,99986,64,99977,164,100003,164,99955,164,100005,164,99951,164,100028,164,99950,164,100033,100,99942,100,100040,100,99939,100,100048,100,99930,100,100049,100,99929,100,100051,200,99928,100,100052,100,99926,100
2019-06-28 09:30:40.000000000,100003,151,99977,151,100005,151,99955,151,100028,151,99951,151,100033,151,99950,151,100040,151,99942,151,100048,100,99939,100,100049,100,99930,100,100051,200,99929,100,100052,100,99928,100,100055,100,99926,100
2019-06-28 09:30:41.908884074,100003,151,99977,151,100005,151,99955,151,100028,151,99951,151,100033,151,99950,151,100040,151,99942,151,100048,100,99939,100,100049,100,99930,100,100051,200,99929,100,100052,100,99928,100,100055,100,99926,100
2019-06-28 09:30:46.755596158,99985,100,99977,151,100003,51,99955,151,100005,151,99951,151,100028,151,99950,151,100033,151,99942,151,100040,151,99939,100,100048,100,99930,100,100049,100,99929,100,100051,200,99928,100,100052,100,99926,100
2019-06-28 09:30:49.806560929,99985,100,99977,151,100003,51,99955,51,100005,151,99951,151,100028,151,99950,151,100033,151,99942,151,100040,151,99939,100,100048,100,99930,100,100049,100,99929,100,100051,200,99928,100,100052,100,99926,100
2019-06-28 09:30:50.000000000,99985,227,99977,227,100005,227,99951,227,100028,100,99950,100,100033,100,99942,100,100040,100,99939,100,100048,100,99930,100,100049,100,99929,100,100051,200,99928,100,100052,100,99926,100,100055,100,99918,100
2019-06-28 09:31:00.000000000,99985,151,99977,151,100005,151,99951,151,100028,151,99950,151,100033,151,99942,151,100040,151,99939,151,100048,100,99930,100,100049,100,99929,100,100051,200,99928,100,100052,100,99926,100,100055,100,99918,100
2019-06-28 09:31:10.000000000,99985,164,99977,164,100005,164,99951,164,100028,164,99950,164,100033,164,99942,164,100040,100,99939,100,100048,100,99930,100,100049,100,99929,100,100051,200,99928,100,100052,100,99926,100,100055,100,99918,100
2019-06-28 09:31:10.230491241,99985,64,99977,164,100005,164,99951,164,100028,164,99950,164,100033,164,99942,164,100040,100,99939,100,100048,100,99930,100,100049,100,99929,100,100051,200,99928,100,100052,100,99926,100,100055,100,99918,100
2019-06-28 09:31:14.367506746,99985,64,99977,64,100005,164,99951,164,100028,164,99950,164,100033,164,99942,164,100040,100,99939,100,100048,100,99930,100,100049,100,99929,100,100051,200,99928,100,100052,100,99926,100,100055,100,99918,100
2019-06-28 09:31:20.000000000,100005,164,99951,164,100028,164,99950,164,100033,164,99942,164,100040,164,99939,164,100048,100,99930,100,100049,100,99929,100,100051,200,99928,100,100052,100,99926,100,100055,100,99918,100,100082,100,99915,100
2019-06-28 09:31:30.000000000,100005,354,99951,354,100028,100,99950,100,100033,100,99942,100,100040,100,99939,100,100048,100,99930,100,100049,100,99929,100,100051,200,99928,100,100052,100,99926,100,100055,100,99918,100,100082,100,99915,100
2019-06-28 09:31:40.000000000,100005,354,99951,354,100028,100,99950,100,100033,100,99942,100,100040,100,99939,100,100048,100,99930,100,100049,100,99929,100,100051,200,99928,100,100052,100,99926,100,100055,100,99918,100,100082,100,99915,100
2019-06-28 09:31:50.000000000,100005,227,99951,227,100028,227,99950,227,100033,100,99942,100,100040,100,99939,100,100048,100,99930,100,100049,100,99929,100,100051,200,99928,100,100052,100,99926,100,100055,100,99918,100,100082,100,99915,100
2019-06-28 09:32:00.000000000,100005,186,99951,186,100028,184,99950,184,100033,184,99942,184,100040,100,99939,100,100048,100,99930,100,100049,100,99929,100,100051,200,99928,100,100052,100,99926,100,100055,100,99918,100,100082,100,99915,100
2019-06-28 09:32:00.480482074,100005,86,99951,186,100028,184,99950,184,100033,184,99942,184,100040,100,99939,100,100048,100,99930,100,100049,100,99929,100,100051,200,99928,100,100052,100,99926,100,100055,100,99918,100,100082,100,99915,100
2019-06-28 09:32:02.169024554,100028,184,100005,14,100033,184,99951,186,100040,100,99950,184,100048,100,99942,184,100049,100,99939,100,100051,200,99930,100,100052,100,99929,100,100055,100,99928,100,100082,100,99926,100,100092,100,99918,100
2019-06-28 09:32:08.872628821,100028,184,100005,14,100033,184,99951,186,100040,100,99950,184,100048,100,99942,184,100049,100,99939,100,100051,200,99930,100,100052,100,99929,100,100055,100,99928,100,100082,100,99926,100,100092,100,99918,100
2019-06-28 09:32:10.000000000,100028,227,100005,141,100033,227,99951,227,100040,100,99950,100,100048,100,99942,100,100049,100,99939,100,100051,200,99930,100,100052,100,99929,100,100055,100,99928,100,100082,100,99926,100,100092,100,99918,100
2019-06-28 09:32:10.749157559,100028,227,100005,141,100033,227,99951,227,100040,100,99950,100,100048,100,99942,100,100049,100,99939,100,100051,200,99930,100,100052,100,99929,100,100055,100,99928,100,100082,100,99926,100,100092,100,99918,100
2019-06-28 09:32:16.984362895,100028,227,100005,141,100033,227,99951,227,100040,100,99950,100,100048,100,99942,100,100049,100,99939,100,100051,200,99930,100,100052,100,99929,100,100055,100,99928,100,100082,100,99926,100,100092,100,99918,100
2019-06-28 09:32:20.000000000,100028,186,100005,100,100033,184,99951,184,100040,184,99950,184,100048,100,99942,100,100049,100,99939,100,100051,200,99930,100,100052,100,99929,100,100055,100,99928,100,100082,100,99926,100,100092,100,99918,100
2019-06-28 09:32:30.000000000,100028,151,100005,65,100033,151,99951,151,100040,151,99950,151,100048,151,99942,151,100049,151,99939,151,100051,200,99930,100,100052,100,99929,100,100055,100,99928,100,100082,100,99926,100,100092,100,99918,100
2019-06-28 09:32:40.000000000,100028,227,100005,141,100033,227,99951,227,100040,100,99950,100,100048,100,99942,100,100049,100,99939,100,100051,200,99930,100,100052,100,99929,100,100055,100,99928,100,100082,100,99926,100,100092,100,99918,100
2019-06-28 09:32:48.049757342,100028,227,100005,141,100033,227,99951,227,100040,100,99950,100,100049,100,99942,100,100051,200,99939,100,100052,100,99930,100,100055,100,99929,100,100082,100,99928,100,100092,100,99926,100,100096,100,99918,100
2019-06-28 09:32:50.000000000,100028,151,100005,65,100033,151,99951,151,100040,151,99950,151,100049,151,99942,151,100051,251,99939,151,100052,100,99930,100,100055,100,99929,100,100082,100,99928,100,100092,100,99926,100,100096,100,99918,100
2019-06-28 09:32:56.290030822,100028,151,100005,65,100033,151,99951,151,100040,151,99950,151,100049,151,99943,100,100051,251,99942,151,100052,100,99939,151,100055,100,99930,100,100082,100,99929,100,100092,100,99928,100,100096,100,99926,100
2019-06-28 09:33:00.000000000,100028,164,100005,78,100033,164,99951,164,100040,164,99950,164,100049,164,99943,164,100051,200,99942,100,100052,100,99939,100,100055,100,99930,100,100082,100,99929,100,100092,100,99928,100,100096,100,99926,100
2019-06-28 09:33:10.000000000,100028,354,100005,268,100033,100,99951,100,100040,100,99950,100,100049,100,99943,100,100051,200,99942,100,100052,100,99939,100,100055,100,99930,100,100082,100,99929,100,100092,100,99928,100,100096,100,99926,100
2019-06-28 09:33:13.608649494,100028,254,100005,268,100033,100,99951,100,100040,100,99950,100,100049,100,99943,100,100051,200,99942,100,100052,100,99939,100,100055,100,99929,100,100082,100,99928,100,100092,100,99926,100,100096,100,99915,100
2019-06-28 09:33:19.559320764,100028,254,100005,268,100033,100,99951,100,100040,100,99950,100,100049,100,99943,100,100051,200,99942,100,100052,100,99939,100,100055,100,99929,100,100082,100,99928,100,100092,100,99926,100,100096,100,99915,100
2019-06-28 09:33:20.000000000,100033,151,100005,65,100040,151,99951,151,100049,151,99950,151,100051,251,99943,151,100052,151,99942,151,100055,100,99939,100,100082,100,99929,100,100092,100,99928,100,100096,100,99926,100,100102,100,99915,100
2019-06-28 09:33:24.367224394,100033,51,100005,65,100040,151,99951,151,100049,151,99950,151,100051,251,99943,151,100052,151,99942,151,100055,100,99939,100,100082,100,99929,100,100096,100,99928,100,100102,100,99926,100,100104,100,99915,100
2019-06-28 09:33:27.478192620,100040,151,100033,49,100049,151,100005,65,100051,251,99951,151,100052,151,99950,51,100055,100,99943,151,100082,100,99942,151,100096,100,99939,100,100102,100,99929,100,100104,100,99928,100,100119,100,99926,100
2019-06-28 09:33:30.000000000,100040,354,100033,303,100049,100,100005,14,100051,200,99951,100,100052,100,99943,100,100055,100,99942,100,100082,100,99939,100,100096,100,99929,100,100102,100,99928,100,100104,100,99926,100,100119,100,99915,100
2019-06-28 09:33:39.372348433,100040,254,100033,303,100049,100,100005,14,100051,200,99951,100,100052,100,99943,100,100055,100,99942,100,100082,100,99939,100,100096,100,99929,100,100102,100,99928,100,100104,100,99926,100,100119,100,99915,100
2019-06-28 09:33:40.000000000,100049,151,100033,100,100051,251,100005,65,100052,151,99951,151,100055,151,99943,151,100082,151,99942,151,100096,100,99939,100,100102,100,99929,100,100104,100,99928,100,100119,100,99926,100,100124,100,99915,100
2019-06-28 09:33:50.000000000,100049,186,100033,135,100051,284,100005,98,100052,184,99951,184,100055,100,99943,100,100082,100,99942,100,100096,100,99939,100,100102,100,99929,100,100104,100,99928,100,100119,100,99926,100,100124,100,99915,100
2019-06-28 09:34:00.000000000,100049,354,100033,303,100051,200,100005,14,100052,100,99951,100,100055,100,99943,100,100082,100,99942,100,100096,100,99939,100,100102,100,99929,100,100104,100,99928,100,100119,100,99926,100,100124,100,99915,100
2019-06-28 09:34:10.000000000,100049,151,100033,100,100051,251,100005,65,100052,151,99951,151,100055,151,99943,151,100082,151,99942,151,100096,100,99939,100,100102,100,99929,100,100104,100,99928,100,100119,100,99926,100,100124,100,99915,100
2019-06-28 09:34:20.000000000,100049,151,100033,100,100051,251,100005,65,100052,151,99951,151,100055,151,99943,151,100082,151,99942,151,100096,100,99939,100,100102,100,99929,100,100104,100,99928,100,100119,100,99926,100,100124,100,99915,100
2019-06-28 09:34:30.000000000,100049,186,100033,135,100051,284,100005,98,100052,184,99951,184,100055,100,99943,100,100082,100,99942,100,100096,100,99939,100,100102,100,99929,100,100104,100,99928,100,100119,100,99926,100,100124,100,99915,100
2019-06-28 09:34:40.000000000,100049,186,100033,135,100051,284,100005,98,100052,184,99951,184,100055,100,99943,100,100082,100,99942,100,100096,100,99939,100,100102,100,99929,100,100104,100,99928,100,100119,100,99926,100,100124,100,99915,100
2019-06-28 09:34:50.000000000,100049,227,100033,176,100051,327,100005,141,100052,100,99951,100,100055,100,99943,100,100082,100,99942,100,100096,100,99939,100,100102,100,99929,100,100104,100,99928,100,100119,100,99926,100,100124,100,99915,100
2019-06-28 09:35:00.000000000,100049,164,100033,113,100051,264,100005,78,100052,164,99951,164,100055,164,99943,164,100082,100,99942,100,100096,100,99939,100,100102,100,99929,100,100104,100,99928,100,100119,100,99926,100,100124,100,99915,100
2019-06-28 09:35:04.435289384,100049,164,100033,113,100051,264,100005,78,100052,164,99951,164,100055,164,99943,164,100082,100,99942,100,100096,100,99939,100,100102,100,99929,100,100104,100,99928,100,100119,100,99926,100,100124,100,99915,100
2019-06-28 09:35:10.000000000,100049,151,100033,100,100051,251,100005,65,100052,151,99951,151,100055,151,99943,151,100082,151,99942,151,100096,100,99939,100,100102,100,99929,100,100104,100,99928,100,100119,100,99926,100,100124,100,99915,100
2019-06-28 09:35:20.000000000,100049,164,100033,113,100051,264,100005,78,100052,164,99951,164,100055,164,99943,164,100082,100,99942,100,100096,100,99939,100,100102,100,99929,100,100104,100,99928,100,100119,100,99926,100,100124,100,99915,100
2019-06-28 09:35:25.294560810,100049,64,100033,113,100051,264,100005,78,100052,164,99951,164,100055,164,99943,164,100082,100,99942,100,100096,100,99939,100,100102,100,99929,100,100104,100,99926,100,100119,100,99915,100,100124,100,99913,200
2019-06-28 09:35:29.713145436,100049,64,100033,113,100051,264,100005,78,100052,164,99951,164,100055,164,99943,164,100082,100,99942,100,100096,100,99939,100,100102,100,99929,100,100104,100,99926,100,100119,100,99915,100,100124,100,99913,200
2019-06-28 09:35:30.000000000,100051,286,100033,135,100052,184,100005,98,100055,184,99951,184,100082,100,99943,100,100096,100,99942,100,100102,100,99939,100,100104,100,99929,100,100119,100,99926,100,100124,100,99915,100,100138,100,99913,200
2019-06-28 09:35:38.264229270,100051,286,100033,135,100052,184,100005,98,100055,184,99951,184,100082,100,99943,100,100096,100,99942,100,100102,100,99939,100,100104,100,99929,100,100117,100,99926,100,100119,100,99915,100,100124,100,99913,200
2019-06-28 09:35:40.000000000,100051,251,100033,100,100052,151,100005,65,100055,151,99951,151,100082,151,99943,151,100096,151,99942,151,100102,100,99939,100,100104,100,99929,100,100117,100,99926,100,100119,100,99915,100,100124,100,99913,200
2019-06-28 09:35:50.000000000,100051,286,100033,135,100052,184,100005,98,100055,184,99951,184,100082,100,99943,100,100096,100,99942,100,100102,100,99939,100,100104,100,99929,100,100117,100,99926,100,100119,100,99915,100,100124,100,99913,200
2019-06-28 09:35:50.238944390,100051,286,100033,135,100052,184,100005,98,100055,184,99951,184,100063,100,99943,100,100082,100,99942,100,100096,100,99939,100,100102,100,99929,100,100104,100,99926,100,100117,100,99915,100,100119,100,99913,200
2019-06-28 09:36:00.000000000,100051,286,100033,135,100052,184,100005,98,100055,184,99951,184,100063,100,99943,100,100082,100,99942,100,100096,100,99939,100,100102,100,99929,100,100104,100,99926,100,100117,100,99915,100,100119,100,99913,200
2019-06-28 09:36:10.000000000,100051,454,100033,303,100052,100,100005,14,100055,100,99951,100,100063,100,99943,100,100082,100,99942,100,100096,100,99939,100,100102,100,99929,100,100104,100,99926,100,100117,100,99915,100,100119,100,99913,200
2019-06-28 09:36:13.196997734,100051,454,100033,303,100052,100,100005,14,100055,100,99951,100,100063,100,99943,100,100082,100,99942,100,100096,100,99939,100,100102,100,99929,100,100104,100,99926,100,100117,100,99915,100,100119,100,99913,200
2019-06-28 09:36:20.000000000,100051,286,100033,135,100052,184,100005,98,100055,184,99951,184,100063,100,99943,100,100082,100,99942,100,100096,100,99939,100,100102,100,99929,100,100104,100,99926,100,100117,100,99915,100,100119,100,99913,200
2019-06-28 09:36:20.492026080,100051,286,100033,135,100052,184,100005,98,100055,184,99951,184,100063,100,99943,100,100082,100,99942,100,100096,100,99939,100,100102,100,99929,100,100104,100,99926,100,100113,100,99915,100,100117,100,99913,200
2019-06-28 09:36:30.000000000,100051,327,100033,176,100052,227,100005,141,100055,100,99951,100,100063,100,99943,100,100082,100,99942,100,100096,100,99939,100,100102,100,99929,100,100104,100,99926,100,100113,100,99915,100,100117,100,99913,200
2019-06-28 09:36:39.267486456,100051,327,100033,176,100052,227,100005,141,100055,100,99951,100,100063,100,99943,100,100082,100,99942,100,100096,100,99939,100,100102,100,99929,100,100104,100,99926,100,100113,100,99915,100,100117,100,99913,200
2019-06-28 09:36:40.000000000,100051,251,100033,100,100052,151,100005,65,100055,151,99951,151,100063,151,99943,151,100082,151,99942,151,100096,100,99939,100,100102,100,99929,100,100104,100,99926,100,100113,100,99915,100,100117,100,99913,200
2019-06-28 09:36:50.000000000,100051,251,100033,100,100052,151,100005,65,100055,151,99951,151,100063,151,99943,151,100082,151,99942,151,100096,100,99939,100,100102,100,99929,100,100104,100,99926,100,100113,100,99915,100,100117,100,99913,200
2019-06-28 09:37:00.000000000,100051,454,100033,303,100052,100,100005,14,100055,100,99951,100,100063,100,99943,100,100082,100,99942,100,100096,100,99939,100,100102,100,99929,100,100104,100,99926,100,100113,100,99915,100,100117,100,99913,200
2019-06-28 09:37:04.702067913,100051,454,100033,303,100052,100,100005,14,100055,100,99951,100,100063,100,99943,100,100082,100,99942,100,100096,100,99939,100,100102,100,99929,100,100104,100,99926,100,100113,100,99915,100,100117,100,99913,200
2019-06-28 09:37:10.000000000,100051,327,100033,176,100052,227,100005,141,100055,100,99951,100,100063,100,99943,100,100082,100,99942,100,100096,100,99939,100,100102,100,99929,100,100104,100,99926,100,100113,100,99915,100,100117,100,99913,200
2019-06-28 09:37:20.000000000,100051,264,100033,113,100052,164,100005,78,100055,164,99951,164,100063,164,99943,164,100082,100,99942,100,100096,100,99939,100,100102,100,99929,100,100104,100,99926,100,100113,100,99915,100,100117,100,99913,200
2019-06-28 09:37:22.302585702,100051,264,100033,113,100052,164,100005,78,100055,164,99951,164,100063,164,99943,164,100082,100,99942,100,100096,100,99939,100,100102,100,99929,100,100104,100,99926,100,100113,100,99915,100,100117,100,99913,200
2019-06-28 09:37:30.000000000,100051,327,100033,176,100052,227,100005,141,100055,100,99951,100,100063,100,99943,100,100082,100,99942,100,100096,100,99939,100,100102,100,99929,100,100104,100,99926,100,100113,100,99915,100,100117,100,99913,200
2019-06-28 09:37:40.000000000,100051,264,100033,113,100052,164,100005,78,100055,164,99951,164,100063,164,99943,164,100082,100,99942,100,100096,100,99939,100,100102,100,99929,100,100104,100,99926,100,100113,100,99915,100,100117,100,99913,200
2019-06-28 09:37:48.307846009,100039,100,100033,113,100051,264,100005,78,100052,164,99951,164,100055,164,99943,164,100063,164,99942,100,100082,100,99939,100,100096,100,99929,100,100102,100,99926,100,100104,100,99915,100,100113,100,99913,200
2019-06-28 09:37:50.000000000,100039,227,100033,176,100051,327,100005,141,100052,100,99951,100,100055,100,99943,100,100063,100,99942,100,100082,100,99939,100,100096,100,99929,100,100102,100,99926,100,100104,100,99915,100,100113,100,99913,200
2019-06-28 09:37:50.134691873,100039,127,100033,176,100051,227,100005,141,100052,100,99951,100,100055,100,99943,100,100063,100,99942,100,100082,100,99939,100,100096,100,99929,100,100102,100,99926,100,100104,100,99915,100,100113,100,99913,200
2019-06-28 09:38:00.000000000,100051,164,100033,113,100052,164,100005,78,100055,164,99951,164,100063,164,99943,164,100082,100,99942,100,100096,100,99939,100,100102,100,99929,100,100104,100,99926,100,100113,100,99915,100,100117,100,99913,200
2019-06-28 09:38:10.000000000,100051,186,100033,135,100052,184,100005,98,100055,184,99951,184,100063,100,99943,100,100082,100,99942,100,100096,100,99939,100,100102,100,99929,100,100104,100,99926,100,100113,100,99915,100,100117,100,99913,200
2019-06-28 09:38:20.000000000,100051,186,100033,135,100052,184,100005,98,100055,184,99951,184,100063,100,99943,100,100082,100,99942,100,100096,100,99939,100,100102,100,99929,100,100104,100,99926,100,100113,100,99915,100,100117,100,99913,200
2019-06-28 09:38:30.000000000,100051,151,100033,100,100052,151,100005,65,100055,151,99951,151,100063,151,99943,151,100082,151,99942,151,100096,100,99939,100,100102,100,99929,100,100104,100,99926,100,100113,100,99915,100,100117,100,99913,200
2019-06-28 09:38:40.000000000,100051,164,100033,113,100052,164,100005,78,100055,164,99951,164,100063,164,99943,164,100082,100,99942,100,100096,100,99939,100,100102,100,99929,100,100104,100,99926,100,100113,100,99915,100,100117,100,99913,200
2019-06-28 09:38:41.007091996,100051,164,100033,113,100052,164,100005,78,100055,164,99951,164,100063,164,99943,164,100082,100,99942,100,100096,100,99939,100,100102,100,99929,100,100104,100,99926,100,100113,100,99915,100,100117,100,99913,200
2019-06-28 09:38:43.124017409,100051,164,100033,13,100052,164,100005,78,100055,164,99951,164,100063,164,99943,164,100082,100,99942,100,100096,100,99939,100,100102,100,99929,100,100104,100,99926,100,100113,100,99915,100,100117,100,99913,200
2019-06-28 09:38:48.703356478,100033,87,100005,78,100051,164,99951,164,100052,164,99943,164,100055,164,99942,100,100063,164,99939,100,100082,100,99929,100,100096,100,99926,100,100102,100,99915,100,100104,100,99913,200,100113,100,99804,100
2019-06-28 09:38:50.000000000,100033,341,100005,268,100051,100,99951,100,100052,100,99943,100,100055,100,99942,100,100063,100,99939,100,100082,100,99929,100,100096,100,99926,100,100102,100,99915,100,100104,100,99913,200,100113,100,99804,100
2019-06-28 09:38:50.942346389,100033,341,100005,168,100051,100,99951,100,100052,100,99943,100,100055,100,99942,100,100063,100,99939,100,100082,100,99929,100,100096,100,99926,100,100102,100,99915,100,100104,100,99913,200,100113,100,99804,100
2019-06-28 09:38:59.655267361,100033,341,100005,168,100051,100,99951,100,100052,100,99942,100,100055,100,99939,100,100063,100,99929,100,100082,100,99926,100,100096,100,99915,100,100102,100,99913,200,100104,100,99804,100,100113,100,99783,100
2019-06-28 09:39:00.000000000,100033,173,99951,186,100051,184,99942,184,100052,184,99939,184,100055,100,99929,100,100063,100,99926,100,100082,100,99915,100,100096,100,99913,200,100102,100,99804,100,100104,100,99783,100,100113,100,99680,100
2019-06-28 09:39:10.000000000,100033,138,99951,151,100051,151,99942,151,100052,151,99939,151,100055,151,99929,151,100063,151,99926,151,100082,100,99915,100,100096,100,99913,200,100102,100,99804,100,100104,100,99783,100,100113,100,99680,100
2019-06-28 09:39:20.000000000,100033,341,99951,354,100051,100,99942,100,100052,100,99939,100,100055,100,99929,100,100063,100,99926,100,100082,100,99915,100,100096,100,99913,200,100102,100,99804,100,100104,100,99783,100,100113,100,99680,100
2019-06-28 09:39:20.191523455,100033,341,99951,254,100051,100,99942,100,100055,100,99939,100,100063,100,99929,100,100082,100,99926,100,100096,100,99915,100,100102,100,99913,200,100104,100,99804,100,100113,100,99783,100,100117,100,99680,100
2019-06-28 09:39:30.000000000,100033,138,99942,151,100051,151,99939,151,100055,151,99929,151,100063,151,99926,151,100082,151,99915,151,100096,100,99913,200,100102,100,99804,100,100104,100,99783,100,100113,100,99680,100,100117,100,99675,100
2019-06-28 09:39:34.070310141,100005,100,99942,151,100033,138,99939,151,100051,151,99929,151,100055,151,99926,151,100063,151,99915,151,100082,151,99913,200,100096,100,99804,100,100102,100,99783,100,100104,100,99680,100,100113,100,99675,100
2019-06-28 09:39:34.947122351,100005,100,99942,51,100033,138,99939,151,100051,151,99929,151,100055,151,99926,151,100063,151,99915,151,100082,151,99913,200,100096,100,99804,100,100102,100,99783,100,100104,100,99675,100,100113,100,99577,100
2019-06-28 09:39:40.000000000,100005,186,99939,186,100033,171,99929,184,100051,184,99926,184,100055,100,99915,100,100063,100,99913,200,100082,100,99804,100,100096,100,99783,100,100102,100,99675,100,100104,100,99577,100,100113,100,,
2019-06-28 09:39:50.000000000,100005,186,99939,186,100033,171,99929,184,100051,184,99926,184,100055,100,99915,100,100063,100,99913,200,100082,100,99804,100,100096,100,99783,100,100102,100,99675,100,100104,100,99577,100,100113,100,,
2019-06-28 09:39:51.442520491,99951,100,99939,186,100005,186,99929,184,100033,171,99926,184,100051,184,99915,100,100055,100,99913,200,100063,100,99804,100,100082,100,99783,100,100096,100,99675,100,100102,100,99577,100,100104,100,,
2019-06-28 09:39:53.573933514,99951,100,99939,86,100005,186,99929,184,100033,171,99926,184,100051,184,99915,100,100055,100,99913,200,100063,100,99804,100,100082,100,99783,100,100096,100,99675,100,100102,100,99577,100,100104,100,,
2019-06-28 09:39:54.097446692,99942,100,99939,86,99951,100,99929,184,100005,186,99926,184,100033,171,99915,100,100051,184,99913,200,100055,100,99804,100,100063,100,99783,100,100082,100,99675,100,100096,100,99577,100,100102,100,,
2019-06-28 09:39:55.974679273,99941,100,99939,86,99942,100,99929,84,99951,100,99926,184,100005,186,99915,100,100033,171,99913,200,100051,184,99804,100,100055,100,99783,100,100063,100,99675,100,100082,100,99577,100,100096,100,,
2019-06-28 09:40:00.000000000,99941,354,99926,354,99942,100,99915,100,99951,100,99913,200,100005,100,99804,100,100033,87,99783,100,100051,100,99675,100,100055,100,99577,100,100063,100,,,100082,100,,,100096,100,,
2019-06-28 09:40:06.169830871,99941,354,99926,354,99942,100,99915,100,99951,100,99913,200,100005,100,99804,100,100033,87,99783,100,100051,100,99675,100,100055,100,99634,100,100063,100,99577,100,100082,100,,,100096,100,,
2019-06-28 09:40:10.000000000,99941,151,99926,151,99942,151,99915,151,99951,151,99913,251,100005,151,99804,151,100033,138,99783,151,100051,100,99675,100,100055,100,99634,100,100063,100,99577,100,100082,100,,,100096,100,,
2019-06-28 09:40:17.888624026,99941,151,99926,151,99942,151,99915,151,99951,151,99913,251,100005,151,99804,151,100033,138,99783,151,100051,100,99675,100,100055,100,99634,100,100063,100,99577,100,100082,100,99556,100,100096,100,,
2019-06-28 09:40:19.514886702,99941,151,99926,151,99942,151,99915,151,99950,100,99913,251,99951,151,99804,151,100005,151,99783,151,100033,138,99675,100,100051,100,99634,100,100055,100,99577,100,100063,100,99556,100,100082,100,,
2019-06-28 09:40:20.000000000,99941,151,99926,151,99942,151,99915,151,99950,151,99913,251,99951,151,99804,151,100005,151,99783,151,100033,87,99675,100,100051,100,99634,100,100055,100,99577,100,100063,100,99556,100,100082,100,,
2019-06-28 09:40:30.000000000,99941,151,99926,151,99942,151,99915,151,99950,151,99913,251,99951,151,99804,151,100005,151,99783,151,100033,87,99675,100,100051,100,99634,100,100055,100,99577,100,100063,100,99556,100,100082,100,,
2019-06-28 09:40:39.620401494,99941,151,99926,151,99942,151,99915,151,99950,151,99913,251,99951,151,99804,151,100005,151,99783,151,100033,87,99675,100,100051,100,99634,100,100055,100,99577,100,100063,100,99556,100,100073,100,,
2019-06-28 09:40:40.000000000,99941,164,99926,164,99942,164,99915,164,99950,164,99913,264,99951,164,99804,164,100005,100,99783,100,100033,87,99675,100,100051,100,99634,100,100055,100,99577,100,100063,100,99556,100,100073,100,,
2019-06-28 09:40:50.000000000,99941,186,99926,186,99942,184,99915,184,99950,184,99913,284,99951,100,99804,100,100005,100,99783,100,100033,87,99675,100,100051,100,99634,100,100055,100,99577,100,100063,100,99556,100,100073,100,,
2019-06-28 09:41:00.000000000,99941,227,99926,227,99942,227,99915,227,99950,100,99913,200,99951,100,99804,100,100005,100,99783,100,100033,87,99675,100,100051,100,99634,100,100055,100,99577,100,100063,100,99556,100,100073,100,,
2019-06-28 09:41:10.000000000,99941,186,99926,186,99942,184,99915,184,99950,184,99913,284,99951,100,99804,100,100005,100,99783,100,100033,87,99675,100,100051,100,99634,100,100055,100,99577,100,100063,100,99556,100,100073,100,,
2019-06-28 09:41:10.587672630,99941,186,99926,186,99942,184,99915,184,99950,184,99913,284,99951,100,99804,100,100005,100,99783,100,100033,87,99675,100,100051,100,99634,100,100055,100,99577,100,100063,100,99556,100,100067,100,,
2019-06-28 09:41:20.000000000,99941,186,99926,186,99942,184,99915,184,99950,184,99913,284,99951,100,99804,100,100005,100,99783,100,100033,87,99675,100,100051,100,99634,100,100055,100,99577,100,100063,100,99556,100,100067,100,,
2019-06-28 09:41:20.236079347,99941,186,99926,186,99942,184,99915,184,99950,184,99913,284,99951,100,99804,100,100005,100,99783,100,100011,100,99675,100,100033,87,99634,100,100051,100,99577,100,100055,100,99556,100,100063,100,,
2019-06-28 09:41:30.000000000,99941,354,99926,354,99942,100,99915,100,99950,100,99913,200,99951,100,99804,100,100005,100,99783,100,100011,100,99675,100,100033,87,99634,100,100051,100,99577,100,100055,100,99556,100,100063,100,,
2019-06-28 09:41:40.000000000,99941,354,99926,354,99942,100,99915,100,99950,100,99913,200,99951,100,99804,100,100005,100,99783,100,100011,100,99675,100,100033,87,99634,100,100051,100,99577,100,100055,100,99556,100,100063,100,,
2019-06-28 09:41:50.000000000,99941,354,99926,354,99942,100,99915,100,99950,100,99913,200,99951,100,99804,100,100005,100,99783,100,100011,100,99675,100,100033,87,99634,100,100051,100,99577,100,100055,100,99556,100,100063,100,,
2019-06-28 09:42:00.000000000,99941,164,99926,164,99942,164,99915,164,99950,164,99913,264,99951,164,99804,164,100005,100,99783,100,100011,100,99675,100,100033,87,99634,100,100051,100,99577,100,100055,100,99556,100,100063,100,,
2019-06-28 09:42:02.896964411,99941,164,99926,164,99942,264,99915,164,99950,164,99913,264,99951,164,99804,164,100005,100,99783,100,100011,100,99675,100,100033,87,99634,100,100051,100,99577,100,100055,100,99556,100,100063,100,,
2019-06-28 09:42:10.000000000,99941,186,99926,186,99942,284,99915,184,99950,184,99913,284,99951,100,99804,100,100005,100,99783,100,100011,100,99675,100,100033,87,99634,100,100051,100,99577,100,100055,100,99556,100,100063,100,,
2019-06-28 09:42:20.000000000,99941,354,99926,354,99942,200,99915,100,99950,100,99913,200,99951,100,99804,100,100005,100,99783,100,100011,100,99675,100,100033,87,99634,100,100051,100,99577,100,100055,100,99556,100,100063,100,,
2019-06-28 09:42:25.368518732,99941,354,99926,254,99942,200,99915,100,99950,100,99913,200,99951,100,99804,100,100005,100,99783,100,100011,100,99675,100,100033,87,99577,100,100051,100,99556,100,100055,100,,,100063,100,,
2019-06-28 09:42:30.000000000,99941,186,99915,186,99942,284,99913,284,99950,184,99804,184,99951,100,99783,100,100005,100,99675,100,100011,100,99577,100,100033,87,99556,100,100051,100,,,100055,100,,,100063,100,,
2019-06-28 09:42:40.000000000,99941,151,99915,151,99942,251,99913,251,99950,151,99804,151,99951,151,99783,151,100005,151,99675,151,100011,100,99577,100,100033,87,99556,100,100051,100,,,100055,100,,,100063,100,,
2019-06-28 09:42:50.000000000,99941,164,99915,164,99942,264,99913,264,99950,164,99804,164,99951,164,99783,164,100005,100,99675,100,100011,100,99577,100,100033,87,99556,100,100051,100,,,100055,100,,,100063,100,,
2019-06-28 09:42:50.594033556,99941,164,99915,64,99942,264,99913,264,99950,164,99804,164,99951,164,99783,164,100005,100,99675,100,100011,100,99577,100,100033,87,99556,100,100051,100,,,100063,100,,,100067,100,,
2019-06-28 09:43:00.000000000,99941,227,99913,327,99942,327,99804,227,99950,100,99783,100,99951,100,99675,100,100005,100,99577,100,100011,100,99556,100,100033,87,,,100051,100,,,100063,100,,,100067,100,,
2019-06-28 09:43:10.000000000,99941,227,99913,327,99942,327,99804,227,99950,100,99783,100,99951,100,99675,100,100005,100,99577,100,100011,100,99556,100,100033,87,,,100051,100,,,100063,100,,,100067,100,,
2019-06-28 09:43:12.831292100,99941,227,99913,227,99942,327,99804,227,99950,100,99783,100,99951,100,99675,100,100005,100,99577,100,100011,100,99556,100,100033,87,,,100051,100,,,100063,100,,,100067,100,,
2019-06-28 09:43:20.000000000,99941,227,99913,227,99942,327,99804,227,99950,100,99783,100,99951,100,99675,100,100005,100,99577,100,100011,100,99556,100,100033,87,,,100051,100,,,100063,100,,,100067,100,,
2019-06-28 09:43:30.000000000,99941,354,99913,354,99942,200,99804,100,99950,100,99783,100,99951,100,99675,100,100005,100,99577,100,100011,100,99556,100,100033,87,,,100051,100,,,100063,100,,,100067,100,,
2019-06-28 09:43:40.000000000,99941,227,99913,227,99942,327,99804,227,99950,100,99783,100,99951,100,99675,100,100005,100,99577,100,100011,100,99556,100,100033,87,,,100051,100,,,100063,100,,,100067,100,,
2019-06-28 09:43:50.000000000,99941,227,99913,227,99942,327,99804,227,99950,100,99783,100,99951,100,99675,100,100005,100,99577,100,100011,100,99556,100,100033,87,,,100051,100,,,100063,100,,,100067,100,,
2019-06-28 09:43:54.786471857,99941,227,99913,227,99942,327,99804,227,99950,100,99783,100,99951,100,99675,100,100005,100,99577,100,100011,100,99556,100,100033,87,98823,100,100063,100,,,100067,100,,,100073,100,,
2019-06-28 09:43:55.122985509,99941,227,99913,127,99942,327,99804,227,99950,100,99783,100,99951,100,99675,100,100005,100,99577,100,100011,100,99556,100,100033,87,98823,100,100063,100,,,100067,100,,,100073,100,,
2019-06-28 09:43:56.782424111,99941,227,99913,127,99942,327,99804,227,99950,100,99783,100,99951,100,99675,100,100005,100,99577,100,100033,87,99556,100,100063,100,98823,100,100067,100,98776,100,100073,100,,,100082,100,,
2019-06-28 09:44:00.000000000,99941,227,99804,227,99942,327,99783,227,99950,100,99675,100,99951,100,99577,100,100005,100,99556,100,100033,87,98823,100,100063,100,98776,100,100067,100,,,100073,100,,,100082,100,,
2019-06-28 09:44:02.977841564,99913,100,99804,227,99941,227,99783,227,99942,327,99675,100,99950,100,99577,100,99951,100,99556,100,100005,100,98823,100,100033,87,98776,100,100063,100,,,100067,100,,,100073,100,,
2019-06-28 09:44:06.617387087,99913,100,99804,127,99941,227,99783,227,99942,327,99675,100,99950,100,99577,100,99951,100,99556,100,100005,100,98823,100,100033,87,98776,100,100063,100,,,100067,100,,,100073,100,,
2019-06-28 09:44:10.000000000,99913,227,99783,227,99941,227,99675,227,99942,200,99577,100,99950,100,99556,100,99951,100,98823,100,100005,100,98776,100,100033,87,,,100063,100,,,100067,100,,,100073,100,,
2019-06-28 09:44:20.000000000,99913,164,99783,164,99941,164,99675,164,99942,264,99577,164,99950,164,99556,164,99951,100,98823,100,100005,100,98776,100,100033,87,,,100063,100,,,100067,100,,,100073,100,,
2019-06-28 09:44:28.198625843,99913,164,99783,64,99941,164,99675,164,99942,264,99577,164,99950,164,99556,164,99951,100,98776,100,100005,100,,,100033,87,,,100063,100,,,100067,100,,,100073,100,,
2019-06-28 09:44:30.000000000,99913,186,99675,186,99941,184,99577,184,99942,284,99556,184,99950,100,98776,100,99951,100,,,100005,100,,,100033,87,,,100063,100,,,100067,100,,,100073,100,,
2019-06-28 09:44:40.000000000,99913,354,99675,354,99941,100,99577,100,99942,200,99556,100,99950,100,98776,100,99951,100,,,100005,100,,,100033,87,,,100063,100,,,100067,100,,,100073,100,,
2019-06-28 09:44:50.000000000,99913,151,99675,151,99941,151,99577,151,99942,251,99556,151,99950,151,98776,151,99951,151,98775,51,100005,100,,,100033,87,,,100063,100,,,100067,100,,,100073,100,,
2019-06-28 09:44:59.944307061,99804,100,99675,151,99913,151,99577,151,99941,151,99556,151,99942,251,98776,151,99950,151,98775,51,99951,151,,,100005,100,,,100033,87,,,100063,100,,,100067,100,,
2019-06-28 09:45:00.000000000,99804,227,99675,227,99913,227,99577,227,99941,100,99556,100,99942,200,98776,100,99950,100,,,99951,100,,,100005,100,,,100033,87,,,100063,100,,,100067,100,,
2019-06-28 09:45:03.999034076,99804,227,99675,227,99913,227,99577,227,99941,100,99556,100,99942,200,98814,100,99950,100,98776,100,99951,100,,,100005,100,,,100033,87,,,100063,100,,,100067,100,,
2019-06-28 09:45:10.000000000,99804,151,99675,151,99913,151,99577,151,99941,151,99556,151,99942,251,98814,151,99950,151,98776,151,99951,100,,,100005,100,,,100033,87,,,100063,100,,,100067,100,,
2019-06-28 09:45:14.274977921,99804,151,99675,51,99913,151,99577,151,99941,151,99556,151,99942,251,98814,51,99950,151,98776,151,99951,100,,,100005,100,,,100033,87,,,100063,100,,,100067,100,,
2019-06-28 09:45:20.000000000,99804,227,99577,227,99913,227,99556,227,99941,100,98776,100,99942,200,,,99950,100,,,99951,100,,,100005,100,,,100033,87,,,100063,100,,,100067,100,,
2019-06-28 09:45:29.424758470,99804,227,99577,127,99913,227,99556,227,99941,100,98776,100,99942,200,,,99950,100,,,99951,100,,,100005,100,,,100033,87,,,100063,100,,,100067,100,,
2019-06-28 09:45:30.000000000,99804,151,99556,151,99913,151,98776,151,99941,151,98775,51,99942,251,,,99950,151,,,99951,100,,,100005,100,,,100033,87,,,100063,100,,,100067,100,,
2019-06-28 09:45:40.000000000,99804,227,99556,227,99913,227,98776,227,99941,100,,,99942,200,,,99950,100,,,99951,100,,,100005,100,,,100033,87,,,100063,100,,,100067,100,,
2019-06-28 09:45:50.000000000,99804,164,99556,164,99913,164,98776,164,99941,164,98775,64,99942,264,,,99950,100,,,99951,100,,,100005,100,,,100033,87,,,100063,100,,,100067,100,,
2019-06-28 09:45:56.239735524,99804,164,99556,164,99913,164,98776,164,99941,164,98775,64,99942,264,98760,100,99950,100,,,99951,100,,,100005,100,,,100033,87,,,100063,100,,,100067,100,,
2019-06-28 09:46:00.000000000,99804,151,99556,151,99913,151,98776,151,99941,151,98760,151,99942,251,98759,51,99950,151,,,99951,100,,,100005,100,,,100033,87,,,100063,100,,,100067,100,,
2019-06-28 09:46:10.000000000,99804,354,99556,354,99913,100,98776,100,99941,100,98760,100,99942,200,,,99950,100,,,99951,100,,,100005,100,,,100033,87,,,100063,100,,,100067,100,,
2019-06-28 09:46:20.000000000,99804,186,99556,186,99913,184,98776,184,99941,184,98760,184,99942,200,,,99950,100,,,99951,100,,,100005,100,,,100033,87,,,100063,100,,,100067,100,,
2019-06-28 09:46:23.822424462,99804,186,99556,186,99913,184,98776,184,99941,184,98760,184,99942,200,98173,100,99950,100,,,99951,100,,,100005,100,,,100033,87,,,100063,100,,,100067,100,,
2019-06-28 09:46:30.000000000,99804,151,99556,151,99913,151,98776,151,99941,151,98760,151,99942,251,98173,151,99950,151,98172,51,99951,100,,,100005,100,,,100033,87,,,100063,100,,,100067,100,,
2019-06-28 09:46:40.000000000,99804,164,99556,164,99913,164,98776,164,99941,164,98760,164,99942,264,98173,164,99950,100,,,99951,100,,,100005,100,,,100033,87,,,100063,100,,,100067,100,,
2019-06-28 09:46:50.000000000,99804,164,99556,164,99913,164,98776,164,99941,164,98760,164,99942,264,98173,164,99950,100,,,99951,100,,,100005,100,,,100033,87,,,100063,100,,,100067,100,,
2019-06-28 09:46:58.121921764,99804,164,99556,164,99913,64,98776,164,99941,164,98760,164,99942,264,98173,164,99950,100,,,99951,100,,,100005,100,,,100033,87,,,100063,100,,,100067,100,,
2019-06-28 09:47:00.000000000,99804,354,99556,354,99941,100,98776,100,99942,200,98760,100,99950,100,98173,100,99951,100,,,100005,100,,,100033,87,,,100063,100,,,100067,100,,,100082,100,,
2019-06-28 09:47:00.215061813,99804,354,99556,354,99941,100,98776,100,99942,200,98760,100,99950,100,98318,100,99951,100,98173,100,100005,100,,,100033,87,,,100063,100,,,100067,100,,,100082,100,,
2019-06-28 09:47:10.000000000,99804,151,99556,151,99941,151,98776,151,99942,251,98760,151,99950,151,98318,151,99951,151,98173,151,100005,100,,,100033,87,,,100063,100,,,100067,100,,,100082,100,,
2019-06-28 09:47:20.000000000,99804,227,99556,227,99941,227,98776,227,99942,200,98760,100,99950,100,98318,100,99951,100,98173,100,100005,100,,,100033,87,,,100063,100,,,100067,100,,,100082,100,,
2019-06-28 09:47:30.000000000,99804,354,99556,354,99941,100,98776,100,99942,200,98760,100,99950,100,98318,100,99951,100,98173,100,100005,100,,,100033,87,,,100063,100,,,100067,100,,,100082,100,,
2019-06-28 09:47:40.000000000,99804,227,99556,227,99941,227,98776,227,99942,200,98760,100,99950,100,98318,100,99951,100,98173,100,100005,100,,,100033,87,,,100063,100,,,100067,100,,,100082,100,,
2019-06-28 09:47:50.000000000,99804,354,99556,354,99941,100,98776,100,99942,200,98760,100,99950,100,98318,100,99951,100,98173,100,100005,100,,,100033,87,,,100063,100,,,100067,100,,,100082,100,,
2019-06-28 09:47:55.706067641,99804,354,99556,254,99941,100,98776,100,99942,200,98760,100,99950,100,98318,100,99951,100,98173,100,100005,100,,,100033,87,,,100063,100,,,100067,100,,,100082,100,,
2019-06-28 09:48:00.000000000,99804,354,98776,354,99941,100,98760,100,99942,200,98318,100,99950,100,98173,100,99951,100,,,100005,100,,,100033,87,,,100063,100,,,100067,100,,,100082,100,,
2019-06-28 09:48:10.000000000,99804,164,98776,164,99941,164,98760,164,99942,264,98318,164,99950,164,98173,164,99951,100,,,100005,100,,,100033,87,,,100063,100,,,100067,100,,,100082,100,,
2019-06-28 09:48:20.000000000,99804,164,98776,164,99941,164,98760,164,99942,264,98318,164,99950,164,98173,164,99951,100,,,100005,100,,,100033,87,,,100063,100,,,100067,100,,,100082,100,,
2019-06-28 09:48:30.000000000,99804,227,98776,227,99941,227,98760,227,99942,200,98318,100,99950,100,98173,100,99951,100,,,100005,100,,,100033,87,,,100063,100,,,100067,100,,,100082,100,,
2019-06-28 09:48:34.436910382,99016,100,98776,127,99804,227,98760,227,99941,227,98318,100,99942,200,98173,100,99950,100,,,99951,100,,,100005,100,,,100033,87,,,100063,100,,,100067,100,,
2019-06-28 09:48:36.227005438,99016,100,98776,127,99132,100,98760,227,99804,227,98318,100,99941,227,98173,100,99942,200,,,99950,100,,,99951,100,,,100005,100,,,100033,87,,,100063,100,,
2019-06-28 09:48:40.000000000,99016,164,98760,164,99132,164,98318,164,99804,164,98173,164,99941,164,98172,64,99942,200,,,99950,100,,,99951,100,,,100005,100,,,100033,87,,,100063,100,,
2019-06-28 09:48:43.242580744,98868,100,98760,164,99016,164,98318,164,99132,164,98173,164,99804,164,98172,64,99941,164,,,99942,200,,,99950,100,,,99951,100,,,100005,100,,,100033,87,,
2019-06-28 09:48:50.000000000,98868,354,98760,354,99016,100,98318,100,99132,100,98173,100,99804,100,,,99941,100,,,99942,200,,,99950,100,,,99951,100,,,100005,100,,,100033,87,,
2019-06-28 09:48:57.735408414,98868,254,98760,354,99016,100,98318,100,99132,100,98173,100,99804,100,,,99941,100,,,99942,200,,,99950,100,,,99951,100,,,100005,100,,,100033,87,,
2019-06-28 09:49:00.000000000,99016,164,98760,164,99132,164,98318,164,99804,164,98173,164,99941,164,98172,64,99942,200,,,99950,100,,,99951,100,,,100005,100,,,100033,87,,,100063,100,,
2019-06-28 09:49:02.136091197,98889,100,98760,164,99016,164,98318,164,99132,164,98173,164,99804,164,98172,64,99941,164,,,99942,200,,,99950,100,,,99951,100,,,100005,100,,,100033,87,,
2019-06-28 09:49:10.000000000,98889,164,98760,164,99016,164,98318,164,99132,164,98173,164,99804,164,98172,64,99941,100,,,99942,200,,,99950,100,,,99951,100,,,100005,100,,,100033,87,,
2019-06-28 09:49:20.000000000,98889,186,98760,186,99016,184,98318,184,99132,184,98173,184,99804,100,,,99941,100,,,99942,200,,,99950,100,,,99951,100,,,100005,100,,,100033,87,,
2019-06-28 09:49:30.000000000,98889,164,98760,164,99016,164,98318,164,99132,164,98173,164,99804,164,98172,64,99941,100,,,99942,200,,,99950,100,,,99951,100,,,100005,100,,,100033,87,,
2019-06-28 09:49:37.621370190,98889,164,98760,164,99016,164,98605,100,99132,164,98318,164,99804,164,98173,64,99941,100,98172,64,99942,200,,,99950,100,,,99951,100,,,100005,100,,,100033,87,,
2019-06-28 09:49:40.000000000,98889,354,98760,354,99016,100,98605,100,99132,100,98318,100,99804,100,,,99941,100,,,99942,200,,,99950,100,,,99951,100,,,100005,100,,,100033,87,,
2019-06-28 09:49:50.000000000,98889,354,98760,354,99016,100,98605,100,99132,100,98318,100,99804,100,,,99941,100,,,99942,200,,,99950,100,,,99951,100,,,100005,100,,,100033,87,,
2019-06-28 09:49:57.364827598,98889,254,98760,354,99016,100,98674,100,99132,100,98605,100,99804,100,98318,100,99941,100,,,99942,200,,,99950,100,,,99951,100,,,100005,100,,,100033,87,,
2019-06-28 09:50:00.000000000,99016,164,98760,164,99132,164,98674,164,99804,164,98605,164,99941,164,98318,164,99942,200,,,99950,100,,,99951,100,,,100005,100,,,100033,87,,,100063,100,,
2019-06-28 09:50:10.000000000,99016,354,98760,354,99132,100,98674,100,99804,100,98605,100,99941,100,98318,100,99942,200,,,99950,100,,,99951,100,,,100005,100,,,100033,87,,,100063,100,,
2019-06-28 09:50:20.000000000,99016,354,98760,354,99132,100,98674,100,99804,100,98605,100,99941,100,98318,100,99942,200,,,99950,100,,,99951,100,,,100005,100,,,100033,87,,,100063,100,,
2019-06-28 09:50:30.000000000,99016,164,98760,164,99132,164,98674,164,99804,164,98605,164,99941,164,98318,164,99942,200,,,99950,100,,,99951,100,,,100005,100,,,100033,87,,,100063,100,,
2019-06-28 09:50:40.000000000,99016,354,98760,354,99132,100,98674,100,99804,100,98605,100,99941,100,98318,100,99942,200,,,99950,100,,,99951,100,,,100005,100,,,100033,87,,,100063,100,,
2019-06-28 09:50:50.000000000,99016,354,98760,354,99132,100,98674,100,99804,100,98605,100,99941,100,98318,100,99942,200,,,99950,100,,,99951,100,,,100005,100,,,100033,87,,,100063,100,,
2019-06-28 09:50:58.304802881,99016,254,98760,354,99132,100,98674,100,99804,100,98605,100,99941,100,98318,100,99942,200,,,99950,100,,,99951,100,,,100005,100,,,100033,87,,,100063,100,,
2019-06-28 09:51:00.000000000,99132,164,98760,164,99804,164,98674,164,99941,164,98605,164,99942,264,98318,164,99950,100,,,99951,100,,,100005,100,,,100033,87,,,100063,100,,,100067,100,,
2019-06-28 09:51:10.000000000,99132,164,98760,164,99804,164,98674,164,99941,164,98605,164,99942,264,98318,164,99950,100,,,99951,100,,,100005,100,,,100033,87,,,100063,100,,,100067,100,,
2019-06-28 09:51:12.635867860,98984,100,98760,164,99132,164,98674,164,99804,164,98605,164,99941,164,98318,164,99942,264,,,99950,100,,,99951,100,,,100005,100,,,100033,87,,,100063,100,,
2019-06-28 09:51:20.000000000,98984,164,98760,164,99132,164,98674,164,99804,164,98605,164,99941,164,98318,164,99942,200,,,99950,100,,,99951,100,,,100005,100,,,100033,87,,,100063,100,,
2019-06-28 09:51:23.142645228,98984,64,98760,164,99132,164,98674,164,99804,164,98605,164,99941,164,98318,164,99942,200,,,99950,100,,,99951,100,,,100005,100,,,100033,87,,,100063,100,,
2019-06-28 09:51:30.000000000,99132,151,98760,151,99804,151,98674,151,99941,151,98605,151,99942,251,98318,151,99950,151,98317,51,99951,100,,,100005,100,,,100033,87,,,100063,100,,,100067,100,,
2019-06-28 09:51:40.000000000,99132,227,98760,227,99804,227,98674,227,99941,100,98605,100,99942,200,98318,100,99950,100,,,99951,100,,,100005,100,,,100033,87,,,100063,100,,,100067,100,,
2019-06-28 09:51:42.229040718,99132,227,98760,227,99141,100,98674,227,99804,227,98605,100,99941,100,98318,100,99942,200,,,99950,100,,,99951,100,,,100005,100,,,100033,87,,,100063,100,,
2019-06-28 09:51:50.000000000,99132,227,98760,227,99141,227,98674,227,99804,100,98605,100,99941,100,98318,100,99942,200,,,99950,100,,,99951,100,,,100005,100,,,100033,87,,,100063,100,,
2019-06-28 09:52:00.000000000,99132,164,98760,164,99141,164,98674,164,99804,164,98605,164,99941,164,98318,164,99942,200,,,99950,100,,,99951,100,,,100005,100,,,100033,87,,,100063,100,,
2019-06-28 09:52:10.000000000,99132,227,98760,227,99141,227,98674,227,99804,100,98605,100,99941,100,98318,100,99942,200,,,99950,100,,,99951,100,,,100005,100,,,100033,87,,,100063,100,,
2019-06-28 09:52:13.544500125,98888,100,98760,227,99132,227,98674,227,99141,227,98605,100,99804,100,98318,100,99941,100,,,99942,200,,,99950,100,,,99951,100,,,100005,100,,,100033,87,,
2019-06-28 09:52:20.000000000,98888,151,98760,151,99132,151,98674,151,99141,151,98605,151,99804,151,98318,151,99941,151,98317,51,99942,200,,,99950,100,,,99951,100,,,100005,100,,,100033,87,,
2019-06-28 09:52:30.000000000,98888,164,98760,164,99132,164,98674,164,99141,164,98605,164,99804,164,98318,164,99941,100,,,99942,200,,,99950,100,,,99951,100,,,100005,100,,,100033,87,,
2019-06-28 09:52:37.623934522,98888,164,98765,100,99132,164,98760,164,99141,164,98674,164,99804,164,98605,164,99941,100,98318,164,99942,200,,,99950,100,,,99951,100,,,100005,100,,,100033,87,,
2019-06-28 09:52:38.240046000,99132,164,98889,36,99141,164,98765,100,99804,164,98760,164,99941,100,98674,164,99942,200,98605,164,99950,100,98318,164,99951,100,,,100005,100,,,100033,87,,,100063,100,,
2019-06-28 09:52:40.000000000,99132,164,98889,100,99141,164,98765,164,99804,164,98760,164,99941,164,98674,164,99942,200,98605,100,99950,100,98318,100,99951,100,,,100005,100,,,100033,87,,,100063,100,,
2019-06-28 09:52:49.438274873,98983,100,98889,100,99132,164,98765,164,99141,164,98760,164,99804,164,98674,164,99941,164,98605,100,99942,200,98318,100,99950,100,,,99951,100,,,100005,100,,,100033,87,,
2019-06-28 09:52:50.000000000,98983,227,98889,163,99132,227,98765,227,99141,100,98760,100,99804,100,98674,100,99941,100,98605,100,99942,200,98318,100,99950,100,,,99951,100,,,100005,100,,,100033,87,,
2019-06-28 09:53:00.000000000,98983,151,98889,87,99132,151,98765,151,99141,151,98760,151,99804,151,98674,151,99941,151,98605,151,99942,200,98318,100,99950,100,,,99951,100,,,100005,100,,,100033,87,,
2019-06-28 09:53:03.585920341,98983,51,98889,87,99132,151,98765,151,99141,151,98760,151,99804,151,98674,151,99941,151,98605,151,99942,200,98318,100,99950,100,,,99951,100,,,100005,100,,,100033,87,,
2019-06-28 09:53:05.426278936,98983,51,98889,87,99021,100,98765,151,99132,151,98760,151,99141,151,98674,151,99804,151,98605,151,99941,151,98318,100,99942,200,,,99950,100,,,99951,100,,,100005,100,,
2019-06-28 09:53:10.000000000,99021,227,98889,163,99132,227,98765,227,99141,100,98760,100,99804,100,98674,100,99941,100,98605,100,99942,200,98318,100,99950,100,,,99951,100,,,100005,100,,,100033,87,,
2019-06-28 09:53:20.000000000,99021,186,98889,122,99132,184,98765,184,99141,184,98760,184,99804,100,98674,100,99941,100,98605,100,99942,200,98318,100,99950,100,,,99951,100,,,100005,100,,,100033,87,,
2019-06-28 09:53:20.363084136,99021,86,98889,122,99132,184,98765,184,99141,184,98760,184,99804,100,98674,100,99941,100,98605,100,99942,200,98318,100,99950,100,,,99951,100,,,100005,100,,,100033,87,,
2019-06-28 09:53:30.000000000,99132,227,98889,163,99141,227,98765,227,99804,100,98760,100,99941,100,98674,100,99942,200,98605,100,99950,100,98318,100,99951,100,,,100005,100,,,100033,87,,,100063,100,,
2019-06-28 09:53:38.631586855,99132,227,98890,100,99141,227,98889,163,99804,100,98765,227,99941,100,98760,100,99942,200,98674,100,99950,100,98605,100,99951,100,98318,100,100005,100,,,100033,87,,,100063,100,,
2019-06-28 09:53:40.000000000,99132,227,98890,227,99141,227,98889,163,99804,100,98765,100,99941,100,98760,100,99942,200,98674,100,99950,100,98605,100,99951,100,98318,100,100005,100,,,100033,87,,,100063,100,,
2019-06-28 09:53:50.000000000,99132,227,98890,227,99141,227,98889,163,99804,100,98765,100,99941,100,98760,100,99942,200,98674,100,99950,100,98605,100,99951,100,98318,100,100005,100,,,100033,87,,,100063,100,,
2019-06-28 09:54:00.000000000,99132,164,98890,164,99141,164,98889,100,99804,164,98765,164,99941,164,98760,164,99942,200,98674,100,99950,100,98605,100,99951,100,98318,100,100005,100,,,100033,87,,,100063,100,,
2019-06-28 09:54:10.000000000,99132,227,98890,227,99141,227,98889,163,99804,100,98765,100,99941,100,98760,100,99942,200,98674,100,99950,100,98605,100,99951,100,98318,100,100005,100,,,100033,87,,,100063,100,,
2019-06-28 09:54:20.000000000,99132,164,98890,164,99141,164,98889,100,99804,164,98765,164,99941,164,98760,164,99942,200,98674,100,99950,100,98605,100,99951,100,98318,100,100005,100,,,100033,87,,,100063,100,,
2019-06-28 09:54:30.000000000,99132,354,98890,354,99141,100,98889,36,99804,100,98765,100,99941,100,98760,100,99942,200,98674,100,99950,100,98605,100,99951,100,98318,100,100005,100,,,100033,87,,,100063,100,,
2019-06-28 09:54:40.000000000,99132,354,98890,354,99141,100,98889,36,99804,100,98765,100,99941,100,98760,100,99942,200,98674,100,99950,100,98605,100,99951,100,98318,100,100005,100,,,100033,87,,,100063,100,,
2019-06-28 09:54:43.779264614,99132,354,98890,354,99140,100,98889,36,99141,100,98765,100,99804,100,98760,100,99941,100,98674,100,99942,200,98605,100,99950,100,98318,100,99951,100,,,100005,100,,,100033,87,,
2019-06-28 09:54:49.065165788,99020,100,98890,254,99132,354,98889,36,99140,100,98765,100,99141,100,98760,100,99804,100,98674,100,99941,100,98605,100,99942,200,98318,100,99950,100,,,99951,100,,,100005,100,,
2019-06-28 09:54:50.000000000,99020,227,98889,163,99132,227,98765,227,99140,100,98760,100,99141,100,98674,100,99804,100,98605,100,99941,100,98318,100,99942,200,,,99950,100,,,99951,100,,,100005,100,,
2019-06-28 09:55:00.000000000,99020,164,98889,100,99132,164,98765,164,99140,164,98760,164,99141,164,98674,164,99804,100,98605,100,99941,100,98318,100,99942,200,,,99950,100,,,99951,100,,,100005,100,,
2019-06-28 09:55:02.900773529,99020,64,98889,100,99132,164,98765,164,99140,164,98760,164,99141,164,98674,164,99804,100,98605,100,99941,100,98318,100,99942,200,,,99950,100,,,99951,100,,,100005,100,,
2019-06-28 09:55:10.000000000,99132,151,98889,87,99140,151,98765,151,99141,151,98760,151,99804,151,98674,151,99941,151,98605,151,99942,200,98318,100,99950,100,,,99951,100,,,100005,100,,,100033,87,,
2019-06-28 09:55:17.619698649,99132,151,98983,100,99140,151,98889,87,99141,151,98765,151,99804,151,98760,151,99941,151,98674,151,99942,200,98605,151,99950,100,98318,100,99951,100,,,100005,100,,,100033,87,,
2019-06-28 09:55:20.000000000,99132,354,98983,354,99140,100,98889,36,99141,100,98765,100,99804,100,98760,100,99941,100,98674,100,99942,200,98605,100,99950,100,98318,100,99951,100,,,100005,100,,,100033,87,,
2019-06-28 09:55:30.000000000,99132,227,98983,227,99140,227,98889,163,99141,100,98765,100,99804,100,98760,100,99941,100,98674,100,99942,200,98605,100,99950,100,98318,100,99951,100,,,100005,100,,,100033,87,,
2019-06-28 09:55:40.000000000,99132,354,98983,354,99140,100,98889,36,99141,100,98765,100,99804,100,98760,100,99941,100,98674,100,99942,200,98605,100,99950,100,98318,100,99951,100,,,100005,100,,,100033,87,,
2019-06-28 09:55:42.682533518,99132,354,98983,354,99140,100,98889,36,99141,100,98765,100,99804,100,98760,100,99941,100,98674,100,99942,100,98605,100,99950,100,98318,100,99951,100,,,100005,100,,,100033,87,,
2019-06-28 09:55:50.000000000,99132,151,98983,151,99140,151,98889,87,99141,151,98765,151,99804,151,98760,151,99941,151,98674,151,99942,100,98605,100,99950,100,98318,100,99951,100,,,100005,100,,,100033,87,,
2019-06-28 09:55:57.986456309,99132,51,98983,151,99140,151,98889,87,99141,151,98765,151,99804,151,98760,151,99941,51,98674,151,99942,100,98605,100,99950,100,98318,100,99951,100,,,100005,100,,,100033,87,,
2019-06-28 09:56:00.000000000,99140,227,98983,227,99141,227,98889,163,99804,100,98765,100,99942,100,98760,100,99950,100,98674,100,99951,100,98605,100,100005,100,98318,100,100033,87,,,100063,100,,,100067,100,,
2019-06-28 09:56:10.000000000,99140,227,98983,227,99141,227,98889,163,99804,100,98765,100,99942,100,98760,100,99950,100,98674,100,99951,100,98605,100,100005,100,98318,100,100033,87,,,100063,100,,,100067,100,,
2019-06-28 09:56:20.000000000,99140,227,98983,227,99141,227,98889,163,99804,100,98765,100,99942,100,98760,100,99950,100,98674,100,99951,100,98605,100,100005,100,98318,100,100033,87,,,100063,100,,,100067,100,,
2019-06-28 09:56:30.000000000,99140,151,98983,151,99141,151,98889,87,99804,151,98765,151,99942,151,98760,151,99950,151,98674,151,99951,100,98605,100,100005,100,98318,100,100033,87,,,100063,100,,,100067,100,,
2019-06-28 09:56:40.000000000,99140,227,98983,227,99141,227,98889,163,99804,100,98765,100,99942,100,98760,100,99950,100,98674,100,99951,100,98605,100,100005,100,98318,100,100033,87,,,100063,100,,,100067,100,,
2019-06-28 09:56:42.230062535,99140,227,98983,227,99141,227,98889,163,99804,100,98765,100,99942,100,98760,100,99950,100,98674,100,99951,100,98605,100,99966,100,98318,100,100005,100,,,100033,87,,,100063,100,,
2019-06-28 09:56:50.000000000,99140,151,98983,151,99141,151,98889,87,99804,151,98765,151,99942,151,98760,151,99950,151,98674,151,99951,100,98605,100,99966,100,98318,100,100005,100,,,100033,87,,,100063,100,,
2019-06-28 09:56:59.545694840,99140,151,99020,100,99141,151,98983,151,99804,151,98889,87,99942,151,98765,151,99950,151,98760,151,99951,100,98674,151,99966,100,98605,100,100005,100,98318,100,100033,87,,,100063,100,,
2019-06-28 09:57:00.000000000,99140,227,99020,227,99141,227,98983,227,99804,100,98889,36,99942,100,98765,100,99950,100,98760,100,99951,100,98674,100,99966,100,98605,100,100005,100,98318,100,100033,87,,,100063,100,,
2019-06-28 09:57:10.000000000,99140,186,99020,186,99141,184,98983,184,99804,184,98889,120,99942,100,98765,100,99950,100,98760,100,99951,100,98674,100,99966,100,98605,100,100005,100,98318,100,100033,87,,,100063,100,,
2019-06-28 09:57:20.000000000,99140,354,99020,354,99141,100,98983,100,99804,100,98889,36,99942,100,98765,100,99950,100,98760,100,99951,100,98674,100,99966,100,98605,100,100005,100,98318,100,100033,87,,,100063,100,,
2019-06-28 09:57:30.000000000,99140,354,99020,354,99141,100,98983,100,99804,100,98889,36,99942,100,98765,100,99950,100,98760,100,99951,100,98674,100,99966,100,98605,100,100005,100,98318,100,100033,87,,,100063,100,,
2019-06-28 09:57:40.000000000,99140,354,99020,354,99141,100,98983,100,99804,100,98889,36,99942,100,98765,100,99950,100,98760,100,99951,100,98674,100,99966,100,98605,100,100005,100,98318,100,100033,87,,,100063,100,,
2019-06-28 09:57:50.000000000,99140,186,99020,186,99141,184,98983,184,99804,184,98889,120,99942,100,98765,100,99950,100,98760,100,99951,100,98674,100,99966,100,98605,100,100005,100,98318,100,100033,87,,,100063,100,,
2019-06-28 09:58:00.000000000,99140,354,99020,354,99141,100,98983,100,99804,100,98889,36,99942,100,98765,100,99950,100,98760,100,99951,100,98674,100,99966,100,98605,100,100005,100,98318,100,100033,87,,,100063,100,,
2019-06-28 09:58:10.000000000,99140,151,99020,151,99141,151,98983,151,99804,151,98889,87,99942,151,98765,151,99950,151,98760,151,99951,100,98674,100,99966,100,98605,100,100005,100,98318,100,100033,87,,,100063,100,,
2019-06-28 09:58:13.996587766,99140,151,99020,251,99141,151,98983,151,99804,151,98889,87,99942,151,98765,151,99950,151,98760,151,99951,100,98674,100,99966,100,98605,100,100005,100,98318,100,100033,87,,,100063,100,,
2019-06-28 09:58:20.000000000,99140,151,99020,251,99141,151,98983,151,99804,151,98889,87,99942,151,98765,151,99950,151,98760,151,99951,100,98674,100,99966,100,98605,100,100005,100,98318,100,100033,87,,,100063,100,,
2019-06-28 09:58:30.000000000,99140,354,99020,454,99141,100,98983,100,99804,100,98889,36,99942,100,98765,100,99950,100,98760,100,99951,100,98674,100,99966,100,98605,100,100005,100,98318,100,100033,87,,,100063,100,,
2019-06-28 09:58:40.000000000,99140,164,99020,264,99141,164,98983,164,99804,164,98889,100,99942,164,98765,164,99950,100,98760,100,99951,100,98674,100,99966,100,98605,100,100005,100,98318,100,100033,87,,,100063,100,,
2019-06-28 09:58:46.104525866,99140,64,99020,264,99141,164,98983,164,99804,164,98889,100,99942,164,98765,164,99950,100,98760,100,99951,100,98674,100,99966,100,98605,100,100005,100,98318,100,100033,87,,,100063,100,,
2019-06-28 09:58:50.000000000,99141,164,99020,264,99804,164,98983,164,99942,164,98889,100,99950,164,98765,164,99951,100,98760,100,99966,100,98674,100,100005,100,98605,100,100033,87,98318,100,100063,100,,,100067,100,,
2019-06-28 09:59:00.000000000,99141,227,99020,327,99804,227,98983,227,99942,100,98889,36,99950,100,98765,100,99951,100,98760,100,99966,100,98674,100,100005,100,98605,100,100033,87,98318,100,100063,100,,,100067,100,,
2019-06-28 09:59:10.000000000,99141,186,99020,286,99804,184,98983,184,99942,184,98889,120,99950,100,98765,100,99951,100,98760,100,99966,100,98674,100,100005,100,98605,100,100033,87,98318,100,100063,100,,,100067,100,,
2019-06-28 09:59:11.469962733,99141,86,99020,286,99804,184,98983,184,99942,184,98889,120,99950,100,98765,100,99951,100,98760,100,99966,100,98674,100,100005,100,98605,100,100033,87,98318,100,100063,100,,,100067,100,,
2019-06-28 09:59:20.000000000,99804,227,99020,327,99942,227,98983,227,99950,100,98889,36,99951,100,98765,100,99966,100,98760,100,100005,100,98674,100,100033,87,98605,100,100063,100,98318,100,100067,100,,,100082,100,,
2019-06-28 09:59:30.000000000,99804,186,99020,286,99942,184,98983,184,99950,184,98889,120,99951,100,98765,100,99966,100,98760,100,100005,100,98674,100,100033,87,98605,100,100063,100,98318,100,100067,100,,,100082,100,,
2019-06-28 09:59:40.000000000,99804,164,99020,264,99942,164,98983,164,99950,164,98889,100,99951,164,98765,164,99966,100,98760,100,100005,100,98674,100,100033,87,98605,100,100063,100,98318,100,100067,100,,,100082,100,,
2019-06-28 09:59:40.018715897,99804,64,99020,264,99942,164,98983,164,99950,164,98889,100,99951,164,98765,164,99966,100,98760,100,100005,100,98674,100,100033,87,98605,100,100063,100,98318,100,100067,100,,,100082,100,,
2019-06-28 09:59:46.974827101,99942,164,99804,36,99950,164,99020,264,99951,164,98983,164,99966,100,98889,100,100005,100,98765,164,100033,87,98760,100,100063,100,98674,100,100067,100,98605,100,100082,100,98318,100,100104,100,,
2019-06-28 09:59:50.000000000,99942,186,99804,122,99950,184,99020,284,99951,184,98983,184,99966,100,98889,36,100005,100,98765,100,100033,87,98760,100,100063,100,98674,100,100067,100,98605,100,100082,100,98318,100,100104,100,,
2019-06-28 10:00:00.000000000,99942,186,99804,122,99950,184,99020,284,99951,184,98983,184,99966,100,98889,36,100005,100,98765,100,100033,87,98760,100,100063,100,98674,100,100067,100,98605,100,100082,100,98318,100,100104,100,,
2019-06-28 10:00:10.000000000,99942,227,99804,163,99950,227,99020,327,99951,100,98983,100,99966,100,98889,36,100005,100,98765,100,100033,87,98760,100,100063,100,98674,100,100067,100,98605,100,100082,100,98318,100,100104,100,,
2019-06-28 10:00:20.000000000,99942,354,99804,290,99950,100,99020,200,99951,100,98983,100,99966,100,98889,36,100005,100,98765,100,100033,87,98760,100,100063,100,98674,100,100067,100,98605,100,100082,100,98318,100,100104,100,,
2019-06-28 10:00:30.000000000,99942,164,99804,100,99950,164,99020,264,99951,164,98983,164,99966,164,98889,100,100005,100,98765,100,100033,87,98760,100,100063,100,98674,100,100067,100,98605,100,100082,100,98318,100,100104,100,,
2019-06-28 10:00:30.703930419,99942,164,99872,100,99950,164,99804,100,99951,164,99020,264,99966,164,98983,164,100005,100,98889,100,100033,87,98760,100,100063,100,98674,100,100067,100,98605,100,100082,100,98318,100,100104,100,,
2019-06-28 10:00:36.966323384,99942,164,99872,100,99950,164,99804,100,99951,164,99721,100,99966,164,99020,264,100005,100,98983,164,100033,87,98889,100,100063,100,98760,100,100067,100,98674,100,100082,100,98605,100,100104,100,98318,100
2019-06-28 10:00:37.209894812,99942,64,99872,100,99950,164,99804,100,99951,164,99721,100,99966,164,99020,264,100005,100,98983,164,100033,87,98889,100,100063,100,98760,100,100067,100,98674,100,100082,100,98605,100,100104,100,98318,100
2019-06-28 10:00:40.000000000,99950,354,99872,354,99951,100,99804,36,99966,100,99721,100,100005,100,99020,200,100033,87,98983,100,100063,100,98889,36,100067,100,98760,100,100082,100,98674,100,100104,100,98605,100,100113,100,98318,100
2019-06-28 10:00:46.702256315,99950,254,99872,354,99951,100,99804,36,99966,100,99742,100,100005,100,99721,100,100033,87,99020,200,100063,100,98983,100,100067,100,98889,36,100082,100,98760,100,100104,100,98674,100,100113,100,98605,100
2019-06-28 10:00:50.000000000,99951,151,99872,151,99966,151,99804,87,100005,151,99742,151,100033,138,99721,151,100063,151,99020,251,100067,100,98983,100,100082,100,98889,36,100104,100,98760,100,100113,100,98674,100,100117,100,98605,100
2019-06-28 10:00:53.814899750,99951,151,99872,51,99966,151,99804,87,100005,151,99742,151,100033,138,99721,151,100063,151,99020,251,100067,100,98983,100,100082,100,98889,36,100104,100,98760,100,100113,100,98674,100,100117,100,98605,100
2019-06-28 10:01:00.000000000,99951,164,99804,100,99966,164,99742,164,100005,164,99721,164,100033,151,99020,264,100063,100,98983,100,100067,100,98889,36,100082,100,98760,100,100104,100,98674,100,100113,100,98605,100,100117,100,98318,100
2019-06-28 10:01:08.201569900,99902,100,99804,100,99951,164,99742,164,99966,164,99721,164,100005,164,99020,264,100033,151,98983,100,100063,100,98889,36,100067,100,98760,100,100082,100,98674,100,100104,100,98605,100,100113,100,98318,100
2019-06-28 10:01:10.000000000,99902,164,99804,100,99951,164,99742,164,99966,164,99721,164,100005,164,99020,264,100033,87,98983,100,100063,100,98889,36,100067,100,98760,100,100082,100,98674,100,100104,100,98605,100,100113,100,98318,100
2019-06-28 10:01:20.000000000,99902,186,99804,122,99951,184,99742,184,99966,184,99721,184,100005,100,99020,200,100033,87,98983,100,100063,100,98889,36,100067,100,98760,100,100082,100,98674,100,100104,100,98605,100,100113,100,98318,100
2019-06-28 10:01:30.000000000,99902,151,99804,87,99951,151,99742,151,99966,151,99721,151,100005,151,99020,251,100033,138,98983,151,100063,100,98889,36,100067,100,98760,100,100082,100,98674,100,100104,100,98605,100,100113,100,98318,100
2019-06-28 10:01:31.790873509,99902,151,99873,100,99951,151,99804,87,99966,151,99742,151,100005,151,99721,151,100033,138,99020,251,100063,100,98983,151,100067,100,98889,36,100082,100,98760,100,100104,100,98674,100,100113,100,98605,100
2019-06-28 10:01:40.000000000,99902,227,99873,227,99951,227,99804,163,99966,100,99742,100,100005,100,99721,100,100033,87,99020,200,100063,100,98983,100,100067,100,98889,36,100082,100,98760,100,100104,100,98674,100,100113,100,98605,100
2019-06-28 10:01:50.000000000,99902,164,99873,164,99951,164,99804,100,99966,164,99742,164,100005,164,99721,164,100033,87,99020,200,100063,100,98983,100,100067,100,98889,36,100082,100,98760,100,100104,100,98674,100,100113,100,98605,100
2019-06-28 10:02:00.000000000,99902,227,99873,227,99951,227,99804,163,99966,100,99742,100,100005,100,99721,100,100033,87,99020,200,100063,100,98983,100,100067,100,98889,36,100082,100,98760,100,100104,100,98674,100,100113,100,98605,100
2019-06-28 10:02:04.909847969,99902,227,99873,227,99941,100,99804,163,99951,227,99742,100,99966,100,99721,100,100005,100,99020,200,100033,87,98983,100,100063,100,98760,100,100067,100,98674,100,100082,100,98605,100,100104,100,98318,100
2019-06-28 10:02:10.000000000,99902,151,99873,151,99941,151,99804,87,99951,151,99742,151,99966,151,99721,151,100005,151,99020,251,100033,87,98983,100,100063,100,98760,100,100067,100,98674,100,100082,100,98605,100,100104,100,98318,100
2019-06-28 10:02:10.403253756,99902,151,99873,151,99941,151,99804,87,99951,151,99742,151,99966,151,99721,151,100005,151,99363,100,100033,87,99020,251,100063,100,98983,100,100067,100,98760,100,100082,100,98674,100,100104,100,98605,100
2019-06-28 10:02:20.000000000,99902,227,99873,227,99941,227,99804,163,99951,100,99742,100,99966,100,99721,100,100005,100,99363,100,100033,87,99020,200,100063,100,98983,100,100067,100,98760,100,100082,100,98674,100,100104,100,98605,100
2019-06-28 10:02:24.707224221,99902,227,99873,127,99941,227,99804,127,99951,100,99742,100,99966,100,99721,100,100005,100,99363,100,100033,87,99020,200,100063,100,98983,100,100067,100,98760,100,100082,100,98674,100,100104,100,98605,100
2019-06-28 10:02:30.000000000,99902,227,99742,227,99941,227,99721,227,99951,100,99363,100,99966,100,99020,200,100005,100,98983,100,100033,87,98760,100,100063,100,98674,100,100067,100,98605,100,100082,100,98318,100,100104,100,,
2019-06-28 10:02:35.995578359,99902,227,99742,227,99941,227,99721,227,99951,100,99710,100,99966,100,99363,100,100005,100,99020,200,100033,87,98983,100,100063,100,98760,100,100067,100,98674,100,100082,100,98605,100,100104,100,98318,100
2019-06-28 10:02:40.000000000,99902,164,99742,164,99941,164,99721,164,99951,164,99710,164,99966,164,99363,164,100005,100,99020,200,100033,87,98983,100,100063,100,98760,100,100067,100,98674,100,100082,100,98605,100,100104,100,98318,100
2019-06-28 10:02:50.000000000,99902,164,99742,164,99941,164,99721,164,99951,164,99710,164,99966,164,99363,164,100005,100,99020,200,100033,87,98983,100,100063,100,98760,100,100067,100,98674,100,100082,100,98605,100,100104,100,98318,100
2019-06-28 10:03:00.000000000,99902,164,99742,164,99941,164,99721,164,99951,164,99710,164,99966,164,99363,164,100005,100,99020,200,100033,87,98983,100,100063,100,98760,100,100067,100,98674,100,100082,100,98605,100,100104,100,98318,100
2019-06-28 10:03:10.000000000,99902,151,99742,151,99941,151,99721,151,99951,151,99710,151,99966,151,99363,151,100005,151,99020,251,100033,87,98983,100,100063,100,98760,100,100067,100,98674,100,100082,100,98605,100,100104,100,98318,100
2019-06-28 10:03:10.975733318,99873,100,99742,151,99902,151,99721,151,99941,151,99710,151,99951,51,99363,151,99966,151,99020,251,100005,151,98983,100,100033,87,98760,100,100063,100,98674,100,100067,100,98605,100,100082,100,98318,100
2019-06-28 10:03:20.000000000,99873,151,99742,151,99902,151,99721,151,99941,151,99710,151,99966,151,99363,151,100005,151,99020,251,100033,87,98983,100,100063,100,98760,100,100067,100,98674,100,100082,100,98605,100,100104,100,98318,100
2019-06-28 10:03:30.000000000,99873,151,99742,151,99902,151,99721,151,99941,151,99710,151,99966,151,99363,151,100005,151,99020,251,100033,87,98983,100,100063,100,98760,100,100067,100,98674,100,100082,100,98605,100,100104,100,98318,100
2019-06-28 10:03:40.000000000,99873,164,99742,164,99902,164,99721,164,99941,164,99710,164,99966,164,99363,164,100005,100,99020,200,100033,87,98983,100,100063,100,98760,100,100067,100,98674,100,100082,100,98605,100,100104,100,98318,100
2019-06-28 10:03:50.000000000,99873,151,99742,151,99902,151,99721,151,99941,151,99710,151,99966,151,99363,151,100005,151,99020,251,100033,87,98983,100,100063,100,98760,100,100067,100,98674,100,100082,100,98605,100,100104,100,98318,100
2019-06-28 10:03:58.228073843,99873,151,99742,151,99902,151,99721,151,99941,151,99710,151,99966,151,99363,151,100005,151,99348,100,100033,87,99020,251,100063,100,98983,100,100067,100,98760,100,100082,100,98674,100,100104,100,98605,100
2019-06-28 10:04:00.000000000,99873,151,99742,151,99902,151,99721,151,99941,151,99710,151,99966,151,99363,151,100005,151,99348,151,100033,87,99020,200,100063,100,98983,100,100067,100,98760,100,100082,100,98674,100,100104,100,98605,100
2019-06-28 10:04:02.970288084,99873,151,99742,51,99902,151,99721,151,99941,151,99710,151,99966,151,99363,151,100005,151,99348,151,100033,87,99020,200,100063,100,98983,100,100067,100,98760,100,100082,100,98674,100,100104,100,98605,100
2019-06-28 10:04:10.000000000,99873,186,99721,186,99902,184,99710,184,99941,184,99363,184,99966,100,99348,100,100005,100,99020,200,100033,87,98983,100,100063,100,98760,100,100067,100,98674,100,100082,100,98605,100,100104,100,98318,100
2019-06-28 10:04:15.474481482,99873,186,99721,86,99902,184,99710,184,99941,184,99363,184,99966,100,99348,100,100005,100,99020,200,100033,87,98983,100,100063,100,98760,100,100067,100,98674,100,100082,100,98605,100,100104,100,98318,100
2019-06-28 10:04:17.941172849,99873,186,99721,86,99902,184,99710,184,99941,184,99363,184,99966,100,99348,100,100005,100,99211,100,100033,87,99020,200,100063,100,98983,100,100067,100,98760,100,100082,100,98674,100,100104,100,98605,100
2019-06-28 10:04:18.315643861,99721,14,99710,184,99873,186,99363,184,99902,184,99348,100,99941,184,99211,100,99966,100,99020,200,100005,100,98983,100,100033,87,98760,100,100063,100,98674,100,100067,100,98605,100,100082,100,98318,100
2019-06-28 10:04:20.000000000,99721,78,99710,164,99873,164,99363,164,99902,164,99348,164,99941,164,99211,164,99966,100,99020,200,100005,100,98983,100,100033,87,98760,100,100063,100,98674,100,100067,100,98605,100,100082,100,98318,100
2019-06-28 10:04:25.998700065,99721,78,99710,164,99873,164,99381,100,99902,164,99363,164,99941,164,99348,164,99966,100,99211,164,100005,100,99020,200,100033,87,98983,100,100063,100,98760,100,100067,100,98674,100,100082,100,98605,100
2019-06-28 10:04:30.000000000,99721,78,99710,164,99873,164,99381,164,99902,164,99363,164,99941,164,99348,164,99966,100,99211,100,100005,100,99020,200,100033,87,98983,100,100063,100,98760,100,100067,100,98674,100,100082,100,98605,100
2019-06-28 10:04:34.791244925,99721,78,99710,164,99873,164,99430,100,99902,164,99381,164,99941,164,99363,164,99966,100,99348,164,100005,100,99211,100,100033,87,99020,200,100063,100,98983,100,100067,100,98760,100,100082,100,98674,100
2019-06-28 10:04:40.000000000,99721,65,99710,151,99873,151,99430,151,99902,151,99381,151,99941,151,99363,151,99966,151,99348,151,100005,100,99211,100,100033,87,99020,200,100063,100,98983,100,100067,100,98760,100,100082,100,98674,100
2019-06-28 10:04:46.320680210,99721,65,99710,51,99873,151,99430,151,99902,151,99381,151,99941,151,99363,151,99966,151,99348,151,100005,100,99211,100,100033,87,99020,200,100063,100,98983,100,100067,100,98760,100,100082,100,98605,100
2019-06-28 10:04:50.000000000,99721,100,99430,186,99873,184,99381,184,99902,184,99363,184,99941,100,99348,100,99966,100,99211,100,100005,100,99020,200,100033,87,98983,100,100063,100,98760,100,100067,100,98605,100,100082,100,98318,100
2019-06-28 10:05:00.000000000,99721,268,99430,354,99873,100,99381,100,99902,100,99363,100,99941,100,99348,100,99966,100,99211,100,100005,100,99020,200,100033,87,98983,100,100063,100,98760,100,100067,100,98605,100,100082,100,98318,100
2019-06-28 10:05:10.000000000,99721,100,99430,186,99873,184,99381,184,99902,184,99363,184,99941,100,99348,100,99966,100,99211,100,100005,100,99020,200,100033,87,98983,100,100063,100,98760,100,100067,100,98605,100,100082,100,98318,100
2019-06-28 10:05:20.000000000,99721,141,99430,227,99873,227,99381,227,99902,100,99363,100,99941,100,99348,100,99966,100,99211,100,100005,100,99020,200,100033,87,98983,100,100063,100,98760,100,100067,100,98605,100,100082,100,98318,100
2019-06-28 10:05:26.513140329,99698,100,99430,227,99721,141,99381,227,99873,227,99363,100,99902,100,99348,100,99941,100,99211,100,99966,100,99020,200,100005,100,98983,100,100033,87,98760,100,100063,100,98605,100,100067,100,98318,100
2019-06-28 10:05:30.000000000,99698,151,99430,151,99721,65,99381,151,99873,151,99363,151,99902,151,99348,151,99941,151,99211,151,99966,100,99020,200,100005,100,98983,100,100033,87,98760,100,100063,100,98605,100,100067,100,98318,100
2019-06-28 10:05:31.615202622,99698,51,99430,151,99721,65,99381,151,99873,151,99363,151,99902,151,99348,151,99941,151,99211,151,99966,100,99020,200,100005,100,98983,100,100033,87,98760,100,100063,100,98605,100,100067,100,98318,100
2019-06-28 10:05:40.000000000,99721,100,99430,186,99873,184,99381,184,99902,184,99363,184,99941,100,99348,100,99966,100,99211,100,100005,100,99020,200,100033,87,98983,100,100063,100,98760,100,100067,100,98605,100,100082,100,98318,100
2019-06-28 10:05:45.314302997,99721,100,99430,186,99810,100,99381,184,99873,184,99363,184,99902,184,99348,100,99941,100,99211,100,99966,100,99020,200,100005,100,98983,100,100033,87,98605,100,100063,100,98318,100,100067,100,,
2019-06-28 10:05:50.000000000,99721,78,99430,164,99810,164,99381,164,99873,164,99363,164,99902,164,99348,164,99941,100,99211,100,99966,100,99020,200,100005,100,98983,100,100033,87,98605,100,100063,100,98318,100,100067,100,,
2019-06-28 10:05:50.609935136,99710,100,99430,164,99721,78,99381,164,99810,164,99363,164,99873,164,99348,164,99902,164,99211,100,99941,100,99020,200,99966,100,98983,100,100005,100,98605,100,100033,87,98318,100,100063,100,,
2019-06-28 10:06:00.000000000,99710,227,99430,227,99721,141,99381,227,99810,100,99363,100,99873,100,99348,100,99902,100,99211,100,99941,100,99020,200,99966,100,98983,100,100005,100,98605,100,100033,87,98318,100,100063,100,,
2019-06-28 10:06:10.000000000,99710,186,99430,186,99721,98,99381,184,99810,184,99363,184,99873,100,99348,100,99902,100,99211,100,99941,100,99020,200,99966,100,98983,100,100005,100,98605,100,100033,87,98318,100,100063,100,,
2019-06-28 10:06:20.000000000,99710,151,99430,151,99721,65,99381,151,99810,151,99363,151,99873,151,99348,151,99902,151,99211,151,99941,100,99020,200,99966,100,98983,100,100005,100,98605,100,100033,87,98318,100,100063,100,,
2019-06-28 10:06:22.027604456,99710,51,99430,151,99721,65,99381,151,99810,151,99363,151,99873,151,99348,151,99902,151,99211,151,99941,100,99020,200,99966,100,98983,100,100005,100,98605,100,100033,87,98318,100,100063,100,,
2019-06-28 10:06:30.000000000,99721,141,99430,227,99810,227,99381,227,99873,100,99363,100,99902,100,99348,100,99941,100,99211,100,99966,100,99020,200,100005,100,98983,100,100033,87,98605,100,100063,100,98318,100,100067,100,,
2019-06-28 10:06:34.086006423,99721,141,99430,227,99810,227,99381,227,99873,100,99363,100,99902,100,99348,100,99926,100,99211,100,99941,100,99020,200,99966,100,98983,100,100005,100,98605,100,100033,87,98318,100,100063,100,,
2019-06-28 10:06:37.918384358,99721,141,99698,100,99810,227,99430,227,99873,100,99381,227,99902,100,99363,100,99926,100,99348,100,99941,100,99211,100,99966,100,99020,200,100005,100,98983,100,100033,87,98605,100,100063,100,98318,100
2019-06-28 10:06:40.000000000,99721,78,99698,164,99810,164,99430,164,99873,164,99381,164,99902,164,99363,164,99926,100,99348,100,99941,100,99211,100,99966,100,99020,200,100005,100,98983,100,100033,87,98605,100,100063,100,98318,100
2019-06-28 10:06:40.228719816,99721,78,99698,264,99810,164,99430,164,99873,164,99381,164,99902,164,99363,164,99926,100,99348,100,99941,100,99211,100,99966,100,99020,200,100005,100,98983,100,100033,87,98605,100,100063,100,98318,100
2019-06-28 10:06:50.000000000,99721,65,99698,251,99810,151,99430,151,99873,151,99381,151,99902,151,99363,151,99926,151,99348,151,99941,100,99211,100,99966,100,99020,200,100005,100,98983,100,100033,87,98605,100,100063,100,98318,100
2019-06-28 10:06:52.132144789,99810,151,99721,35,99873,151,99698,251,99902,151,99430,151,99926,151,99381,151,99941,100,99363,151,99966,100,99348,151,100005,100,99211,100,100063,100,99020,200,100067,100,98983,100,100082,100,98605,100
2019-06-28 10:06:55.685072937,99810,151,99721,35,99873,151,99698,251,99902,151,99430,151,99926,151,99381,151,99941,100,99363,151,99966,100,99348,151,100005,100,99211,100,100063,100,99020,100,100067,100,98983,100,100082,100,98605,100
2019-06-28 10:07:00.000000000,99810,186,99721,121,99873,184,99698,284,99902,184,99430,184,99926,100,99381,100,99941,100,99363,100,99966,100,99348,100,100005,100,99211,100,100063,100,99020,100,100067,100,98983,100,100082,100,98605,100
2019-06-28 10:07:02.389695481,99810,186,99721,121,99873,184,99698,284,99902,184,99430,184,99941,100,99381,100,99966,100,99363,100,100005,100,99348,100,100063,100,99211,100,100067,100,99020,100,100082,100,98983,100,100104,100,98605,100
2019-06-28 10:07:10.000000000,99810,227,99721,162,99873,227,99698,327,99902,100,99430,100,99941,100,99381,100,99966,100,99363,100,100005,100,99348,100,100063,100,99211,100,100067,100,99020,100,100082,100,98983,100,100104,100,98605,100
2019-06-28 10:07:20.000000000,99810,151,99721,86,99873,151,99698,251,99902,151,99430,151,99941,151,99381,151,99966,151,99363,151,100005,100,99348,100,100063,100,99211,100,100067,100,99020,100,100082,100,98983,100,100104,100,98605,100
2019-06-28 10:07:30.000000000,99810,164,99721,99,99873,164,99698,264,99902,164,99430,164,99941,164,99381,164,99966,100,99363,100,100005,100,99348,100,100063,100,99211,100,100067,100,99020,100,100082,100,98983,100,100104,100,98605,100
2019-06-28 10:07:40.000000000,99810,354,99721,289,99873,100,99698,200,99902,100,99430,100,99941,100,99381,100,99966,100,99363,100,100005,100,99348,100,100063,100,99211,100,100067,100,99020,100,100082,100,98983,100,100104,100,98605,100
2019-06-28 10:07:50.000000000,99810,186,99721,121,99873,184,99698,284,99902,184,99430,184,99941,100,99381,100,99966,100,99363,100,100005,100,99348,100,100063,100,99211,100,100067,100,99020,100,100082,100,98983,100,100104,100,98605,100
2019-06-28 10:07:53.358690035,99810,86,99721,121,99873,184,99698,284,99902,184,99430,184,99941,100,99381,100,99966,100,99363,100,100005,100,99348,100,100063,100,99211,100,100067,100,99020,100,100082,100,98983,100,100104,100,98605,100
2019-06-28 10:08:00.000000000,99873,354,99721,289,99902,100,99698,200,99941,100,99430,100,99966,100,99381,100,100005,100,99363,100,100063,100,99348,100,100067,100,99211,100,100082,100,99020,100,100104,100,98983,100,100113,100,98605,100
2019-06-28 10:08:10.000000000,99873,186,99721,121,99902,184,99698,284,99941,184,99430,184,99966,100,99381,100,100005,100,99363,100,100063,100,99348,100,100067,100,99211,100,100082,100,99020,100,100104,100,98983,100,100113,100,98605,100
2019-06-28 10:08:20.000000000,99873,151,99721,86,99902,151,99698,251,99941,151,99430,151,99966,151,99381,151,100005,151,99363,151,100063,100,99348,100,100067,100,99211,100,100082,100,99020,100,100104,100,98983,100,100113,100,98605,100
2019-06-28 10:08:24.534999660,99873,51,99721,86,99902,151,99698,251,99941,151,99430,151,99966,151,99381,151,100005,151,99363,151,100063,100,99211,100,100067,100,99020,100,100082,100,98983,100,100104,100,98605,100,100113,100,98318,100
2019-06-28 10:08:30.000000000,99902,164,99721,99,99941,164,99698,264,99966,164,99430,164,100005,164,99381,164,100063,100,99363,100,100067,100,99211,100,100082,100,99020,100,100104,100,98983,100,100113,100,98605,100,100117,100,98318,100
2019-06-28 10:08:40.000000000,99902,227,99721,162,99941,227,99698,327,99966,100,99430,100,100005,100,99381,100,100063,100,99363,100,100067,100,99211,100,100082,100,99020,100,100104,100,98983,100,100113,100,98605,100,100117,100,98318,100
2019-06-28 10:08:49.417196989,99902,127,99721,162,99941,227,99698,327,99966,100,99430,100,100005,100,99381,100,100063,100,99363,100,100067,100,99211,100,100082,100,99020,100,100104,100,98983,100,100113,100,98605,100,100117,100,98318,100
2019-06-28 10:08:50.000000000,99941,354,99721,289,99966,100,99698,200,100005,100,99430,100,100063,100,99381,100,100067,100,99363,100,100082,100,99211,100,100104,100,99020,100,100113,100,98983,100,100117,100,98605,100,100207,100,98318,100
2019-06-28 10:08:52.372995420,99941,354,99873,100,99966,100,99721,289,100005,100,99698,200,100063,100,99430,100,100067,100,99381,100,100082,100,99363,100,100104,100,99211,100,100113,100,99020,100,100117,100,98983,100,100207,100,98605,100
2019-06-28 10:09:00.000000000,99941,186,99873,186,99966,184,99721,119,100005,184,99698,284,100063,100,99430,100,100067,100,99381,100,100082,100,99363,100,100104,100,99211,100,100113,100,99020,100,100117,100,98983,100,100207,100,98605,100
2019-06-28 10:09:03.867285148,99941,86,99873,186,99966,84,99721,119,100005,184,99698,284,100063,100,99430,100,100067,100,99381,100,100082,100,99363,100,100104,100,99211,100,100113,100,99020,100,100117,100,98983,100,100207,100,98605,100
2019-06-28 10:09:10.000000000,100005,151,99873,151,100063,151,99721,86,100067,151,99698,251,100082,151,99430,151,100104,151,99381,151,100113,100,99363,100,100117,100,99211,100,100207,100,99020,100,,,98983,100,,,98605,100
2019-06-28 10:09:16.075023148,100005,151,99873,151,100063,151,99721,86,100067,151,99698,251,100082,151,99430,151,100104,151,99381,151,100113,100,99363,100,100117,100,99211,100,100207,100,99020,100,100964,100,98983,100,,,98605,100
2019-06-28 10:09:20.000000000,100005,186,99873,186,100063,184,99721,119,100067,184,99698,284,100082,100,99430,100,100104,100,99381,100,100113,100,99363,100,100117,100,99211,100,100207,100,99020,100,100964,100,98983,100,,,98605,100
2019-06-28 10:09:30.000000000,100005,151,99873,151,100063,151,99721,86,100067,151,99698,251,100082,151,99430,151,100104,151,99381,151,100113,100,99363,100,100117,100,99211,100,100207,100,99020,100,100964,100,98983,100,,,98605,100
2019-06-28 10:09:36.331792807,100005,51,99873,151,100063,151,99721,86,100067,151,99698,251,100082,151,99430,151,100104,151,99381,151,100113,100,99363,100,100117,100,99211,100,100207,100,99020,100,100964,100,98983,100,,,98318,100
2019-06-28 10:09:40.000000000,100063,151,99873,151,100067,151,99721,86,100082,151,99698,251,100104,151,99430,151,100113,151,99381,151,100117,100,99363,100,100207,100,99211,100,100964,100,99020,100,,,98983,100,,,98318,100
2019-06-28 10:09:50.000000000,100063,164,99873,164,100067,164,99721,99,100082,164,99698,264,100104,164,99430,164,100113,100,99381,100,100117,100,99363,100,100207,100,99211,100,100964,100,99020,100,,,98983,100,,,98318,100
2019-06-28 10:09:52.937639748,100063,164,99873,164,100067,164,99721,99,100082,164,99698,264,100104,164,99430,164,100113,100,99381,100,100117,100,99363,100,100207,100,99211,100,100964,100,99020,100,101223,100,98983,100,,,98318,100
2019-06-28 10:09:54.785020428,100063,64,99873,164,100067,164,99721,99,100082,164,99698,264,100104,164,99430,164,100117,100,99381,100,100207,100,99363,100,100964,100,99211,100,101223,100,99020,100,,,98983,100,,,98318,100
2019-06-28 10:09:56.603474722,100063,64,100005,100,100067,164,99873,164,100082,164,99721,99,100104,164,99698,264,100117,100,99430,164,100207,100,99381,100,100964,100,99363,100,101223,100,99211,100,,,99020,100,,,98983,100
2019-06-28 10:10:00.000000000,100067,354,100005,354,100082,100,99873,100,100104,100,99721,35,100117,100,99698,200,100207,100,99430,100,100964,100,99381,100,101223,100,99363,100,,,99211,100,,,99020,100,,,98983,100
2019-06-28 10:10:10.000000000,100067,151,100005,151,100082,151,99873,151,100104,151,99721,86,100117,151,99698,251,100207,151,99430,151,100964,100,99381,100,101223,100,99363,100,,,99211,100,,,99020,100,,,98983,100
2019-06-28 10:10:10.471883476,100067,51,100005,151,100082,151,99873,151,100104,151,99721,86,100117,151,99698,251,100207,151,99430,151,100964,100,99381,100,101223,100,99363,100,,,99211,100,,,99020,100,,,98983,100
2019-06-28 10:10:20.000000000,100082,227,100005,227,100104,227,99873,227,100117,100,99721,35,100207,100,99698,200,100964,100,99430,100,101223,100,99381,100,,,99363,100,,,99211,100,,,99020,100,,,98983,100
2019-06-28 10:10:23.533500946,100082,227,100063,100,100104,227,100005,227,100117,100,99873,227,100207,100,99721,35,100964,100,99698,200,101223,100,99430,100,,,99381,100,,,99363,100,,,99211,100,,,99020,100
2019-06-28 10:10:30.000000000,100082,227,100063,227,100104,227,100005,227,100117,100,99873,100,100207,100,99721,35,100964,100,99698,200,101223,100,99430,100,,,99381,100,,,99363,100,,,99211,100,,,99020,100
2019-06-28 10:10:40.000000000,100082,164,100063,164,100104,164,100005,164,100117,164,99873,164,100207,164,99721,99,100964,100,99698,200,101223,100,99430,100,,,99381,100,,,99363,100,,,99211,100,,,99020,100
2019-06-28 10:10:50.000000000,100082,151,100063,151,100104,151,100005,151,100117,151,99873,151,100207,151,99721,86,100964,151,99698,251,101223,100,99430,100,,,99381,100,,,99363,100,,,99211,100,,,99020,100
2019-06-28 10:11:00.000000000,100082,186,100063,186,100104,184,100005,184,100117,184,99873,184,100207,100,99721,35,100964,100,99698,200,101223,100,99430,100,,,99381,100,,,99363,100,,,99211,100,,,99020,100
2019-06-28 10:11:00.954141613,100082,186,100063,186,100104,184,100005,184,100117,184,99873,184,100207,100,99721,35,100731,100,99698,200,100964,100,99430,100,101223,100,99363,100,,,99211,100,,,99020,100,,,98983,100
2019-06-28 10:11:10.000000000,100082,164,100063,164,100104,164,100005,164,100117,164,99873,164,100207,164,99721,99,100731,100,99698,200,100964,100,99430,100,101223,100,99363,100,,,99211,100,,,99020,100,,,98983,100
2019-06-28 10:11:19.922565134,100082,164,100063,264,100104,164,100005,164,100117,164,99873,164,100207,164,99721,99,100731,100,99698,200,100964,100,99430,100,101223,100,99363,100,,,99211,100,,,99020,100,,,98983,100
2019-06-28 10:11:20.000000000,100082,186,100063,286,100104,184,100005,184,100117,184,99873,184,100207,100,99721,35,100731,100,99698,200,100964,100,99430,100,101223,100,99363,100,,,99211,100,,,99020,100,,,98983,100
2019-06-28 10:11:30.000000000,100082,354,100063,454,100104,100,100005,100,100117,100,99873,100,100207,100,99721,35,100731,100,99698,200,100964,100,99430,100,101223,100,99363,100,,,99211,100,,,99020,100,,,98983,100
2019-06-28 10:11:40.000000000,100082,151,100063,251,100104,151,100005,151,100117,151,99873,151,100207,151,99721,86,100731,151,99698,251,100964,100,99430,100,101223,100,99363,100,,,99211,100,,,99020,100,,,98983,100
2019-06-28 10:11:43.013316452,100082,151,100063,251,100104,151,100005,151,100117,151,99873,151,100207,151,99721,86,100731,151,99698,251,100964,100,99430,100,101223,100,99363,100,,,99211,100,,,99020,100,,,98983,100
2019-06-28 10:11:50.000000000,100082,151,100063,251,100104,151,100005,151,100117,151,99873,151,100207,151,99721,86,100731,151,99698,251,100964,100,99430,100,101223,100,99363,100,,,99211,100,,,99020,100,,,98983,100
2019-06-28 10:12:00.000000000,100082,151,100063,251,100104,151,100005,151,100117,151,99873,151,100207,151,99721,86,100731,151,99698,251,100964,100,99430,100,101223,100,99363,100,,,99211,100,,,99020,100,,,98983,100
2019-06-28 10:12:10.000000000,100082,354,100063,454,100104,100,100005,100,100117,100,99873,100,100207,100,99721,35,100731,100,99698,200,100964,100,99430,100,101223,100,99363,100,,,99211,100,,,99020,100,,,98983,100
2019-06-28 10:12:20.000000000,100082,151,100063,251,100104,151,100005,151,100117,151,99873,151,100207,151,99721,86,100731,151,99698,251,100964,100,99430,100,101223,100,99363,100,,,99211,100,,,99020,100,,,98983,100
2019-06-28 10:12:23.232459257,100082,151,100063,251,100104,151,100030,100,100117,151,100005,151,100207,151,99873,151,100731,151,99721,86,100964,100,99698,251,101223,100,99430,100,,,99363,100,,,99211,100,,,99020,100
2019-06-28 10:12:30.000000000,100082,227,100063,327,100104,227,100030,227,100117,100,100005,100,100207,100,99873,100,100731,100,99721,35,100964,100,99698,200,101223,100,99430,100,,,99363,100,,,99211,100,,,99020,100
2019-06-28 10:12:33.284848389,100082,227,100063,427,100104,227,100030,227,100117,100,100005,100,100207,100,99873,100,100731,100,99721,35,100964,100,99698,100,101223,100,99430,100,,,99363,100,,,99211,100,,,99020,100
2019-06-28 10:12:38.769069836,100082,127,100063,427,100104,227,100030,227,100117,100,100005,100,100207,100,99873,100,100731,100,99721,35,100964,100,99698,100,101223,100,99430,100,,,99363,100,,,99211,100,,,99020,100
2019-06-28 10:12:40.000000000,100104,227,100063,427,100117,227,100030,227,100207,100,100005,100,100731,100,99873,100,100964,100,99721,35,101223,100,99698,100,,,99430,100,,,99363,100,,,99211,100,,,99020,100
2019-06-28 10:12:42.613349342,100104,127,100063,427,100117,227,100030,227,100207,100,100005,100,100731,100,99873,100,100964,100,99721,35,101223,100,99698,100,,,99430,100,,,99363,100,,,99211,100,,,99020,100
2019-06-28 10:12:43.026054870,100104,127,100063,427,100117,227,100030,227,100207,100,100005,100,100257,100,99873,100,100731,100,99721,35,100964,100,99698,100,101223,100,99430,100,,,99363,100,,,99211,100,,,99020,100
2019-06-28 10:12:50.000000000,100117,227,100063,427,100207,227,100030,227,100257,100,100005,100,100731,100,99873,100,100964,100,99721,35,101223,100,99698,100,,,99430,100,,,99363,100,,,99211,100,,,99020,100
2019-06-28 10:12:57.961257836,100117,227,100063,427,100207,227,100060,100,100257,100,100030,227,100731,100,100005,100,100964,100,99873,100,101223,100,99721,35,,,99698,100,,,99430,100,,,99363,100,,,99211,100
