,ask_price_1,ask_size_1,bid_price_1,bid_size_1,ask_price_2,ask_size_2,bid_price_2,bid_size_2,ask_price_3,ask_size_3,bid_price_3,bid_size_3,ask_price_4,ask_size_4,bid_price_4,bid_size_4,ask_price_5,ask_size_5,bid_price_5,bid_size_5,ask_price_6,ask_size_6,bid_price_6,bid_size_6,ask_price_7,ask_size_7,bid_price_7,bid_size_7,ask_price_8,ask_size_8,bid_price_8,bid_size_8,ask_price_9,ask_size_9,bid_price_9,bid_size_9,ask_price_10,ask_size_10,bid_price_10,bid_size_10
2019-06-28 09:30:00.000000000,,,100070,100,,,99930,100,,,99858,100,,,,,,,,,,,,,,,,,,,,,,,,,,,,
2019-06-28 09:30:00.000000001,100144,100,99930,100,,,99858,100,,,,,,,,,,,,,,,,,,,,,,,,,,,,,,,,
2019-06-28 09:30:00.000000003,100144,100,99930,100,,,99858,100,,,99823,100,,,,,,,,,,,,,,,,,,,,,,,,,,,,
2019-06-28 09:30:00.000000005,100144,100,100047,100,,,99930,100,,,99858,100,,,99823,100,,,,,,,,,,,,,,,,,,,,,,,,
2019-06-28 09:30:00.000000006,100144,100,100047,100,,,99967,100,,,99930,100,,,99858,100,,,99823,100,,,,,,,,,,,,,,,,,,,,
2019-06-28 09:30:00.000000009,100007,100,99967,100,100144,100,99930,100,,,99928,100,,,99858,100,,,99823,100,,,,,,,,,,,,,,,,,,,,
2019-06-28 09:30:00.000000011,100007,100,99967,100,100144,100,99955,100,,,99930,100,,,99928,100,,,99858,100,,,99823,100,,,,,,,,,,,,,,,,
2019-06-28 09:30:00.000000013,100007,100,99967,100,100070,100,99955,100,100144,100,99930,100,,,99928,100,,,99858,100,,,99823,100,,,,,,,,,,,,,,,,
2019-06-28 09:30:00.000000017,100007,100,99967,100,100024,100,99955,100,100070,100,99949,100,100144,100,99930,100,,,99928,100,,,99858,100,,,99823,100,,,,,,,,,,,,
2019-06-28 09:30:00.000000019,100024,100,99967,100,100070,100,99955,100,100082,100,99949,100,100144,100,99930,100,,,99928,100,,,99858,100,,,99823,100,,,,,,,,,,,,
2019-06-28 09:30:00.000000023,100024,100,99967,100,100070,100,99955,100,100082,100,99949,100,100144,100,99930,100,,,99928,100,,,99864,100,,,99858,100,,,99823,100,,,,,,,,
2019-06-28 09:30:00.000000027,100024,100,99967,100,100070,100,99955,100,100082,100,99949,100,100144,100,99930,100,,,99928,100,,,99910,100,,,99864,100,,,99858,100,,,99823,100,,,,
2019-06-28 09:30:00.000000029,100023,100,99967,100,100024,100,99955,100,100070,100,99949,100,100082,100,99930,100,100144,100,99928,100,,,99910,100,,,99864,100,,,99858,100,,,99823,100,,,,
2019-06-28 09:30:00.000000031,100023,100,99967,100,100024,100,99955,100,100038,100,99949,100,100070,100,99930,100,100082,100,99928,100,100144,100,99910,100,,,99864,100,,,99858,100,,,99823,100,,,,
2019-06-28 09:30:00.000000033,100024,100,99967,100,100038,100,99955,100,100070,100,99949,100,100082,100,99930,100,100144,100,99928,100,,,99910,100,,,99864,100,,,99858,100,,,99823,100,,,,
2019-06-28 09:30:00.000000034,100024,100,100002,100,100038,100,99967,100,100070,100,99955,100,100082,100,99949,100,100144,100,99930,100,,,99928,100,,,99910,100,,,99864,100,,,99858,100,,,99823,100
2019-06-28 09:30:00.000000037,100024,100,100002,100,100038,100,99983,100,100070,100,99967,100,100082,100,99955,100,100094,100,99949,100,100144,100,99930,100,,,99928,100,,,99910,100,,,99864,100,,,99858,100
2019-06-28 09:30:00.000000039,100024,100,100002,100,100032,100,99983,100,100038,100,99967,100,100070,100,99955,100,100082,100,99949,100,100094,100,99930,100,100144,100,99928,100,,,99910,100,,,99903,100,,,99864,100
2019-06-28 09:30:00.000000045,100023,100,100002,100,100024,100,99983,100,100032,100,99967,100,100038,100,99955,100,100070,100,99949,100,100082,100,99930,100,100094,100,99928,100,100144,100,99910,100,100164,100,99903,100,,,99864,100
2019-06-28 09:30:00.000000047,100024,100,100002,100,100032,100,99983,100,100038,100,99967,100,100070,100,99955,100,100082,100,99949,100,100094,100,99930,100,100144,100,99928,100,100164,100,99910,100,,,99903,100,,,99864,100
2019-06-28 09:30:00.000000048,100024,100,100002,100,100032,100,99983,100,100038,100,99967,100,100070,100,99955,100,100082,100,99949,100,100094,100,99930,100,100144,100,99928,100,100164,100,99910,100,,,99903,100,,,99879,100
2019-06-28 09:30:00.000000049,100024,100,100002,100,100032,100,99983,100,100038,100,99967,100,100070,100,99955,100,100082,100,99949,100,100094,100,99930,100,100144,100,99928,100,100164,100,99910,100,,,99903,100,,,99879,100
2019-06-28 09:30:00.000000056,100024,100,100002,100,100032,100,99983,100,100038,100,99967,100,100070,100,99955,100,100082,100,99949,100,100094,100,99930,100,100099,100,99928,100,100144,100,99910,100,100164,100,99903,100,,,99879,100
2019-06-28 09:30:00.000000059,100032,100,100002,100,100038,100,99983,100,100070,100,99967,100,100082,100,99955,100,100094,100,99949,100,100099,100,99930,100,100144,100,99928,100,100164,100,99910,100,,,99903,100,,,99879,100
2019-06-28 09:30:00.000000060,100038,100,100002,100,100070,100,99983,100,100082,100,99967,100,100094,100,99955,100,100099,100,99949,100,100144,100,99939,100,100164,100,99930,100,,,99928,100,,,99910,100,,,99903,100
2019-06-28 09:30:00.000000063,100070,100,100002,100,100082,100,99983,100,100094,100,99967,100,100099,100,99955,100,100144,100,99949,100,100164,100,99939,100,,,99930,100,,,99928,100,,,99910,100,,,99903,100
2019-06-28 09:30:00.000000066,100070,100,99983,100,100082,100,99967,100,100094,100,99955,100,100099,100,99949,100,100144,100,99939,100,100164,100,99930,100,,,99928,100,,,99910,100,,,99903,100,,,99879,100
2019-06-28 09:30:00.000000067,100070,100,99983,100,100082,100,99967,100,100094,100,99955,100,100099,100,99949,100,100144,100,99939,100,100164,100,99930,100,,,99928,100,,,99910,100,,,99903,100,,,99879,200
2019-06-28 09:30:00.000000068,100070,100,99983,100,100082,100,99967,100,100094,100,99955,100,100099,100,99949,100,100144,100,99939,100,100164,100,99930,100,,,99928,100,,,99910,100,,,99903,100,,,99879,200
2019-06-28 09:30:00.000000070,100041,100,99983,100,100070,100,99967,100,100082,100,99955,100,100094,100,99949,100,100099,100,99939,100,100144,100,99930,100,100164,100,99928,100,100238,100,99910,100,,,99903,100,,,99879,200
2019-06-28 09:30:00.000000071,100041,100,100002,100,100070,100,99983,100,100082,100,99967,100,100094,100,99955,100,100099,100,99949,100,100144,100,99939,100,100164,100,99930,100,100238,100,99928,100,,,99910,100,,,99903,100
2019-06-28 09:30:00.000000072,100041,100,100002,200,100070,100,99983,100,100082,100,99967,100,100094,100,99955,100,100099,100,99949,100,100144,100,99939,100,100164,100,99930,100,100238,100,99928,100,,,99910,100,,,99903,100
2019-06-28 09:30:00.000000074,100041,100,100002,200,100070,100,99983,100,100082,100,99967,100,100094,100,99955,100,100099,100,99949,100,100144,100,99939,100,100164,100,99930,100,100238,100,99928,100,,,99910,100,,,99904,100
2019-06-28 09:30:00.000000076,100041,100,100002,100,100070,100,99983,100,100082,100,99967,100,100086,100,99955,100,100094,100,99949,100,100099,100,99939,100,100144,100,99930,100,100164,100,99928,100,100238,100,99910,100,,,99904,100
2019-06-28 09:30:00.000000080,100041,100,100003,100,100070,100,100002,100,100082,100,99983,100,100086,100,99967,100,100094,100,99955,100,100099,100,99949,100,100144,100,99939,100,100164,100,99930,100,100238,100,99928,100,,,99910,100
2019-06-28 09:30:00.000000082,100041,100,100003,100,100043,100,100002,100,100070,100,99983,100,100082,100,99967,100,100086,100,99955,100,100094,100,99949,100,100099,100,99939,100,100144,100,99930,100,100164,100,99928,100,100238,100,99910,100
2019-06-28 09:30:00.000000084,100041,100,100003,100,100043,100,100002,100,100070,100,99983,100,100082,100,99967,100,100086,100,99955,100,100094,100,99949,100,100099,100,99939,100,100144,100,99930,100,100150,100,99928,100,100164,100,99910,100
2019-06-28 09:30:00.000000088,100005,100,100003,100,100041,100,100002,100,100043,100,99983,100,100070,100,99967,100,100082,100,99955,100,100086,100,99949,100,100094,100,99939,100,100099,100,99930,100,100144,100,99928,100,100150,100,99910,100
2019-06-28 09:30:00.000000089,100004,100,100002,100,100005,100,99983,100,100041,100,99967,100,100043,100,99955,100,100063,100,99949,100,100070,100,99939,100,100082,100,99930,100,100086,100,99928,100,100094,100,99910,100,100099,100,99904,100
2019-06-28 09:30:00.000000091,100004,100,100002,100,100005,100,99983,100,100041,100,99967,100,100043,100,99955,100,100063,100,99949,100,100070,100,99939,100,100082,100,99930,100,100086,100,99928,100,100094,100,99910,100,100099,100,99904,100
2019-06-28 09:30:00.000000094,100004,100,100002,200,100005,100,99983,100,100041,100,99967,100,100043,100,99955,100,100063,100,99949,100,100070,100,99939,100,100082,100,99930,100,100086,100,99928,100,100094,100,99910,100,100099,100,99904,100
2019-06-28 09:30:00.000000095,100004,100,100002,200,100005,100,99983,100,100019,100,99967,100,100041,100,99955,100,100043,100,99949,100,100063,100,99939,100,100070,100,99930,100,100082,100,99928,100,100086,100,99910,100,100094,100,99904,100
2019-06-28 09:30:00.000000096,100004,100,100002,200,100005,100,99983,100,100019,100,99967,100,100041,100,99955,100,100043,100,99949,100,100047,100,99948,100,100063,100,99939,100,100070,100,99930,100,100082,100,99928,100,100086,100,99910,100
2019-06-28 09:30:01.085583916,100004,100,100002,200,100005,100,99983,100,100019,100,99967,100,100043,100,99961,100,100047,100,99955,100,100063,100,99949,100,100070,100,99948,100,100082,100,99939,100,100086,100,99930,100,100094,100,99928,100
2019-06-28 09:30:10.000000000,100004,254,100002,354,100005,250,99983,250,100019,250,99967,250,100043,100,99961,100,100047,100,99955,100,100063,100,99949,100,100070,100,99948,100,100082,100,99939,100,100086,100,99930,100,100094,100,99928,100
2019-06-28 09:30:20.000000000,100004,554,100002,654,100005,100,99983,100,100019,100,99967,100,100043,100,99961,100,100047,100,99955,100,100063,100,99949,100,100070,100,99948,100,100082,100,99939,100,100086,100,99930,100,100094,100,99928,100
2019-06-28 09:30:25.160782152,100004,554,100002,654,100005,100,99983,100,100019,100,99967,100,100043,100,99961,100,100047,100,99955,100,100063,100,99949,100,100070,100,99948,100,100082,100,99939,100,100086,100,99930,100,100094,100,99928,100
2019-06-28 09:30:30.000000000,100004,554,100002,654,100005,100,99983,100,100019,100,99967,100,100043,100,99961,100,100047,100,99955,100,100063,100,99949,100,100070,100,99948,100,100082,100,99939,100,100086,100,99930,100,100094,100,99928,100
2019-06-28 09:30:30.880059146,100004,454,100002,654,100005,100,99983,100,100019,100,99967,100,100043,100,99961,100,100047,100,99955,100,100063,100,99949,100,100070,100,99948,100,100082,100,99939,100,100086,100,99930,100,100094,100,99928,100
2019-06-28 09:30:40.000000000,100005,214,100002,314,100019,214,99983,214,100043,214,99967,214,100047,214,99961,214,100063,100,99955,100,100070,100,99949,100,100082,100,99948,100,100086,100,99939,100,100094,100,99930,100,100099,100,99928,100
2019-06-28 09:30:50.000000000,100005,327,100002,427,100019,327,99983,327,100043,100,99967,100,100047,100,99961,100,100063,100,99955,100,100070,100,99949,100,100082,100,99948,100,100086,100,99939,100,100094,100,99930,100,100099,100,99928,100
2019-06-28 09:30:55.529489361,100005,227,100002,427,100019,327,99983,327,100043,100,99967,100,100047,100,99961,100,100063,100,99955,100,100070,100,99949,100,100082,100,99948,100,100086,100,99939,100,100094,100,99930,100,100099,100,99928,100
2019-06-28 09:31:00.000000000,100019,554,100002,654,100043,100,99983,100,100047,100,99967,100,100063,100,99961,100,100070,100,99955,100,100082,100,99949,100,100086,100,99948,100,100094,100,99939,100,100099,100,99930,100,100144,100,99928,100
2019-06-28 09:31:05.113274810,100019,554,100002,654,100043,100,99983,100,100047,100,99967,100,100063,100,99961,100,100070,100,99955,100,100082,100,99949,100,100086,100,99948,100,100094,100,99939,100,100099,100,99930,100,100144,100,99928,100
2019-06-28 09:31:10.000000000,100019,214,100002,314,100043,214,99983,214,100047,214,99967,214,100063,214,99961,214,100070,100,99955,100,100082,100,99949,100,100086,100,99948,100,100094,100,99939,100,100099,100,99930,100,100144,100,99928,100
2019-06-28 09:31:20.000000000,100019,554,100002,654,100043,100,99983,100,100047,100,99967,100,100063,100,99961,100,100070,100,99955,100,100082,100,99949,100,100086,100,99948,100,100094,100,99939,100,100099,100,99930,100,100144,100,99928,100
2019-06-28 09:31:29.315477876,100019,554,100002,654,100043,100,99983,100,100047,100,99967,100,100063,100,99961,100,100070,100,99955,100,100082,100,99949,100,100086,100,99948,100,100094,100,99939,100,100099,100,99930,100,100100,100,99928,100
2019-06-28 09:31:30.000000000,100019,254,100002,354,100043,250,99983,250,100047,250,99967,250,100063,100,99961,100,100070,100,99955,100,100082,100,99949,100,100086,100,99948,100,100094,100,99939,100,100099,100,99930,100,100100,100,99928,100
2019-06-28 09:31:40.000000000,100019,554,100002,654,100043,100,99983,100,100047,100,99967,100,100063,100,99961,100,100070,100,99955,100,100082,100,99949,100,100086,100,99948,100,100094,100,99939,100,100099,100,99930,100,100100,100,99928,100
2019-06-28 09:31:50.000000000,100019,254,100002,354,100043,250,99983,250,100047,250,99967,250,100063,100,99961,100,100070,100,99955,100,100082,100,99949,100,100086,100,99948,100,100094,100,99939,100,100099,100,99930,100,100100,100,99928,100
2019-06-28 09:32:00.000000000,100019,327,100002,427,100043,327,99983,327,100047,100,99967,100,100063,100,99961,100,100070,100,99955,100,100082,100,99949,100,100086,100,99948,100,100094,100,99939,100,100099,100,99930,100,100100,100,99928,100
2019-06-28 09:32:02.006243655,100019,327,100002,427,100043,327,99983,327,100047,100,99967,100,100063,200,99961,100,100070,100,99955,100,100082,100,99949,100,100086,100,99948,100,100094,100,99939,100,100099,100,99930,100,100100,100,99928,100
2019-06-28 09:32:06.062883927,100019,327,100002,327,100043,327,99983,327,100047,100,99967,100,100063,200,99961,100,100070,100,99955,100,100082,100,99949,100,100086,100,99948,100,100094,100,99939,100,100099,100,99930,100,100100,100,99928,100
2019-06-28 09:32:10.000000000,100019,554,100002,554,100043,100,99983,100,100047,100,99967,100,100063,200,99961,100,100070,100,99955,100,100082,100,99949,100,100086,100,99948,100,100094,100,99939,100,100099,100,99930,100,100100,100,99928,100
2019-06-28 09:32:20.000000000,100019,254,100002,254,100043,250,99983,250,100047,250,99967,250,100063,200,99961,100,100070,100,99955,100,100082,100,99949,100,100086,100,99948,100,100094,100,99939,100,100099,100,99930,100,100100,100,99928,100
2019-06-28 09:32:30.000000000,100019,554,100002,554,100043,100,99983,100,100047,100,99967,100,100063,200,99961,100,100070,100,99955,100,100082,100,99949,100,100086,100,99948,100,100094,100,99939,100,100099,100,99930,100,100100,100,99928,100
2019-06-28 09:32:38.147581302,100019,554,100002,554,100043,100,99983,100,100047,100,99967,100,100063,200,99961,100,100070,100,99955,100,100082,100,99949,100,100086,100,99948,100,100099,100,99942,100,100100,100,99939,100,100144,100,99930,100
2019-06-28 09:32:40.000000000,100019,214,100002,214,100043,214,99983,214,100047,214,99967,214,100063,314,99961,214,100070,100,99955,100,100082,100,99949,100,100086,100,99948,100,100099,100,99942,100,100100,100,99939,100,100144,100,99930,100
2019-06-28 09:32:50.000000000,100019,191,100002,191,100043,191,99983,191,100047,191,99967,191,100063,291,99961,191,100070,191,99955,191,100082,100,99949,100,100086,100,99948,100,100099,100,99942,100,100100,100,99939,100,100144,100,99930,100
2019-06-28 09:33:00.000000000,100019,214,100002,214,100043,214,99983,214,100047,214,99967,214,100063,314,99961,214,100070,100,99955,100,100082,100,99949,100,100086,100,99948,100,100099,100,99942,100,100100,100,99939,100,100144,100,99930,100
2019-06-28 09:33:02.283430820,100003,100,100002,214,100019,214,99983,214,100043,214,99967,214,100047,214,99961,214,100063,314,99955,100,100070,100,99949,100,100082,100,99948,100,100086,100,99942,100,100099,100,99939,100,100100,100,99930,100
2019-06-28 09:33:10.000000000,100003,327,100002,327,100019,327,99983,327,100043,100,99967,100,100047,100,99961,100,100063,200,99955,100,100070,100,99949,100,100082,100,99948,100,100086,100,99942,100,100099,100,99939,100,100100,100,99930,100
2019-06-28 09:33:12.480743900,100003,327,100002,327,100019,327,99983,327,100043,100,99967,100,100047,100,99961,100,100063,200,99955,100,100070,100,99949,100,100082,100,99948,100,100086,100,99942,100,100099,100,99939,100,100100,100,99930,100
2019-06-28 09:33:20.000000000,100003,214,100002,214,100019,214,99983,214,100043,214,99967,214,100047,214,99961,214,100063,200,99955,100,100070,100,99949,100,100082,100,99948,100,100086,100,99942,100,100099,100,99939,100,100100,100,99930,100
2019-06-28 09:33:24.811876487,100003,214,100002,214,100019,214,99983,214,100043,214,99967,214,100047,214,99961,214,100063,200,99955,100,100070,100,99949,100,100082,100,99948,100,100086,100,99942,100,100099,100,99939,100,100100,100,99930,100
2019-06-28 09:33:30.000000000,100003,191,100002,191,100019,191,99983,191,100043,191,99967,191,100047,191,99961,191,100063,291,99955,191,100070,100,99949,100,100082,100,99948,100,100086,100,99942,100,100099,100,99939,100,100100,100,99930,100
2019-06-28 09:33:35.259309662,100003,191,100002,191,100019,191,99983,191,100043,191,99967,191,100047,191,99961,191,100063,291,99955,191,100070,100,99949,100,100082,100,99948,100,100086,100,99942,100,100099,100,99939,100,100100,100,99930,100
2019-06-28 09:33:38.412227789,100003,191,100002,191,100019,191,99983,191,100043,191,99967,191,100047,191,99961,191,100063,291,99955,191,100070,100,99949,100,100082,100,99948,100,100086,100,99942,100,100099,100,99939,100,100100,100,99930,100
2019-06-28 09:33:40.000000000,100003,214,100002,214,100019,214,99983,214,100043,214,99967,214,100047,214,99961,214,100063,200,99955,100,100070,100,99949,100,100082,100,99948,100,100086,100,99942,100,100099,100,99939,100,100100,100,99930,100
2019-06-28 09:33:50.000000000,100003,327,100002,327,100019,327,99983,327,100043,100,99967,100,100047,100,99961,100,100063,200,99955,100,100070,100,99949,100,100082,100,99948,100,100086,100,99942,100,100099,100,99939,100,100100,100,99930,100
2019-06-28 09:33:51.111217883,100003,327,100002,327,100019,327,99983,327,100043,100,99967,100,100047,100,99961,100,100063,200,99955,100,100070,100,99949,100,100082,100,99948,100,100086,100,99942,100,100099,100,99939,100,100100,100,99930,100
2019-06-28 09:34:00.000000000,100003,254,100002,254,100019,250,99983,250,100043,250,99967,250,100047,100,99961,100,100063,200,99955,100,100070,100,99949,100,100082,100,99948,100,100086,100,99942,100,100099,100,99939,100,100100,100,99930,100
2019-06-28 09:34:10.000000000,100003,214,100002,214,100019,214,99983,214,100043,214,99967,214,100047,214,99961,214,100063,200,99955,100,100070,100,99949,100,100082,100,99948,100,100086,100,99942,100,100099,100,99939,100,100100,100,99930,100
2019-06-28 09:34:20.000000000,100003,327,100002,327,100019,327,99983,327,100043,100,99967,100,100047,100,99961,100,100063,200,99955,100,100070,100,99949,100,100082,100,99948,100,100086,100,99942,100,100099,100,99939,100,100100,100,99930,100
2019-06-28 09:34:25.543363164,100003,227,100002,327,100019,327,99983,327,100043,100,99967,100,100047,100,99961,100,100063,200,99955,100,100070,100,99949,100,100082,100,99948,100,100086,100,99942,100,100099,100,99939,100,100100,100,99930,100
2019-06-28 09:34:30.000000000,100019,554,100002,554,100043,100,99983,100,100047,100,99967,100,100063,200,99961,100,100070,100,99955,100,100082,100,99949,100,100086,100,99948,100,100099,100,99942,100,100100,100,99939,100,100150,100,99930,100
2019-06-28 09:34:40.000000000,100019,191,100002,191,100043,191,99983,191,100047,191,99967,191,100063,291,99961,191,100070,191,99955,191,100082,100,99949,100,100086,100,99948,100,100099,100,99942,100,100100,100,99939,100,100150,100,99930,100
2019-06-28 09:34:50.000000000,100019,191,100002,191,100043,191,99983,191,100047,191,99967,191,100063,291,99961,191,100070,191,99955,191,100082,100,99949,100,100086,100,99948,100,100099,100,99942,100,100100,100,99939,100,100150,100,99930,100
2019-06-28 09:35:00.000000000,100019,554,100002,554,100043,100,99983,100,100047,100,99967,100,100063,200,99961,100,100070,100,99955,100,100082,100,99949,100,100086,100,99948,100,100099,100,99942,100,100100,100,99939,100,100150,100,99930,100
2019-06-28 09:35:10.000000000,100019,214,100002,214,100043,214,99983,214,100047,214,99967,214,100063,314,99961,214,100070,100,99955,100,100082,100,99949,100,100086,100,99948,100,100099,100,99942,100,100100,100,99939,100,100150,100,99930,100
2019-06-28 09:35:20.000000000,100019,191,100002,191,100043,191,99983,191,100047,191,99967,191,100063,291,99961,191,100070,191,99955,191,100082,100,99949,100,100086,100,99948,100,100099,100,99942,100,100100,100,99939,100,100150,100,99930,100
2019-06-28 09:35:30.000000000,100019,214,100002,214,100043,214,99983,214,100047,214,99967,214,100063,314,99961,214,100070,100,99955,100,100082,100,99949,100,100086,100,99948,100,100099,100,99942,100,100100,100,99939,100,100150,100,99930,100
2019-06-28 09:35:40.000000000,100019,214,100002,214,100043,214,99983,214,100047,214,99967,214,100063,314,99961,214,100070,100,99955,100,100082,100,99949,100,100086,100,99948,100,100099,100,99942,100,100100,100,99939,100,100150,100,99930,100
2019-06-28 09:35:50.000000000,100019,214,100002,214,100043,214,99983,214,100047,214,99967,214,100063,314,99961,214,100070,100,99955,100,100082,100,99949,100,100086,100,99948,100,100099,100,99942,100,100100,100,99939,100,100150,100,99930,100
2019-06-28 09:35:54.167486730,100019,214,100002,214,100043,214,99983,214,100047,214,99967,214,100063,314,99961,214,100070,100,99955,100,100082,100,99949,100,100086,100,99948,100,100099,100,99942,100,100100,100,99939,100,100150,100,99930,100
2019-06-28 09:35:54.725615123,100019,214,100002,214,100043,214,99983,214,100047,214,99967,214,100063,314,99961,214,100070,100,99955,100,100082,100,99949,100,100086,100,99948,100,100099,100,99942,100,100150,100,99939,100,100164,100,99930,100
2019-06-28 09:36:00.000000000,100019,191,100002,191,100043,191,99983,191,100047,191,99967,191,100063,291,99961,191,100070,191,99955,191,100082,100,99949,100,100086,100,99948,100,100099,100,99942,100,100150,100,99939,100,100164,100,99930,100
2019-06-28 09:36:10.000000000,100019,554,100002,554,100043,100,99983,100,100047,100,99967,100,100063,200,99961,100,100070,100,99955,100,100082,100,99949,100,100086,100,99948,100,100099,100,99942,100,100150,100,99939,100,100164,100,99930,100
2019-06-28 09:36:20.000000000,100019,191,100002,191,100043,191,99983,191,100047,191,99967,191,100063,291,99961,191,100070,191,99955,191,100082,100,99949,100,100086,100,99948,100,100099,100,99942,100,100150,100,99939,100,100164,100,99930,100
2019-06-28 09:36:30.000000000,100019,554,100002,554,100043,100,99983,100,100047,100,99967,100,100063,200,99961,100,100070,100,99955,100,100082,100,99949,100,100086,100,99948,100,100099,100,99942,100,100150,100,99939,100,100164,100,99930,100
2019-06-28 09:36:37.566396356,100019,554,100003,100,100043,100,100002,554,100047,100,99983,100,100063,200,99967,100,100070,100,99961,100,100082,100,99955,100,100086,100,99949,100,100099,100,99948,100,100150,100,99942,100,100164,100,99939,100
2019-06-28 09:36:38.292288954,100019,454,100003,100,100043,100,100002,554,100047,100,99983,100,100063,200,99967,100,100070,100,99961,100,100082,100,99955,100,100086,100,99949,100,100099,100,99948,100,100150,100,99942,100,100164,100,99939,100
2019-06-28 09:36:40.000000000,100043,214,100003,214,100047,214,100002,214,100063,314,99983,214,100070,214,99967,214,100082,100,99961,100,100086,100,99955,100,100099,100,99949,100,100150,100,99948,100,100164,100,99942,100,100238,100,99939,100
2019-06-28 09:36:42.595805226,100043,114,100003,214,100047,214,100002,214,100063,314,99983,214,100070,214,99967,214,100082,100,99961,100,100086,100,99955,100,100099,100,99949,100,100150,100,99948,100,100164,100,99942,100,100431,100,99939,100
2019-06-28 09:36:50.000000000,100047,554,100003,554,100063,200,100002,100,100070,100,99983,100,100082,100,99967,100,100086,100,99961,100,100099,100,99955,100,100150,100,99949,100,100164,100,99948,100,100431,100,99942,100,100836,100,99939,100
2019-06-28 09:37:00.000000000,100047,254,100003,254,100063,350,100002,250,100070,250,99983,250,100082,100,99967,100,100086,100,99961,100,100099,100,99955,100,100150,100,99949,100,100164,100,99948,100,100431,100,99942,100,100836,100,99939,100
2019-06-28 09:37:04.078344910,100047,254,100003,254,100063,350,100002,250,100070,250,99983,250,100082,100,99967,100,100086,100,99961,100,100099,100,99955,100,100150,100,99949,100,100164,100,99948,100,100257,100,99942,100,100431,100,99939,100
2019-06-28 09:37:10.000000000,100047,214,100003,214,100063,314,100002,214,100070,214,99983,214,100082,214,99967,214,100086,100,99961,100,100099,100,99955,100,100150,100,99949,100,100164,100,99948,100,100257,100,99942,100,100431,100,99939,100
2019-06-28 09:37:11.548284676,100047,214,100003,214,100063,314,100002,214,100070,214,99983,214,100082,214,99967,214,100086,100,99961,100,100099,100,99955,100,100150,100,99949,100,100164,100,99948,100,100257,100,99942,100,100431,100,99939,100
2019-06-28 09:37:20.000000000,100047,191,100003,191,100063,291,100002,191,100070,191,99983,191,100082,191,99967,191,100086,191,99961,191,100099,100,99955,100,100150,100,99949,100,100164,100,99948,100,100257,100,99942,100,100431,100,99939,100
2019-06-28 09:37:30.000000000,100047,214,100003,214,100063,314,100002,214,100070,214,99983,214,100082,214,99967,214,100086,100,99961,100,100099,100,99955,100,100150,100,99949,100,100164,100,99948,100,100257,100,99942,100,100431,100,99939,100
2019-06-28 09:37:39.575660109,100047,114,100003,214,100063,314,100002,214,100070,214,99983,214,100082,214,99967,214,100086,100,99961,100,100099,100,99955,100,100150,100,99949,100,100164,100,99948,100,100257,100,99942,100,100431,100,99939,100
2019-06-28 09:37:40.000000000,100063,354,100003,254,100070,250,100002,250,100082,250,99983,250,100086,100,99967,100,100099,100,99961,100,100150,100,99955,100,100164,100,99949,100,100257,100,99948,100,100431,100,99942,100,100443,100,99939,100
2019-06-28 09:37:42.949409665,100063,354,100003,254,100070,250,100002,250,100082,250,99983,250,100086,100,99967,100,100099,100,99961,100,100150,100,99955,100,100164,100,99949,100,100257,100,99942,100,100431,100,99939,100,100443,100,99930,100
2019-06-28 09:37:43.897118561,100063,254,100003,254,100070,250,100002,250,100082,250,99983,250,100086,100,99967,100,100150,100,99961,100,100164,100,99955,100,100257,100,99949,100,100431,100,99942,100,100443,100,99939,100,100587,100,99930,100
2019-06-28 09:37:50.000000000,100063,327,100003,327,100070,327,100002,327,100082,100,99983,100,100086,100,99967,100,100150,100,99961,100,100164,100,99955,100,100257,100,99949,100,100431,100,99942,100,100443,100,99939,100,100587,100,99930,100
2019-06-28 09:37:56.192777283,100063,327,100043,100,100070,327,100003,227,100082,100,100002,327,100086,100,99983,100,100150,100,99967,100,100164,100,99961,100,100257,100,99955,100,100431,100,99949,100,100443,100,99942,100,100587,100,99939,100
2019-06-28 09:37:59.672519553,100063,327,100043,100,100070,327,100003,227,100082,100,100002,327,100086,100,99983,100,100150,100,99967,100,100164,100,99961,100,100257,100,99955,100,100431,100,99949,100,100443,100,99942,100,100587,100,99939,100
2019-06-28 09:38:00.000000000,100063,191,100043,191,100070,191,100002,191,100082,191,99983,191,100086,191,99967,191,100150,191,99961,191,100164,100,99955,100,100257,100,99949,100,100431,100,99942,100,100443,100,99939,100,100587,100,99930,100
2019-06-28 09:38:10.000000000,100063,254,100043,254,100070,250,100002,250,100082,250,99983,250,100086,100,99967,100,100150,100,99961,100,100164,100,99955,100,100257,100,99949,100,100431,100,99942,100,100443,100,99939,100,100587,100,99930,100
2019-06-28 09:38:14.599260529,100063,254,100043,354,100070,250,100002,250,100082,250,99983,250,100086,100,99967,100,100150,100,99961,100,100164,100,99955,100,100257,100,99949,100,100431,100,99942,100,100443,100,99939,100,100587,100,99930,100
2019-06-28 09:38:20.000000000,100063,554,100043,654,100070,100,100002,100,100082,100,99983,100,100086,100,99967,100,100150,100,99961,100,100164,100,99955,100,100257,100,99949,100,100431,100,99942,100,100443,100,99939,100,100587,100,99930,100
2019-06-28 09:38:30.000000000,100063,214,100043,314,100070,214,100002,214,100082,214,99983,214,100086,214,99967,214,100150,100,99961,100,100164,100,99955,100,100257,100,99949,100,100431,100,99942,100,100443,100,99939,100,100587,100,99930,100
2019-06-28 09:38:34.715122485,100063,214,100043,314,100070,214,100002,214,100082,214,99983,214,100086,214,99967,214,100150,100,99961,100,100164,100,99955,100,100257,100,99949,100,100328,100,99942,100,100431,100,99939,100,100443,100,99930,100
2019-06-28 09:38:40.000000000,100063,327,100043,427,100070,327,100002,327,100082,100,99983,100,100086,100,99967,100,100150,100,99961,100,100164,100,99955,100,100257,100,99949,100,100328,100,99942,100,100431,100,99939,100,100443,100,99930,100
2019-06-28 09:38:40.875126247,100063,227,100043,427,100070,327,100002,327,100082,100,99983,100,100086,100,99967,100,100150,100,99961,100,100164,100,99955,100,100257,100,99949,100,100328,100,99942,100,100431,100,99939,100,100443,100,99928,100
2019-06-28 09:38:50.000000000,100070,191,100043,291,100082,191,100002,191,100086,191,99983,191,100150,191,99967,191,100164,191,99961,191,100257,100,99955,100,100328,100,99949,100,100431,100,99942,100,100443,100,99939,100,100587,100,99928,100
2019-06-28 09:39:00.000000000,100070,214,100043,314,100082,214,100002,214,100086,214,99983,214,100150,214,99967,214,100164,100,99961,100,100257,100,99955,100,100328,100,99949,100,100431,100,99942,100,100443,100,99939,100,100587,100,99928,100
2019-06-28 09:39:09.108594940,100070,214,100047,100,100082,214,100043,314,100086,214,100002,214,100150,214,99983,214,100164,100,99967,214,100257,100,99961,100,100328,100,99955,100,100431,100,99949,100,100443,100,99942,100,100587,100,99939,100
2019-06-28 09:39:09.877782307,100070,114,100047,100,100082,214,100043,314,100086,214,100002,214,100150,214,99983,214,100164,100,99967,214,100257,100,99961,100,100328,100,99955,100,100431,100,99949,100,100443,100,99942,100,100587,100,99939,100
2019-06-28 09:39:10.000000000,100082,327,100047,327,100086,327,100043,427,100150,100,100002,100,100164,100,99983,100,100257,100,99967,100,100328,100,99961,100,100431,100,99955,100,100443,100,99949,100,100587,100,99942,100,100702,100,99939,100
2019-06-28 09:39:20.000000000,100082,214,100047,214,100086,214,100043,314,100150,214,100002,214,100164,214,99983,214,100257,100,99967,100,100328,100,99961,100,100431,100,99955,100,100443,100,99949,100,100587,100,99942,100,100702,100,99939,100
2019-06-28 09:39:30.000000000,100082,254,100047,254,100086,250,100043,350,100150,250,100002,250,100164,100,99983,100,100257,100,99967,100,100328,100,99961,100,100431,100,99955,100,100443,100,99949,100,100587,100,99942,100,100702,100,99939,100
2019-06-28 09:39:32.039658723,100082,154,100047,254,100086,250,100043,350,100150,250,100002,250,100164,100,99983,100,100257,100,99967,100,100328,100,99961,100,100431,100,99955,100,100443,100,99949,100,100587,100,99942,100,100702,100,99939,100
2019-06-28 09:39:40.000000000,100086,327,100047,327,100150,327,100043,427,100164,100,100002,100,100257,100,99983,100,100328,100,99967,100,100431,100,99961,100,100443,100,99955,100,100587,100,99949,100,100702,100,99942,100,100914,100,99939,100
2019-06-28 09:39:40.395723253,100086,327,100047,327,100150,327,100043,427,100164,100,100002,100,100257,100,99983,100,100328,100,99967,100,100431,100,99961,100,100443,100,99955,100,100587,100,99949,100,100702,100,99942,100,100914,100,99939,100
2019-06-28 09:39:50.000000000,100086,254,100047,254,100150,250,100043,350,100164,250,100002,250,100257,100,99983,100,100328,100,99967,100,100431,100,99961,100,100443,100,99955,100,100587,100,99949,100,100702,100,99942,100,100914,100,99939,100
2019-06-28 09:39:56.951976739,100086,254,100070,100,100150,250,100047,254,100164,250,100043,350,100257,100,100002,250,100328,100,99983,100,100431,100,99967,100,100443,100,99961,100,100587,100,99955,100,100702,100,99949,100,100914,100,99942,100
2019-06-28 09:40:00.000000000,100086,327,100070,327,100150,327,100047,327,100164,100,100043,200,100257,100,100002,100,100328,100,99983,100,100431,100,99967,100,100443,100,99961,100,100587,100,99955,100,100702,100,99949,100,100914,100,99942,100
2019-06-28 09:40:08.482064138,100086,327,100070,427,100150,327,100047,327,100164,100,100043,200,100257,100,100002,100,100328,100,99983,100,100431,100,99967,100,100443,100,99961,100,100587,100,99955,100,100702,100,99949,100,100914,100,99942,100
2019-06-28 09:40:10.000000000,100086,214,100070,314,100150,214,100047,214,100164,214,100043,314,100257,214,100002,214,100328,100,99983,100,100431,100,99967,100,100443,100,99961,100,100587,100,99955,100,100702,100,99949,100,100914,100,99942,100
2019-06-28 09:40:20.000000000,100086,327,100070,427,100150,327,100047,327,100164,100,100043,200,100257,100,100002,100,100328,100,99983,100,100431,100,99967,100,100443,100,99961,100,100587,100,99955,100,100702,100,99949,100,100914,100,99942,100
2019-06-28 09:40:28.515220844,100086,327,100070,427,100150,327,100047,327,100164,100,100043,200,100257,100,100002,100,100328,100,99983,100,100431,100,99967,100,100443,100,99961,100,100587,100,99955,100,100683,100,99949,100,100702,100,99942,100
2019-06-28 09:40:30.000000000,100086,254,100070,354,100150,250,100047,250,100164,250,100043,350,100257,100,100002,100,100328,100,99983,100,100431,100,99967,100,100443,100,99961,100,100587,100,99955,100,100683,100,99949,100,100702,100,99942,100
2019-06-28 09:40:40.000000000,100086,191,100070,291,100150,191,100047,191,100164,191,100043,291,100257,191,100002,191,100328,191,99983,191,100431,100,99967,100,100443,100,99961,100,100587,100,99955,100,100683,100,99949,100,100702,100,99942,100
2019-06-28 09:40:42.964689346,100086,191,100070,291,100150,191,100047,191,100164,191,100043,291,100257,191,100002,191,100328,191,99983,191,100431,100,99967,100,100443,100,99961,100,100587,100,99955,100,100683,100,99949,100,100702,100,99942,100
2019-06-28 09:40:50.000000000,100086,254,100070,354,100150,250,100047,250,100164,250,100043,350,100257,100,100002,100,100328,100,99983,100,100431,100,99967,100,100443,100,99961,100,100587,100,99955,100,100683,100,99949,100,100702,100,99942,100
2019-06-28 09:40:59.385974834,100086,154,100070,354,100150,250,100047,250,100164,250,100043,350,100257,100,100002,100,100328,100,99983,100,100431,100,99967,100,100443,100,99961,100,100587,100,99955,100,100683,100,99949,100,100702,100,99942,100
2019-06-28 09:41:00.000000000,100150,214,100070,314,100164,214,100047,214,100257,214,100043,314,100328,214,100002,214,100431,100,99983,100,100443,100,99967,100,100587,100,99961,100,100683,100,99955,100,100702,100,99949,100,100914,100,99942,100
2019-06-28 09:41:10.000000000,100150,554,100070,654,100164,100,100047,100,100257,100,100043,200,100328,100,100002,100,100431,100,99983,100,100443,100,99967,100,100587,100,99961,100,100683,100,99955,100,100702,100,99949,100,100914,100,99942,100
2019-06-28 09:41:12.415217439,100150,454,100070,654,100164,100,100047,100,100257,100,100043,200,100328,100,100002,100,100431,100,99983,100,100443,100,99967,100,100587,100,99961,100,100683,100,99955,100,100702,100,99949,100,100914,100,99942,100
2019-06-28 09:41:18.346184914,100150,454,100070,654,100164,100,100047,100,100257,100,100043,200,100328,100,100002,100,100431,100,99983,100,100443,100,99967,100,100587,100,99961,100,100660,100,99955,100,100683,100,99949,100,100702,100,99942,100
2019-06-28 09:41:20.000000000,100164,554,100070,654,100257,100,100047,100,100328,100,100043,200,100431,100,100002,100,100443,100,99983,100,100587,100,99967,100,100660,100,99961,100,100683,100,99955,100,100702,100,99949,100,100914,100,99942,100
2019-06-28 09:41:30.000000000,100164,254,100070,354,100257,250,100047,250,100328,250,100043,350,100431,100,100002,100,100443,100,99983,100,100587,100,99967,100,100660,100,99961,100,100683,100,99955,100,100702,100,99949,100,100914,100,99942,100
2019-06-28 09:41:40.000000000,100164,214,100070,314,100257,214,100047,214,100328,214,100043,314,100431,214,100002,214,100443,100,99983,100,100587,100,99967,100,100660,100,99961,100,100683,100,99955,100,100702,100,99949,100,100914,100,99942,100
2019-06-28 09:41:41.563997238,100164,214,100086,100,100257,214,100070,314,100328,214,100047,214,100431,214,100043,314,100443,100,100002,214,100587,100,99983,100,100660,100,99967,100,100683,100,99961,100,100702,100,99955,100,100914,100,99949,100
2019-06-28 09:41:50.000000000,100164,554,100086,554,100257,100,100070,200,100328,100,100047,100,100431,100,100043,200,100443,100,100002,100,100587,100,99983,100,100660,100,99967,100,100683,100,99961,100,100702,100,99955,100,100914,100,99949,100
2019-06-28 09:41:55.131742178,100164,554,100086,554,100257,100,100070,200,100328,100,100047,100,100431,100,100043,200,100443,100,100002,100,100464,100,99983,100,100587,100,99967,100,100660,100,99961,100,100683,100,99955,100,100702,100,99949,100
2019-06-28 09:42:00.000000000,100164,327,100086,327,100257,327,100070,427,100328,100,100047,100,100431,100,100043,200,100443,100,100002,100,100464,100,99983,100,100587,100,99967,100,100660,100,99961,100,100683,100,99955,100,100702,100,99949,100
2019-06-28 09:42:10.000000000,100164,191,100086,191,100257,191,100070,291,100328,191,100047,191,100431,191,100043,291,100443,191,100002,191,100464,100,99983,100,100587,100,99967,100,100660,100,99961,100,100683,100,99955,100,100702,100,99949,100
2019-06-28 09:42:10.666724118,100164,191,100086,191,100257,191,100070,291,100328,191,100047,191,100431,191,100043,291,100443,191,100002,191,100464,100,99983,100,100587,100,99967,100,100624,100,99961,100,100660,100,99955,100,100683,100,99949,100
2019-06-28 09:42:14.195996219,100164,191,100086,191,100257,191,100070,291,100328,191,100047,191,100431,191,100043,291,100443,191,100002,191,100464,100,99983,100,100508,100,99967,100,100587,100,99961,100,100624,100,99955,100,100660,100,99949,100
2019-06-28 09:42:19.249747437,100164,191,100086,191,100257,191,100070,291,100328,191,100047,191,100431,191,100043,291,100443,191,100002,91,100464,100,99983,100,100508,100,99967,100,100587,100,99961,100,100624,100,99955,100,100660,100,99949,100
2019-06-28 09:42:20.000000000,100164,191,100086,191,100257,191,100070,291,100328,191,100047,191,100431,191,100043,291,100443,191,99983,191,100464,100,99967,100,100508,100,99961,100,100587,100,99955,100,100624,100,99949,100,100660,100,99942,100
2019-06-28 09:42:30.000000000,100164,214,100086,214,100257,214,100070,314,100328,214,100047,214,100431,214,100043,314,100443,100,99983,100,100464,100,99967,100,100508,100,99961,100,100587,100,99955,100,100624,100,99949,100,100660,100,99942,100
2019-06-28 09:42:40.000000000,100164,214,100086,214,100257,214,100070,314,100328,214,100047,214,100431,214,100043,314,100443,100,99983,100,100464,100,99967,100,100508,100,99961,100,100587,100,99955,100,100624,100,99949,100,100660,100,99942,100
2019-06-28 09:42:50.000000000,100164,214,100086,214,100257,214,100070,314,100328,214,100047,214,100431,214,100043,314,100443,100,99983,100,100464,100,99967,100,100508,100,99961,100,100587,100,99955,100,100624,100,99949,100,100660,100,99942,100
2019-06-28 09:42:53.066414338,100164,14,100086,214,100257,214,100070,314,100328,214,100047,214,100431,214,100043,314,100443,100,99983,100,100464,100,99967,100,100508,100,99961,100,100587,100,99955,100,100624,100,99949,100,100660,100,99942,100
2019-06-28 09:43:00.000000000,100257,327,100086,327,100328,327,100070,427,100431,100,100047,100,100443,100,100043,200,100464,100,99983,100,100508,100,99967,100,100587,100,99961,100,100624,100,99955,100,100660,100,99949,100,100683,100,99942,100
2019-06-28 09:43:10.000000000,100257,327,100086,327,100328,327,100070,427,100431,100,100047,100,100443,100,100043,200,100464,100,99983,100,100508,100,99967,100,100587,100,99961,100,100624,100,99955,100,100660,100,99949,100,100683,100,99942,100
2019-06-28 09:43:20.000000000,100257,254,100086,254,100328,250,100070,350,100431,250,100047,250,100443,100,100043,200,100464,100,99983,100,100508,100,99967,100,100587,100,99961,100,100624,100,99955,100,100660,100,99949,100,100683,100,99942,100
2019-06-28 09:43:30.000000000,100257,254,100086,254,100328,250,100070,350,100431,250,100047,250,100443,100,100043,200,100464,100,99983,100,100508,100,99967,100,100587,100,99961,100,100624,100,99955,100,100660,100,99949,100,100683,100,99942,100
2019-06-28 09:43:32.905825245,100257,154,100086,254,100328,150,100070,350,100431,250,100047,250,100443,100,100043,200,100464,100,99983,100,100508,100,99967,100,100587,100,99961,100,100624,100,99955,100,100660,100,99949,100,100683,100,99942,100
2019-06-28 09:43:40.000000000,100431,554,100086,554,100443,100,100070,200,100464,100,100047,100,100508,100,100043,200,100587,100,99983,100,100624,100,99967,100,100660,100,99961,100,100683,100,99955,100,100702,100,99949,100,100914,100,99942,100
2019-06-28 09:43:50.000000000,100431,327,100086,327,100443,327,100070,427,100464,100,100047,100,100508,100,100043,200,100587,100,99983,100,100624,100,99967,100,100660,100,99961,100,100683,100,99955,100,100702,100,99949,100,100914,100,99942,100
2019-06-28 09:44:00.000000000,100431,214,100086,214,100443,214,100070,314,100464,214,100047,214,100508,214,100043,314,100587,100,99983,100,100624,100,99967,100,100660,100,99961,100,100683,100,99955,100,100702,100,99949,100,100914,100,99942,100
2019-06-28 09:44:03.201672914,100431,114,100086,214,100443,214,100070,314,100464,214,100047,214,100508,214,100043,314,100587,100,99983,100,100624,100,99967,100,100660,100,99961,100,100683,100,99949,100,100702,100,99942,100,100914,100,99939,100
2019-06-28 09:44:10.000000000,100443,191,100086,191,100464,191,100070,291,100508,191,100047,191,100587,191,100043,291,100624,191,99983,191,100660,100,99967,100,100683,100,99961,100,100702,100,99949,100,100914,100,99942,100,100945,100,99939,100
2019-06-28 09:44:16.559117742,100443,91,100086,191,100464,191,100070,291,100508,191,100047,191,100587,191,100043,291,100624,191,99983,191,100660,100,99967,100,100683,100,99961,100,100702,100,99949,100,100914,100,99942,100,100945,100,99939,100
2019-06-28 09:44:20.000000000,100464,191,100086,191,100508,191,100070,291,100587,191,100047,191,100624,191,100043,291,100660,191,99983,191,100683,100,99967,100,100702,100,99961,100,100914,100,99949,100,100945,100,99942,100,100996,100,99939,100
2019-06-28 09:44:26.413568841,100464,191,100086,191,100508,191,100070,291,100587,191,100047,191,100624,191,100043,291,100660,191,99983,191,100683,100,99967,100,100702,100,99961,100,100914,100,99949,100,100945,100,99942,100,100996,100,99939,100
2019-06-28 09:44:30.000000000,100464,327,100086,327,100508,327,100070,427,100587,100,100047,100,100624,100,100043,200,100660,100,99983,100,100683,100,99967,100,100702,100,99961,100,100914,100,99949,100,100945,100,99942,100,100996,100,99939,100
2019-06-28 09:44:38.562665953,100464,327,100086,327,100508,327,100070,427,100624,100,100047,100,100660,100,100043,200,100683,100,99983,100,100702,100,99967,100,100914,100,99961,100,100945,100,99949,100,100996,100,99942,100,101056,100,99939,100
2019-06-28 09:44:40.000000000,100464,554,100086,554,100508,100,100070,200,100624,100,100047,100,100660,100,100043,200,100683,100,99983,100,100702,100,99967,100,100914,100,99961,100,100945,100,99949,100,100996,100,99942,100,101056,100,99939,100
2019-06-28 09:44:40.105070534,100464,554,100431,100,100508,100,100086,554,100624,100,100070,100,100660,100,100047,100,100683,100,100043,200,100702,100,99983,100,100914,100,99967,100,100945,100,99961,100,100996,100,99949,100,101056,100,99942,100
2019-06-28 09:44:50.000000000,100464,554,100431,554,100508,100,100086,100,100624,100,100070,100,100660,100,100047,100,100683,100,100043,200,100702,100,99983,100,100914,100,99967,100,100945,100,99961,100,100996,100,99949,100,101056,100,99942,100
2019-06-28 09:45:00.000000000,100464,554,100431,554,100508,100,100086,100,100624,100,100070,100,100660,100,100047,100,100683,100,100043,200,100702,100,99983,100,100914,100,99967,100,100945,100,99961,100,100996,100,99949,100,101056,100,99942,100
2019-06-28 09:45:10.000000000,100464,191,100431,191,100508,191,100086,191,100624,191,100070,191,100660,191,100047,191,100683,191,100043,291,100702,100,99983,100,100914,100,99967,100,100945,100,99961,100,100996,100,99949,100,101056,100,99942,100
2019-06-28 09:45:12.001401100,100464,191,100431,291,100508,191,100086,191,100624,191,100070,191,100660,191,100047,191,100683,191,100043,291,100702,100,99983,100,100914,100,99967,100,100945,100,99961,100,100996,100,99949,100,101056,100,99942,100
2019-06-28 09:45:16.536709101,100464,191,100431,291,100508,191,100086,191,100624,191,100070,191,100660,191,100047,191,100683,191,100043,191,100702,100,99983,100,100914,100,99967,100,100945,100,99961,100,100996,100,99949,100,101056,100,99942,100
2019-06-28 09:45:20.000000000,100464,554,100431,654,100508,100,100086,100,100624,100,100070,100,100660,100,100047,100,100683,100,100043,100,100702,100,99983,100,100914,100,99967,100,100945,100,99961,100,100996,100,99949,100,101056,100,99942,100
2019-06-28 09:45:24.809444323,100464,454,100431,654,100508,100,100086,100,100624,100,100070,100,100660,100,100047,100,100683,100,100043,100,100702,100,99983,100,100914,100,99967,100,100945,100,99961,100,100996,100,99949,100,101056,100,99942,100
2019-06-28 09:45:28.258099979,100464,454,100431,654,100508,100,100086,100,100624,100,100070,100,100660,100,100047,100,100683,100,100043,100,100702,100,99983,100,100835,100,99967,100,100914,100,99961,100,100945,100,99949,100,100996,100,99939,100
2019-06-28 09:45:30.000000000,100508,214,100431,314,100624,214,100086,214,100660,214,100070,214,100683,214,100047,214,100702,100,100043,100,100835,100,99983,100,100914,100,99967,100,100945,100,99961,100,100996,100,99949,100,101056,100,99939,100
2019-06-28 09:45:40.000000000,100508,214,100431,314,100624,214,100086,214,100660,214,100070,214,100683,214,100047,214,100702,100,100043,100,100835,100,99983,100,100914,100,99967,100,100945,100,99961,100,100996,100,99949,100,101056,100,99939,100
2019-06-28 09:45:44.477101062,100508,214,100443,100,100624,214,100431,314,100660,214,100086,214,100683,214,100070,214,100702,100,100047,214,100835,100,100043,100,100914,100,99983,100,100945,100,99967,100,100996,100,99961,100,101056,100,99949,100
2019-06-28 09:45:45.959445279,100508,114,100443,100,100624,214,100431,314,100660,114,100086,214,100683,214,100070,214,100702,100,100047,214,100835,100,100043,100,100914,100,99983,100,100945,100,99967,100,100996,100,99961,100,101056,100,99949,100
2019-06-28 09:45:48.987713972,100508,14,100443,100,100624,214,100431,314,100660,114,100086,214,100683,214,100070,214,100702,100,100047,214,100835,100,100043,100,100945,100,99983,100,100996,100,99967,100,101056,100,99961,100,101070,100,99949,100
2019-06-28 09:45:50.000000000,100624,191,100443,191,100683,191,100431,291,100702,191,100086,191,100835,191,100070,191,100945,191,100047,191,100996,100,100043,100,101056,100,99983,100,101070,100,99967,100,101220,100,99961,100,,,99949,100
2019-06-28 09:46:00.000000000,100624,554,100443,554,100683,100,100431,200,100702,100,100086,100,100835,100,100070,100,100945,100,100047,100,100996,100,100043,100,101056,100,99983,100,101070,100,99967,100,101220,100,99961,100,,,99949,100
2019-06-28 09:46:02.464904927,100624,554,100443,554,100683,100,100431,200,100702,100,100210,100,100835,100,100086,100,100945,100,100070,100,100996,100,100047,100,101056,100,100043,100,101070,100,99983,100,101220,100,99967,100,,,99961,100
2019-06-28 09:46:06.858834120,100624,554,100443,554,100683,100,100431,200,100702,100,100210,100,100835,100,100163,100,100945,100,100086,100,100996,100,100070,100,101056,100,100047,100,101070,100,100043,100,101220,100,99983,100,,,99967,100
2019-06-28 09:46:10.000000000,100624,214,100443,214,100683,214,100431,314,100702,214,100210,214,100835,214,100163,214,100945,100,100086,100,100996,100,100070,100,101056,100,100047,100,101070,100,100043,100,101220,100,99983,100,,,99967,100
2019-06-28 09:46:19.212973028,100624,214,100443,114,100683,214,100431,314,100702,214,100210,214,100835,214,100163,214,100945,100,100086,100,100996,100,100070,100,101056,100,100047,100,101070,100,100043,100,101220,100,99983,100,,,99967,100
2019-06-28 09:46:20.000000000,100624,327,100431,427,100683,327,100210,327,100702,100,100163,100,100835,100,100086,100,100945,100,100070,100,100996,100,100047,100,101056,100,100043,100,101070,100,99983,100,101220,100,99967,100,,,99961,100
2019-06-28 09:46:23.200206513,100624,327,100431,427,100683,327,100210,327,100702,100,100163,100,100835,100,100086,100,100945,100,100070,100,100996,100,100047,100,101056,100,100043,100,101070,100,100036,100,101220,100,99983,100,,,99967,100
2019-06-28 09:46:30.000000000,100624,254,100431,354,100683,250,100210,250,100702,250,100163,250,100835,100,100086,100,100945,100,100070,100,100996,100,100047,100,101056,100,100043,100,101070,100,100036,100,101220,100,99983,100,,,99967,100
2019-06-28 09:46:40.000000000,100624,554,100431,654,100683,100,100210,100,100702,100,100163,100,100835,100,100086,100,100945,100,100070,100,100996,100,100047,100,101056,100,100043,100,101070,100,100036,100,101220,100,99983,100,,,99967,100
2019-06-28 09:46:42.267799222,100624,554,100431,654,100683,100,100210,100,100702,100,100163,100,100835,100,100086,100,100945,100,100070,100,100996,100,100047,100,101056,100,100043,100,101070,100,100036,100,101220,100,100026,100,,,99983,100
2019-06-28 09:46:50.000000000,100624,254,100431,354,100683,250,100210,250,100702,250,100163,250,100835,100,100086,100,100945,100,100070,100,100996,100,100047,100,101056,100,100043,100,101070,100,100036,100,101220,100,100026,100,,,99983,100
2019-06-28 09:46:50.080617981,100508,100,100431,354,100624,254,100210,250,100683,250,100163,250,100702,250,100070,100,100835,100,100047,100,100945,100,100043,100,100996,100,100036,100,101056,100,100026,100,101070,100,99983,100,101220,100,99967,100
2019-06-28 09:46:59.462729205,100508,100,100431,254,100624,254,100210,250,100683,250,100163,250,100702,250,100070,100,100835,100,100047,100,100945,100,100043,100,100996,100,100036,100,101056,100,100026,100,101070,100,99983,100,101220,100,99967,100
2019-06-28 09:47:00.000000000,100508,554,100431,554,100624,100,100210,100,100683,100,100163,100,100702,100,100070,100,100835,100,100047,100,100945,100,100043,100,100996,100,100036,100,101056,100,100026,100,101070,100,99983,100,101220,100,99967,100
2019-06-28 09:47:05.138684329,100508,554,100431,454,100624,100,100210,100,100683,100,100163,100,100702,100,100070,100,100835,100,100047,100,100945,100,100043,100,100996,100,100036,100,101056,100,100026,100,101070,100,99983,100,101220,100,99967,100
2019-06-28 09:47:10.000000000,100508,554,100210,554,100624,100,100163,100,100683,100,100070,100,100702,100,100047,100,100835,100,100043,100,100945,100,100036,100,100996,100,100026,100,101056,100,99983,100,101070,100,99967,100,101220,100,99961,100
2019-06-28 09:47:20.000000000,100508,214,100210,214,100624,214,100163,214,100683,214,100070,214,100702,214,100047,214,100835,100,100043,100,100945,100,100036,100,100996,100,100026,100,101056,100,99983,100,101070,100,99967,100,101220,100,99961,100
2019-06-28 09:47:23.391290224,100508,214,100210,214,100624,214,100163,214,100683,214,100070,214,100702,214,100047,214,100835,100,100043,100,100945,100,100036,100,100996,100,100026,100,101056,100,100009,100,101070,100,99983,100,101220,100,99967,100
2019-06-28 09:47:30.000000000,100508,214,100210,214,100624,214,100163,214,100683,214,100070,214,100702,214,100047,214,100835,100,100043,100,100945,100,100036,100,100996,100,100026,100,101056,100,100009,100,101070,100,99983,100,101220,100,99967,100
2019-06-28 09:47:34.173758764,100508,214,100210,214,100624,214,100163,214,100683,214,100070,214,100702,214,100047,214,100835,100,100036,100,100945,100,100026,100,100996,100,100009,100,101056,100,99983,100,101070,100,99967,100,101220,100,99961,100
2019-06-28 09:47:35.786336929,100431,100,100210,214,100508,214,100163,214,100624,214,100070,214,100683,214,100047,214,100702,214,100036,100,100835,100,100026,100,100945,100,100009,100,100996,100,99983,100,101056,100,99967,100,101070,100,99961,100
2019-06-28 09:47:36.843233455,100431,100,100210,214,100508,214,100163,214,100624,114,100099,100,100683,214,100070,214,100702,214,100047,214,100835,100,100036,100,100945,100,100026,100,100996,100,100009,100,101056,100,99983,100,101070,100,99967,100
2019-06-28 09:47:38.722859972,100431,100,100210,214,100508,214,100163,214,100624,114,100099,100,100683,214,100070,214,100702,214,100047,214,100835,100,100036,100,100945,100,100026,100,100996,100,100009,100,101056,100,99983,100,101070,100,99967,100
2019-06-28 09:47:40.000000000,100431,554,100210,554,100508,100,100163,100,100683,100,100099,100,100702,100,100070,100,100835,100,100047,100,100945,100,100036,100,100996,100,100026,100,101056,100,100009,100,101070,100,99983,100,101220,100,99967,100
2019-06-28 09:47:50.000000000,100431,327,100210,327,100508,327,100163,327,100683,100,100099,100,100702,100,100070,100,100835,100,100047,100,100945,100,100036,100,100996,100,100026,100,101056,100,100009,100,101070,100,99983,100,101220,100,99967,100
2019-06-28 09:47:58.728164364,100431,427,100210,327,100508,327,100163,327,100683,100,100099,100,100702,100,100070,100,100835,100,100047,100,100945,100,100036,100,100996,100,100026,100,101056,100,100009,100,101070,100,99983,100,101220,100,99967,100
2019-06-28 09:48:00.000000000,100431,654,100210,554,100508,100,100163,100,100683,100,100099,100,100702,100,100070,100,100835,100,100047,100,100945,100,100036,100,100996,100,100026,100,101056,100,100009,100,101070,100,99983,100,101220,100,99967,100
2019-06-28 09:48:10.000000000,100431,291,100210,191,100508,191,100163,191,100683,191,100099,191,100702,191,100070,191,100835,191,100047,191,100945,100,100036,100,100996,100,100026,100,101056,100,100009,100,101070,100,99983,100,101220,100,99967,100
2019-06-28 09:48:20.000000000,100431,354,100210,254,100508,250,100163,250,100683,250,100099,250,100702,100,100070,100,100835,100,100047,100,100945,100,100036,100,100996,100,100026,100,101056,100,100009,100,101070,100,99983,100,101220,100,99967,100
2019-06-28 09:48:30.000000000,100431,354,100210,254,100508,250,100163,250,100683,250,100099,250,100702,100,100070,100,100835,100,100047,100,100945,100,100036,100,100996,100,100026,100,101056,100,100009,100,101070,100,99983,100,101220,100,99967,100
2019-06-28 09:48:40.000000000,100431,291,100210,191,100508,191,100163,191,100683,191,100099,191,100702,191,100070,191,100835,191,100047,191,100945,100,100036,100,100996,100,100026,100,101056,100,100009,100,101070,100,99983,100,101220,100,99967,100
2019-06-28 09:48:50.000000000,100431,314,100210,214,100508,214,100163,214,100683,214,100099,214,100702,214,100070,214,100835,100,100047,100,100945,100,100036,100,100996,100,100026,100,101056,100,100009,100,101070,100,99983,100,101220,100,99967,100
2019-06-28 09:49:00.000000000,100431,314,100210,214,100508,214,100163,214,100683,214,100099,214,100702,214,100070,214,100835,100,100047,100,100945,100,100036,100,100996,100,100026,100,101056,100,100009,100,101070,100,99983,100,101220,100,99967,100
2019-06-28 09:49:10.000000000,100431,354,100210,254,100508,250,100163,250,100683,250,100099,250,100702,100,100070,100,100835,100,100047,100,100945,100,100036,100,100996,100,100026,100,101056,100,100009,100,101070,100,99983,100,101220,100,99967,100
2019-06-28 09:49:10.311948930,100431,354,100210,154,100508,250,100163,250,100683,250,100099,250,100835,100,100070,100,100945,100,100047,100,100996,100,100036,100,101056,100,100026,100,101070,100,100009,100,101220,100,99983,100,,,99967,100
2019-06-28 09:49:11.553937037,100430,100,100210,154,100431,354,100163,250,100508,250,100099,250,100683,250,100070,100,100835,100,100047,100,100945,100,100036,100,100996,100,100026,100,101056,100,100009,100,101070,100,99983,100,101220,100,99967,100
2019-06-28 09:49:19.889825086,100430,100,100210,54,100431,354,100163,250,100508,250,100099,250,100683,250,100070,100,100835,100,100047,100,100945,100,100036,100,100996,100,100026,100,101056,100,100009,100,101070,100,99983,100,101220,100,99967,100
2019-06-28 09:49:20.000000000,100430,254,100163,254,100431,350,100099,250,100508,250,100070,250,100683,100,100047,100,100835,100,100036,100,100945,100,100026,100,100996,100,100009,100,101056,100,99983,100,101070,100,99967,100,101220,100,99961,100
2019-06-28 09:49:22.230027600,100210,100,100163,254,100430,254,100099,250,100431,350,100070,250,100508,250,100047,100,100683,100,100036,100,100835,100,100026,100,100945,100,100009,100,100996,100,99983,100,101056,100,99961,100,101070,100,99960,100
2019-06-28 09:49:30.000000000,100210,214,100163,214,100430,214,100099,214,100431,314,100070,214,100508,214,100047,214,100683,100,100036,100,100835,100,100026,100,100945,100,100009,100,100996,100,99983,100,101056,100,99961,100,101070,100,99960,100
2019-06-28 09:49:40.000000000,100210,254,100163,254,100430,250,100099,250,100431,350,100070,250,100508,100,100047,100,100683,100,100036,100,100835,100,100026,100,100945,100,100009,100,100996,100,99983,100,101056,100,99961,100,101070,100,99960,100
2019-06-28 09:49:45.969023396,100210,254,100163,154,100430,250,100099,250,100431,350,100070,250,100508,100,100047,100,100683,100,100036,100,100945,100,100026,100,100996,100,100009,100,101056,100,99983,100,101070,100,99961,100,101220,100,99960,100
2019-06-28 09:49:50.000000000,100210,191,100099,191,100430,191,100070,191,100431,291,100047,191,100508,191,100036,191,100683,191,100026,191,100945,100,100009,100,100996,100,99983,100,101056,100,99961,100,101070,100,99960,100,101220,100,99949,100
2019-06-28 09:50:00.000000000,100210,327,100099,327,100430,327,100070,327,100431,200,100047,100,100508,100,100036,100,100683,100,100026,100,100945,100,100009,100,100996,100,99983,100,101056,100,99961,100,101070,100,99960,100,101220,100,99949,100
2019-06-28 09:50:02.498093003,100209,100,100099,327,100210,327,100070,327,100430,327,100047,100,100431,200,100036,100,100508,100,100026,100,100683,100,100009,100,100945,100,99983,100,100996,100,99961,100,101056,100,99960,100,101070,100,99949,100
2019-06-28 09:50:09.328625137,100209,100,100099,327,100210,327,100070,327,100430,327,100047,100,100431,200,100036,100,100508,100,100026,100,100683,100,100009,100,100945,100,99983,100,100996,100,99961,100,101056,100,99960,100,101070,100,99949,100
2019-06-28 09:50:10.000000000,100209,191,100099,191,100210,191,100070,191,100430,191,100047,191,100431,291,100036,191,100508,191,100026,191,100683,100,100009,100,100945,100,99983,100,100996,100,99961,100,101056,100,99960,100,101070,100,99949,100
2019-06-28 09:50:12.123928424,100209,291,100099,191,100210,191,100070,191,100430,191,100047,191,100431,191,100036,191,100508,191,100026,191,100683,100,100009,100,100945,100,99983,100,100996,100,99961,100,101056,100,99960,100,101070,100,99949,100
2019-06-28 09:50:20.000000000,100209,291,100099,191,100210,191,100070,191,100430,191,100047,191,100431,191,100036,191,100508,191,100026,191,100683,100,100009,100,100945,100,99983,100,100996,100,99961,100,101056,100,99960,100,101070,100,99949,100
2019-06-28 09:50:30.000000000,100209,314,100099,214,100210,214,100070,214,100430,214,100047,214,100431,214,100036,214,100508,100,100026,100,100683,100,100009,100,100945,100,99983,100,100996,100,99961,100,101056,100,99960,100,101070,100,99949,100
2019-06-28 09:50:40.000000000,100209,354,100099,254,100210,250,100070,250,100430,250,100047,250,100431,100,100036,100,100508,100,100026,100,100683,100,100009,100,100945,100,99983,100,100996,100,99961,100,101056,100,99960,100,101070,100,99949,100
2019-06-28 09:50:42.450276729,100209,354,100099,254,100210,250,100070,250,100430,250,100047,250,100431,100,100036,100,100508,100,100026,100,100683,100,100009,100,100945,100,99983,100,100996,100,99961,100,101056,100,99960,100,101070,100,99949,100
2019-06-28 09:50:47.312644362,100209,354,100099,154,100210,250,100070,250,100430,250,100047,250,100431,100,100036,100,100508,100,100026,100,100683,100,100009,100,100945,100,99983,100,100996,100,99961,100,101056,100,99960,100,101070,100,99949,100
2019-06-28 09:50:50.000000000,100209,654,100070,554,100210,100,100047,100,100430,100,100036,100,100431,100,100026,100,100508,100,100009,100,100683,100,99983,100,100945,100,99961,100,100996,100,99960,100,101056,100,99949,100,101070,100,99939,100
2019-06-28 09:50:56.349076927,100209,654,100070,454,100210,100,100047,100,100430,100,100036,100,100431,100,100026,100,100508,100,100009,100,100683,100,99983,100,100945,100,99961,100,100996,100,99960,100,101070,100,99949,100,101220,100,99939,100
2019-06-28 09:51:00.000000000,100209,427,100047,327,100210,327,100036,327,100430,100,100026,100,100431,100,100009,100,100508,100,99983,100,100683,100,99961,100,100945,100,99960,100,100996,100,99949,100,101070,100,99939,100,101220,100,99928,100
2019-06-28 09:51:10.000000000,100209,654,100047,554,100210,100,100036,100,100430,100,100026,100,100431,100,100009,100,100508,100,99983,100,100683,100,99961,100,100945,100,99960,100,100996,100,99949,100,101070,100,99939,100,101220,100,99928,100
2019-06-28 09:51:11.578134418,100209,654,100047,554,100210,100,100036,100,100430,100,100026,100,100431,100,100009,100,100508,100,99983,100,100683,100,99961,100,100945,100,99960,100,100996,100,99949,100,101070,100,99939,100,101220,100,99928,100
2019-06-28 09:51:13.308951587,100209,654,100047,554,100210,100,100036,100,100430,100,100026,100,100431,100,100009,100,100508,100,99983,100,100683,100,99961,100,100945,100,99960,100,100996,100,99949,100,101070,100,99939,100,101220,100,99928,100
2019-06-28 09:51:20.000000000,100209,354,100047,254,100210,250,100036,250,100430,250,100026,250,100431,100,100009,100,100508,100,99983,100,100683,100,99961,100,100945,100,99960,100,100996,100,99949,100,101070,100,99939,100,101220,100,99928,100
2019-06-28 09:51:30.000000000,100209,291,100047,191,100210,191,100036,191,100430,191,100026,191,100431,191,100009,191,100508,191,99983,191,100683,100,99961,100,100945,100,99960,100,100996,100,99949,100,101070,100,99939,100,101220,100,99928,100
2019-06-28 09:51:40.000000000,100209,354,100047,254,100210,250,100036,250,100430,250,100026,250,100431,100,100009,100,100508,100,99983,100,100683,100,99961,100,100945,100,99960,100,100996,100,99949,100,101070,100,99939,100,101220,100,99928,100
2019-06-28 09:51:49.288903620,100209,354,100047,254,100210,250,100036,250,100430,250,100026,250,100431,100,100009,100,100508,100,99983,100,100683,100,99961,100,100945,100,99960,100,100996,100,99949,100,101070,100,99939,100,101220,100,99928,100
2019-06-28 09:51:49.732048501,100209,354,100047,254,100210,250,100036,250,100430,250,100026,250,100431,100,100009,100,100508,100,99983,100,100683,100,99961,100,100945,100,99960,100,100996,100,99949,100,101070,100,99928,100,101220,100,99879,100
2019-06-28 09:51:50.000000000,100209,314,100047,214,100210,214,100036,214,100430,214,100026,214,100431,214,100009,214,100508,100,99983,100,100683,100,99961,100,100945,100,99960,100,100996,100,99949,100,101070,100,99928,100,101220,100,99879,100
2019-06-28 09:52:00.000000000,100209,314,100047,214,100210,214,100036,214,100430,214,100026,214,100431,214,100009,214,100508,100,99983,100,100683,100,99961,100,100945,100,99960,100,100996,100,99949,100,101070,100,99928,100,101220,100,99879,100
2019-06-28 09:52:10.000000000,100209,291,100047,191,100210,191,100036,191,100430,191,100026,191,100431,191,100009,191,100508,191,99983,191,100683,100,99961,100,100945,100,99960,100,100996,100,99949,100,101070,100,99928,100,101220,100,99879,100
2019-06-28 09:52:20.000000000,100209,291,100047,191,100210,191,100036,191,100430,191,100026,191,100431,191,100009,191,100508,191,99983,191,100683,100,99961,100,100945,100,99960,100,100996,100,99949,100,101070,100,99928,100,101220,100,99879,100
2019-06-28 09:52:30.000000000,100209,291,100047,191,100210,191,100036,191,100430,191,100026,191,100431,191,100009,191,100508,191,99983,191,100683,100,99961,100,100945,100,99960,100,100996,100,99949,100,101070,100,99928,100,101220,100,99879,100
2019-06-28 09:52:30.066107806,100209,291,100047,91,100210,191,100036,191,100430,191,100026,191,100431,191,100009,191,100508,191,99983,191,100683,100,99960,100,100945,100,99949,100,100996,100,99928,100,101070,100,99879,100,101220,100,99819,100
2019-06-28 09:52:40.000000000,100209,654,100036,554,100210,100,100026,100,100430,100,100009,100,100431,100,99983,100,100508,100,99960,100,100683,100,99949,100,100945,100,99928,100,100996,100,99879,100,101070,100,99819,100,101220,100,99818,100
2019-06-28 09:52:50.000000000,100209,654,100036,554,100210,100,100026,100,100430,100,100009,100,100431,100,99983,100,100508,100,99960,100,100683,100,99949,100,100945,100,99928,100,100996,100,99879,100,101070,100,99819,100,101220,100,99818,100
2019-06-28 09:52:54.913314231,100209,654,100036,554,100430,100,100026,100,100431,100,100009,100,100508,100,99983,100,100683,100,99960,100,100945,100,99949,100,100996,100,99928,100,101070,100,99879,100,101220,100,99819,100,,,99818,100
2019-06-28 09:53:00.000000000,100209,654,100036,554,100430,100,100026,100,100431,100,100009,100,100508,100,99983,100,100683,100,99960,100,100945,100,99949,100,100996,100,99928,100,101070,100,99879,100,101220,100,99819,100,,,99818,100
2019-06-28 09:53:10.000000000,100209,314,100036,214,100430,214,100026,214,100431,214,100009,214,100508,214,99983,214,100683,100,99960,100,100945,100,99949,100,100996,100,99928,100,101070,100,99879,100,101220,100,99819,100,,,99818,100
2019-06-28 09:53:17.131833436,100209,314,100036,114,100430,214,100026,214,100431,214,100009,214,100508,214,99983,214,100683,100,99960,100,100945,100,99949,100,100996,100,99928,100,101070,100,99879,100,101220,100,99819,100,,,99818,100
2019-06-28 09:53:20.000000000,100209,291,100026,191,100430,191,100009,191,100431,191,99983,191,100508,191,99960,191,100683,191,99949,191,100945,100,99928,100,100996,100,99879,100,101070,100,99819,100,101220,100,99818,100,,,99763,100
2019-06-28 09:53:30.000000000,100209,654,100026,554,100430,100,100009,100,100431,100,99983,100,100508,100,99960,100,100683,100,99949,100,100945,100,99928,100,100996,100,99879,100,101070,100,99819,100,101220,100,99818,100,,,99763,100
2019-06-28 09:53:38.762476297,100209,654,100026,454,100430,100,100009,100,100431,100,99983,100,100508,100,99960,100,100683,100,99949,100,100945,100,99928,100,100996,100,99819,100,101070,100,99818,100,101220,100,99763,100,,,99651,100
2019-06-28 09:53:40.000000000,100209,314,100009,214,100430,214,99983,214,100431,214,99960,214,100508,214,99949,214,100683,100,99928,100,100945,100,99819,100,100996,100,99818,100,101070,100,99763,100,101220,100,99651,100,,,99231,100
2019-06-28 09:53:41.302472178,100209,314,100009,214,100430,214,99983,214,100431,214,99960,214,100508,214,99949,214,100683,100,99928,100,100945,100,99819,100,100996,100,99818,100,101070,100,99651,100,101220,100,99231,100,,,98903,100
2019-06-28 09:53:49.183432275,100209,314,100009,214,100430,214,99983,214,100431,214,99960,214,100508,214,99949,214,100683,100,99928,100,100945,100,99819,100,100996,100,99818,100,101070,100,99651,100,101220,100,99231,100,,,98903,100
2019-06-28 09:53:50.000000000,100209,654,100009,554,100430,100,99983,100,100431,100,99960,100,100508,100,99949,100,100683,100,99928,100,100945,100,99819,100,100996,100,99818,100,101070,100,99651,100,101220,100,99231,100,,,98903,100
2019-06-28 09:54:00.000000000,100209,654,100009,554,100430,100,99983,100,100431,100,99960,100,100508,100,99949,100,100683,100,99928,100,100945,100,99819,100,100996,100,99818,100,101070,100,99651,100,101220,100,99231,100,,,98903,100
2019-06-28 09:54:10.000000000,100209,654,100009,554,100430,100,99983,100,100431,100,99960,100,100508,100,99949,100,100683,100,99928,100,100945,100,99819,100,100996,100,99818,100,101070,100,99651,100,101220,100,99231,100,,,98903,100
2019-06-28 09:54:20.000000000,100209,427,100009,327,100430,327,99983,327,100431,100,99960,100,100508,100,99949,100,100683,100,99928,100,100945,100,99819,100,100996,100,99818,100,101070,100,99651,100,101220,100,99231,100,,,98903,100
2019-06-28 09:54:30.000000000,100209,314,100009,214,100430,214,99983,214,100431,214,99960,214,100508,214,99949,214,100683,100,99928,100,100945,100,99819,100,100996,100,99818,100,101070,100,99651,100,101220,100,99231,100,,,98903,100
2019-06-28 09:54:34.323970552,100036,100,100009,214,100209,314,99983,214,100430,214,99960,214,100431,214,99949,214,100508,214,99928,100,100683,100,99819,100,100945,100,99818,100,100996,100,99651,100,101070,100,99231,100,101220,100,98903,100
2019-06-28 09:54:40.000000000,100036,191,100009,191,100209,291,99983,191,100430,191,99960,191,100431,191,99949,191,100508,191,99928,191,100683,100,99819,100,100945,100,99818,100,100996,100,99651,100,101070,100,99231,100,101220,100,98903,100
2019-06-28 09:54:50.000000000,100036,327,100009,327,100209,427,99983,327,100430,100,99960,100,100431,100,99949,100,100508,100,99928,100,100683,100,99819,100,100945,100,99818,100,100996,100,99651,100,101070,100,99231,100,101220,100,98903,100
2019-06-28 09:54:50.805029498,100036,327,100009,227,100209,427,99983,327,100430,100,99960,100,100431,100,99949,100,100508,100,99928,100,100683,100,99819,100,100945,100,99818,100,100996,100,99651,100,101070,100,99231,100,101220,100,98903,100
2019-06-28 09:55:00.000000000,100036,554,99983,554,100209,200,99960,100,100430,100,99949,100,100431,100,99928,100,100508,100,99819,100,100683,100,99818,100,100945,100,99651,100,100996,100,99231,100,101070,100,98903,100,101220,100,98870,100
2019-06-28 09:55:08.512012976,100036,554,99983,454,100209,200,99960,100,100430,100,99949,100,100431,100,99928,100,100508,100,99819,100,100683,100,99818,100,100945,100,99651,100,100996,100,99231,100,101070,100,98903,100,101220,100,98870,100
2019-06-28 09:55:10.000000000,100036,554,99960,554,100209,200,99949,100,100430,100,99928,100,100431,100,99819,100,100508,100,99818,100,100683,100,99651,100,100945,100,99231,100,100996,100,98903,100,101070,100,98870,100,101220,100,98846,100
2019-06-28 09:55:20.000000000,100036,327,99960,327,100209,427,99949,327,100430,100,99928,100,100431,100,99819,100,100508,100,99818,100,100683,100,99651,100,100945,100,99231,100,100996,100,98903,100,101070,100,98870,100,101220,100,98846,100
2019-06-28 09:55:30.000000000,100036,554,99960,554,100209,200,99949,100,100430,100,99928,100,100431,100,99819,100,100508,100,99818,100,100683,100,99651,100,100945,100,99231,100,100996,100,98903,100,101070,100,98870,100,101220,100,98846,100
2019-06-28 09:55:40.000000000,100036,254,99960,254,100209,350,99949,250,100430,250,99928,250,100431,100,99819,100,100508,100,99818,100,100683,100,99651,100,100945,100,99231,100,100996,100,98903,100,101070,100,98870,100,101220,100,98846,100
2019-06-28 09:55:50.000000000,100036,254,99960,254,100209,350,99949,250,100430,250,99928,250,100431,100,99819,100,100508,100,99818,100,100683,100,99651,100,100945,100,99231,100,100996,100,98903,100,101070,100,98870,100,101220,100,98846,100
2019-06-28 09:55:56.618338040,100009,100,99960,254,100036,254,99949,250,100209,350,99928,250,100430,250,99819,100,100508,100,99818,100,100683,100,99651,100,100945,100,99231,100,100996,100,98903,100,101070,100,98870,100,101220,100,98846,100
2019-06-28 09:56:00.000000000,100009,191,99960,191,100036,191,99949,191,100209,291,99928,191,100430,191,99819,191,100508,191,99818,191,100683,100,99651,100,100945,100,99231,100,100996,100,98903,100,101070,100,98870,100,101220,100,98846,100
2019-06-28 09:56:10.000000000,100009,214,99960,214,100036,214,99949,214,100209,314,99928,214,100430,214,99819,214,100508,100,99818,100,100683,100,99651,100,100945,100,99231,100,100996,100,98903,100,101070,100,98870,100,101220,100,98846,100
2019-06-28 09:56:20.000000000,100009,191,99960,191,100036,191,99949,191,100209,291,99928,191,100430,191,99819,191,100508,191,99818,191,100683,100,99651,100,100945,100,99231,100,100996,100,98903,100,101070,100,98870,100,101220,100,98846,100
2019-06-28 09:56:21.150290793,100009,191,99960,191,100036,191,99949,191,100209,291,99928,191,100430,191,99819,191,100508,191,99818,191,100683,100,99651,100,100945,100,99231,100,100996,100,98903,100,101070,100,98870,100,101220,100,98846,100
2019-06-28 09:56:24.551177400,100009,291,99960,191,100036,191,99949,191,100209,291,99928,191,100430,191,99819,191,100508,191,99818,191,100683,100,99651,100,100945,100,99231,100,100996,100,98903,100,101070,100,98870,100,101220,100,98846,100
2019-06-28 09:56:30.000000000,100009,314,99960,214,100036,214,99949,214,100209,314,99928,214,100430,214,99819,214,100508,100,99818,100,100683,100,99651,100,100945,100,99231,100,100996,100,98903,100,101070,100,98870,100,101220,100,98846,100
2019-06-28 09:56:31.613068746,100009,314,99960,214,100036,214,99949,214,100209,314,99928,214,100430,214,99819,214,100508,100,99818,100,100683,100,99651,100,100945,100,99231,100,100996,100,98903,100,101070,100,98870,100,101220,100,98784,100
2019-06-28 09:56:40.000000000,100009,314,99960,214,100036,214,99949,214,100209,314,99928,214,100430,214,99819,214,100508,100,99818,100,100683,100,99651,100,100945,100,99231,100,100996,100,98903,100,101070,100,98870,100,101220,100,98784,100
2019-06-28 09:56:50.000000000,100009,354,99960,254,100036,250,99949,250,100209,350,99928,250,100430,100,99819,100,100508,100,99818,100,100683,100,99651,100,100945,100,99231,100,100996,100,98903,100,101070,100,98870,100,101220,100,98784,100
2019-06-28 09:56:56.930049850,100009,354,99960,254,100036,250,99949,250,100209,350,99928,250,100430,100,99819,100,100508,100,99818,100,100683,100,99651,100,100945,100,99231,100,100996,100,98903,100,101070,100,98870,100,101220,100,98784,100
2019-06-28 09:56:58.319443296,100009,354,99960,154,100036,250,99949,250,100209,350,99928,250,100430,100,99819,100,100508,100,99818,100,100683,100,99231,100,100945,100,98903,100,100996,100,98870,100,101070,100,98784,100,101220,100,98749,100
2019-06-28 09:57:00.000000000,100009,354,99949,254,100036,250,99928,250,100209,350,99819,250,100430,100,99818,100,100508,100,99231,100,100683,100,98903,100,100945,100,98870,100,100996,100,98784,100,101070,100,98749,100,101220,100,98633,100
2019-06-28 09:57:10.000000000,100009,427,99949,327,100036,327,99928,327,100209,200,99819,100,100430,100,99818,100,100508,100,99231,100,100683,100,98903,100,100945,100,98870,100,100996,100,98784,100,101070,100,98749,100,101220,100,98633,100
2019-06-28 09:57:10.728952637,99983,100,99949,327,100009,427,99928,327,100036,327,99819,100,100209,200,99818,100,100430,100,99231,100,100508,100,98903,100,100683,100,98870,100,100945,100,98784,100,100996,100,98749,100,101070,100,98633,100
2019-06-28 09:57:20.000000000,99983,214,99949,214,100009,314,99928,214,100036,214,99819,214,100209,314,99818,214,100430,100,99231,100,100508,100,98903,100,100683,100,98870,100,100945,100,98784,100,100996,100,98749,100,101070,100,98633,100
2019-06-28 09:57:30.000000000,99983,214,99949,214,100009,314,99928,214,100036,214,99819,214,100209,314,99818,214,100430,100,99231,100,100508,100,98903,100,100683,100,98870,100,100945,100,98784,100,100996,100,98749,100,101070,100,98633,100
2019-06-28 09:57:40.000000000,99983,554,99949,554,100009,200,99928,100,100036,100,99819,100,100209,200,99818,100,100430,100,99231,100,100508,100,98903,100,100683,100,98870,100,100945,100,98784,100,100996,100,98749,100,101070,100,98633,100
2019-06-28 09:57:50.000000000,99983,254,99949,254,100009,350,99928,250,100036,250,99819,250,100209,200,99818,100,100430,100,99231,100,100508,100,98903,100,100683,100,98870,100,100945,100,98784,100,100996,100,98749,100,101070,100,98633,100
2019-06-28 09:58:00.000000000,99983,327,99949,327,100009,427,99928,327,100036,100,99819,100,100209,200,99818,100,100430,100,99231,100,100508,100,98903,100,100683,100,98870,100,100945,100,98784,100,100996,100,98749,100,101070,100,98633,100
2019-06-28 09:58:06.069451316,99983,327,99949,327,100009,427,99928,327,100036,100,99819,100,100209,200,99818,100,100430,100,99231,100,100508,100,98903,100,100683,100,98870,100,100945,100,98784,100,101070,100,98749,100,101220,100,98633,100
2019-06-28 09:58:10.000000000,99983,254,99949,254,100009,350,99928,250,100036,250,99819,250,100209,200,99818,100,100430,100,99231,100,100508,100,98903,100,100683,100,98870,100,100945,100,98784,100,101070,100,98749,100,101220,100,98633,100
2019-06-28 09:58:19.629401250,99983,254,99949,254,100009,350,99928,250,100036,250,99819,250,100209,200,99818,100,100430,100,99231,100,100508,100,98903,100,100683,100,98870,100,100945,100,98784,100,101070,100,98749,100,101220,100,98633,100
2019-06-28 09:58:20.000000000,99983,327,99949,327,100009,427,99928,327,100036,100,99819,100,100209,200,99818,100,100430,100,99231,100,100508,100,98903,100,100683,100,98870,100,100945,100,98784,100,101070,100,98749,100,101220,100,98633,100
2019-06-28 09:58:30.000000000,99983,554,99949,554,100009,200,99928,100,100036,100,99819,100,100209,200,99818,100,100430,100,99231,100,100508,100,98903,100,100683,100,98870,100,100945,100,98784,100,101070,100,98749,100,101220,100,98633,100
2019-06-28 09:58:37.021134211,99983,554,99949,454,100009,200,99928,100,100036,100,99819,100,100209,200,99818,100,100430,100,98903,100,100508,100,98870,100,100683,100,98784,100,100945,100,98749,100,101070,100,98633,100,101220,100,98624,100
2019-06-28 09:58:38.008104882,99983,554,99949,354,100009,200,99928,100,100036,100,99819,100,100209,200,99818,100,100430,100,98903,100,100508,100,98870,100,100683,100,98784,100,100945,100,98749,100,101070,100,98633,100,101220,100,98624,100
2019-06-28 09:58:40.000000000,99983,554,99928,554,100009,200,99819,100,100036,100,99818,100,100209,200,98903,100,100430,100,98870,100,100508,100,98784,100,100683,100,98749,100,100945,100,98633,100,101070,100,98624,100,101220,100,98582,100
2019-06-28 09:58:50.000000000,99983,327,99928,327,100009,427,99819,327,100036,100,99818,100,100209,200,98903,100,100430,100,98870,100,100508,100,98784,100,100683,100,98749,100,100945,100,98633,100,101070,100,98624,100,101220,100,98582,100
2019-06-28 09:59:00.000000000,99983,554,99928,554,100009,200,99819,100,100036,100,99818,100,100209,200,98903,100,100430,100,98870,100,100508,100,98784,100,100683,100,98749,100,100945,100,98633,100,101070,100,98624,100,101220,100,98582,100
2019-06-28 09:59:02.284661750,99983,554,99928,454,100009,200,99819,100,100036,100,99818,100,100209,200,98903,100,100430,100,98870,100,100508,100,98784,100,100683,100,98749,100,100945,100,98633,100,101070,100,98624,100,101220,100,98582,100
2019-06-28 09:59:06.317453447,99949,100,99928,454,99983,554,99819,100,100009,100,99818,100,100036,100,98903,100,100209,200,98870,100,100430,100,98784,100,100508,100,98749,100,100683,100,98633,100,100945,100,98624,100,101070,100,98582,100
2019-06-28 09:59:10.000000000,99949,327,99819,327,99983,327,99818,327,100009,100,98903,100,100036,100,98870,100,100209,200,98784,100,100430,100,98749,100,100508,100,98633,100,100683,100,98624,100,100945,100,98582,100,101070,100,98419,100
2019-06-28 09:59:20.000000000,99949,327,99819,327,99983,327,99818,327,100009,100,98903,100,100036,100,98870,100,100209,200,98784,100,100430,100,98749,100,100508,100,98633,100,100683,100,98624,100,100945,100,98582,100,101070,100,98419,100
2019-06-28 09:59:21.082171225,99949,327,99819,327,99983,327,99818,327,100009,100,98903,100,100036,100,98870,100,100209,200,98784,100,100430,100,98749,100,100508,100,98640,100,100683,100,98633,100,100945,100,98624,100,101070,100,98582,100
2019-06-28 09:59:25.638346036,99949,327,99819,327,99983,327,99818,327,100009,100,98903,100,100036,100,98870,100,100209,200,98784,100,100430,100,98749,100,100508,100,98640,100,100683,100,98633,100,100945,100,98624,100,101070,100,98582,100
2019-06-28 09:59:30.000000000,99949,191,99819,191,99983,191,99818,191,100009,191,98903,191,100036,191,98870,191,100209,291,98784,191,100430,100,98749,100,100508,100,98640,100,100683,100,98633,100,100945,100,98624,100,101070,100,98582,100
2019-06-28 09:59:31.999474063,99949,191,99819,91,99983,191,99818,191,100009,191,98903,191,100036,191,98870,191,100209,291,98784,191,100430,100,98749,100,100508,100,98640,100,100683,100,98633,100,100945,100,98624,100,101070,100,98582,100
2019-06-28 09:59:36.356635327,99928,100,99819,91,99949,191,99818,191,99983,191,98903,191,100009,91,98870,191,100036,191,98784,191,100209,291,98749,100,100430,100,98640,100,100508,100,98633,100,100683,100,98624,100,100945,100,98582,100
2019-06-28 09:59:40.000000000,99928,214,99818,214,99949,214,98903,214,99983,214,98870,214,100036,214,98784,214,100209,200,98749,100,100430,100,98640,100,100508,100,98633,100,100683,100,98624,100,100945,100,98582,100,101070,100,98498,100
2019-06-28 09:59:50.000000000,99928,327,99818,327,99949,327,98903,327,99983,100,98870,100,100036,100,98784,100,100209,200,98749,100,100430,100,98640,100,100508,100,98633,100,100683,100,98624,100,100945,100,98582,100,101070,100,98498,100
2019-06-28 10:00:00.000000000,99928,214,99818,214,99949,214,98903,214,99983,214,98870,214,100036,214,98784,214,100209,200,98749,100,100430,100,98640,100,100508,100,98633,100,100683,100,98624,100,100945,100,98582,100,101070,100,98498,100
2019-06-28 10:00:10.000000000,99928,214,99818,214,99949,214,98903,214,99983,214,98870,214,100036,214,98784,214,100209,200,98749,100,100430,100,98640,100,100508,100,98633,100,100683,100,98624,100,100945,100,98582,100,101070,100,98498,100
2019-06-28 10:00:20.000000000,99928,191,99818,191,99949,191,98903,191,99983,191,98870,191,100036,191,98784,191,100209,291,98749,191,100430,100,98640,100,100508,100,98633,100,100683,100,98624,100,100945,100,98582,100,101070,100,98498,100
2019-06-28 10:00:30.000000000,99928,191,99818,191,99949,191,98903,191,99983,191,98870,191,100036,191,98784,191,100209,291,98749,191,100430,100,98640,100,100508,100,98633,100,100683,100,98624,100,100945,100,98582,100,101070,100,98498,100
2019-06-28 10:00:40.000000000,99928,327,99818,327,99949,327,98903,327,99983,100,98870,100,100036,100,98784,100,100209,200,98749,100,100430,100,98640,100,100508,100,98633,100,100683,100,98624,100,100945,100,98582,100,101070,100,98498,100
2019-06-28 10:00:50.000000000,99928,554,99818,554,99949,100,98903,100,99983,100,98870,100,100036,100,98784,100,100209,200,98749,100,100430,100,98640,100,100508,100,98633,100,100683,100,98624,100,100945,100,98582,100,101070,100,98498,100
2019-06-28 10:00:52.222844548,99928,554,99818,454,99949,100,98903,100,99983,100,98870,100,100036,100,98784,100,100209,200,98749,100,100430,100,98640,100,100508,100,98633,100,100683,100,98624,100,100945,100,98582,100,101070,100,98419,100
2019-06-28 10:00:54.878637920,99928,554,99818,454,99949,100,99323,100,99983,100,98903,100,100036,100,98870,100,100209,200,98784,100,100430,100,98749,100,100508,100,98640,100,100683,100,98633,100,100945,100,98624,100,101070,100,98582,100
2019-06-28 10:00:56.335585376,99928,554,99818,354,99949,100,99323,100,99983,100,98903,100,100036,100,98870,100,100209,200,98784,100,100430,100,98749,100,100508,100,98640,100,100683,100,98633,100,100945,100,98624,100,101070,100,98582,100
2019-06-28 10:01:00.000000000,99928,327,99323,327,99949,327,98903,327,99983,100,98870,100,100036,100,98784,100,100209,200,98749,100,100430,100,98640,100,100508,100,98633,100,100683,100,98624,100,100945,100,98582,100,101070,100,98419,100
2019-06-28 10:01:02.759417720,99894,100,99323,327,99928,327,98903,327,99949,327,98870,100,99983,100,98784,100,100036,100,98749,100,100209,200,98640,100,100430,100,98633,100,100508,100,98624,100,100683,100,98582,100,100945,100,98419,100
2019-06-28 10:01:10.000000000,99894,327,99323,327,99928,327,98903,327,99949,100,98870,100,99983,100,98784,100,100036,100,98749,100,100209,200,98640,100,100430,100,98633,100,100508,100,98624,100,100683,100,98582,100,100945,100,98419,100
2019-06-28 10:01:15.741767163,99496,100,99323,327,99894,327,98903,327,99928,327,98784,100,99949,100,98749,100,99983,100,98640,100,100036,100,98633,100,100209,200,98624,100,100430,100,98582,100,100508,100,98419,100,100683,100,98414,100
2019-06-28 10:01:20.000000000,99496,254,99323,254,99894,250,98903,250,99928,250,98784,250,99949,100,98749,100,99983,100,98640,100,100036,100,98633,100,100209,200,98624,100,100430,100,98582,100,100508,100,98419,100,100683,100,98414,100
2019-06-28 10:01:21.102646609,99496,254,99493,100,99894,250,99323,254,99928,250,98903,250,99949,100,98784,250,99983,100,98640,100,100036,100,98633,100,100209,200,98624,100,100430,100,98582,100,100508,100,98419,100,100683,100,98414,100
2019-06-28 10:01:30.000000000,99496,214,99493,214,99894,214,99323,214,99928,214,98903,214,99949,214,98784,214,99983,100,98640,100,100036,100,98633,100,100209,200,98624,100,100430,100,98582,100,100508,100,98419,100,100683,100,98414,100
2019-06-28 10:01:31.023069531,99496,114,99493,214,99894,214,99323,214,99928,214,98903,214,99949,214,98784,214,99983,100,98640,100,100036,100,98633,100,100209,200,98624,100,100430,100,98582,100,100508,100,98419,100,100683,100,98414,100
2019-06-28 10:01:40.000000000,99894,327,99493,327,99928,327,99323,327,99949,100,98903,100,99983,100,98784,100,100036,100,98640,100,100209,200,98633,100,100430,100,98624,100,100508,100,98582,100,100683,100,98419,100,100945,100,98414,100
2019-06-28 10:01:50.000000000,99894,554,99493,554,99928,100,99323,100,99949,100,98903,100,99983,100,98784,100,100036,100,98640,100,100209,200,98633,100,100430,100,98624,100,100508,100,98582,100,100683,100,98419,100,100945,100,98414,100
2019-06-28 10:02:00.000000000,99894,191,99493,191,99928,191,99323,191,99949,191,98903,191,99983,191,98784,191,100036,191,98640,191,100209,200,98633,100,100430,100,98624,100,100508,100,98582,100,100683,100,98419,100,100945,100,98414,100
2019-06-28 10:02:02.886399938,99894,191,99493,191,99928,191,99323,191,99949,191,99280,100,99983,191,98903,191,100036,191,98784,191,100209,200,98640,191,100430,100,98633,100,100508,100,98624,100,100683,100,98582,100,100945,100,98419,100
2019-06-28 10:02:08.106343105,99894,191,99493,191,99928,191,99472,100,99949,191,99323,191,99983,191,99280,100,100036,191,98903,191,100209,200,98784,191,100430,100,98640,191,100508,100,98633,100,100683,100,98624,100,100945,100,98582,100
2019-06-28 10:02:10.000000000,99894,554,99493,554,99928,100,99472,100,99949,100,99323,100,99983,100,99280,100,100036,100,98903,100,100209,200,98784,100,100430,100,98640,100,100508,100,98633,100,100683,100,98624,100,100945,100,98582,100
2019-06-28 10:02:10.858299246,99515,100,99493,554,99894,554,99472,100,99928,100,99323,100,99949,100,99280,100,99983,100,98903,100,100036,100,98784,100,100209,200,98640,100,100430,100,98633,100,100508,100,98624,100,100683,100,98582,100
2019-06-28 10:02:20.000000000,99515,214,99493,214,99894,214,99472,214,99928,214,99323,214,99949,214,99280,214,99983,100,98903,100,100036,100,98784,100,100209,200,98640,100,100430,100,98633,100,100508,100,98624,100,100683,100,98582,100
2019-06-28 10:02:30.000000000,99515,191,99493,191,99894,191,99472,191,99928,191,99323,191,99949,191,99280,191,99983,191,98903,191,100036,100,98784,100,100209,200,98640,100,100430,100,98633,100,100508,100,98624,100,100683,100,98582,100
2019-06-28 10:02:32.714525856,99515,191,99493,191,99795,100,99472,191,99894,191,99323,91,99928,191,99280,191,99949,191,98903,191,99983,191,98784,100,100036,100,98640,100,100209,200,98633,100,100430,100,98624,100,100508,100,98582,100
2019-06-28 10:02:40.000000000,99515,554,99493,554,99795,100,99472,100,99894,100,99280,100,99928,100,98903,100,99949,100,98784,100,99983,100,98640,100,100036,100,98633,100,100209,200,98624,100,100430,100,98582,100,100508,100,98419,100
2019-06-28 10:02:40.076192559,99515,554,99493,554,99795,100,99472,100,99894,100,99396,100,99928,100,99280,100,99949,100,98903,100,99983,100,98784,100,100036,100,98640,100,100209,200,98633,100,100430,100,98624,100,100508,100,98582,100
2019-06-28 10:02:47.991148327,99515,554,99496,100,99795,100,99493,554,99894,100,99472,100,99928,100,99396,100,99949,100,99280,100,99983,100,98903,100,100036,100,98784,100,100209,200,98640,100,100430,100,98633,100,100508,100,98624,100
2019-06-28 10:02:50.000000000,99515,554,99496,554,99795,100,99493,100,99894,100,99472,100,99928,100,99396,100,99949,100,99280,100,99983,100,98903,100,100036,100,98784,100,100209,200,98640,100,100430,100,98633,100,100508,100,98624,100
2019-06-28 10:02:59.035379635,99515,554,99496,654,99795,100,99493,100,99894,100,99472,100,99928,100,99396,100,99949,100,99280,100,99983,100,98903,100,100036,100,98784,100,100209,200,98640,100,100430,100,98633,100,100508,100,98624,100
2019-06-28 10:03:00.000000000,99515,554,99496,654,99795,100,99493,100,99894,100,99472,100,99928,100,99396,100,99949,100,99280,100,99983,100,98903,100,100036,100,98784,100,100209,200,98640,100,100430,100,98633,100,100508,100,98624,100
2019-06-28 10:03:06.325985530,99515,454,99496,654,99795,100,99493,100,99894,100,99472,100,99928,100,99396,100,99949,100,99280,100,99983,100,98903,100,100036,100,98784,100,100209,200,98640,100,100430,100,98633,100,100508,100,98624,100
2019-06-28 10:03:10.000000000,99795,191,99496,291,99894,191,99493,191,99928,191,99472,191,99949,191,99396,191,99983,191,99280,191,100036,100,98903,100,100209,200,98784,100,100430,100,98640,100,100508,100,98633,100,100683,100,98624,100
2019-06-28 10:03:16.060534997,99795,191,99497,100,99894,191,99496,291,99928,191,99493,191,99949,191,99472,191,99983,191,99396,191,100036,100,99280,191,100209,200,98903,100,100430,100,98784,100,100508,100,98640,100,100683,100,98633,100
2019-06-28 10:03:20.000000000,99795,327,99497,327,99894,327,99496,427,99928,100,99493,100,99949,100,99472,100,99983,100,99396,100,100036,100,99280,100,100209,200,98903,100,100430,100,98784,100,100508,100,98640,100,100683,100,98633,100
2019-06-28 10:03:30.000000000,99795,254,99497,254,99894,250,99496,350,99928,250,99493,250,99949,100,99472,100,99983,100,99396,100,100036,100,99280,100,100209,200,98903,100,100430,100,98784,100,100508,100,98640,100,100683,100,98633,100
2019-06-28 10:03:40.000000000,99795,554,99497,554,99894,100,99496,200,99928,100,99493,100,99949,100,99472,100,99983,100,99396,100,100036,100,99280,100,100209,200,98903,100,100430,100,98784,100,100508,100,98640,100,100683,100,98633,100
2019-06-28 10:03:50.000000000,99795,214,99497,214,99894,214,99496,314,99928,214,99493,214,99949,214,99472,214,99983,100,99396,100,100036,100,99280,100,100209,200,98903,100,100430,100,98784,100,100508,100,98640,100,100683,100,98633,100
2019-06-28 10:03:53.336080115,99795,214,99497,314,99894,214,99496,314,99928,214,99493,214,99949,214,99472,214,99983,100,99396,100,100036,100,99280,100,100209,200,98903,100,100430,100,98784,100,100508,100,98640,100,100683,100,98633,100
2019-06-28 10:03:57.539793223,99795,214,99497,314,99894,114,99496,314,99928,214,99493,214,99949,214,99472,214,99983,100,99396,100,100036,100,99280,100,100209,200,98903,100,100430,100,98784,100,100508,100,98640,100,100517,100,98633,100
2019-06-28 10:04:00.000000000,99795,191,99497,291,99928,191,99496,291,99949,191,99493,191,99983,191,99472,191,100036,191,99396,191,100209,200,99280,100,100430,100,98903,100,100508,100,98784,100,100517,100,98640,100,100683,100,98633,100
2019-06-28 10:04:01.229662559,99795,191,99497,391,99928,191,99496,291,99949,191,99493,191,99983,191,99472,191,100036,91,99396,191,100209,200,99280,100,100430,100,98903,100,100508,100,98784,100,100517,100,98640,100,100683,100,98633,100
2019-06-28 10:04:10.000000000,99795,191,99497,391,99928,191,99496,291,99949,191,99493,191,99983,191,99472,191,100209,291,99396,191,100430,100,99280,100,100508,100,98903,100,100517,100,98784,100,100683,100,98640,100,100945,100,98633,100
2019-06-28 10:04:20.000000000,99795,191,99497,391,99928,191,99496,291,99949,191,99493,191,99983,191,99472,191,100209,291,99396,191,100430,100,99280,100,100508,100,98903,100,100517,100,98784,100,100683,100,98640,100,100945,100,98633,100
2019-06-28 10:04:23.462996506,99795,191,99497,391,99928,191,99496,291,99949,191,99493,191,99983,191,99472,191,100051,100,99396,191,100209,291,99280,100,100430,100,98903,100,100508,100,98784,100,100517,100,98640,100,100683,100,98633,100
2019-06-28 10:04:30.000000000,99795,554,99497,754,99928,100,99496,200,99949,100,99493,100,99983,100,99472,100,100051,100,99396,100,100209,200,99280,100,100430,100,98903,100,100508,100,98784,100,100517,100,98640,100,100683,100,98633,100
2019-06-28 10:04:39.893544943,99795,554,99497,754,99928,100,99496,200,99949,100,99493,100,99983,100,99472,100,100030,100,99396,100,100051,100,99280,100,100209,200,98903,100,100430,100,98784,100,100508,100,98640,100,100517,100,98633,100
2019-06-28 10:04:40.000000000,99795,327,99497,527,99928,327,99496,427,99949,100,99493,100,99983,100,99472,100,100030,100,99396,100,100051,100,99280,100,100209,200,98903,100,100430,100,98784,100,100508,100,98640,100,100517,100,98633,100
2019-06-28 10:04:50.000000000,99795,214,99497,414,99928,214,99496,314,99949,214,99493,214,99983,214,99472,214,100030,100,99396,100,100051,100,99280,100,100209,200,98903,100,100430,100,98784,100,100508,100,98640,100,100517,100,98633,100
2019-06-28 10:04:51.964051109,99795,114,99497,414,99928,214,99496,314,99949,214,99493,214,99983,214,99472,214,100030,100,99396,100,100051,100,99280,100,100209,200,98903,100,100430,100,98784,100,100508,100,98640,100,100517,100,98633,100
2019-06-28 10:05:00.000000000,99928,214,99497,414,99949,214,99496,314,99983,214,99493,214,100030,214,99472,214,100051,100,99396,100,100209,200,99280,100,100430,100,98903,100,100508,100,98784,100,100517,100,98640,100,100683,100,98633,100
2019-06-28 10:05:05.443636974,99928,214,99497,414,99949,214,99496,314,99983,214,99493,214,100030,214,99472,214,100051,100,99396,100,100209,200,99280,100,100430,100,98903,100,100508,100,98784,100,100517,100,98640,100,100525,100,98633,100
2019-06-28 10:05:10.000000000,99928,191,99497,391,99949,191,99496,291,99983,191,99493,191,100030,191,99472,191,100051,191,99396,191,100209,200,99280,100,100430,100,98903,100,100508,100,98784,100,100517,100,98640,100,100525,100,98633,100
2019-06-28 10:05:20.000000000,99928,214,99497,414,99949,214,99496,314,99983,214,99493,214,100030,214,99472,214,100051,100,99396,100,100209,200,99280,100,100430,100,98903,100,100508,100,98784,100,100517,100,98640,100,100525,100,98633,100
2019-06-28 10:05:30.000000000,99928,554,99497,754,99949,100,99496,200,99983,100,99493,100,100030,100,99472,100,100051,100,99396,100,100209,200,99280,100,100430,100,98903,100,100508,100,98784,100,100517,100,98640,100,100525,100,98633,100
2019-06-28 10:05:40.000000000,99928,191,99497,391,99949,191,99496,291,99983,191,99493,191,100030,191,99472,191,100051,191,99396,191,100209,200,99280,100,100430,100,98903,100,100508,100,98784,100,100517,100,98640,100,100525,100,98633,100
2019-06-28 10:05:40.493383378,99928,91,99497,391,99949,191,99496,291,99983,191,99493,191,100030,191,99472,191,100051,191,99396,191,100209,200,99280,100,100430,100,98903,100,100508,100,98784,100,100517,100,98640,100,100525,100,98633,100
2019-06-28 10:05:50.000000000,99949,554,99497,754,99983,100,99496,200,100030,100,99493,100,100051,100,99472,100,100209,200,99396,100,100430,100,99280,100,100508,100,98903,100,100517,100,98784,100,100525,100,98640,100,100683,100,98633,100
2019-06-28 10:06:00.000000000,99949,554,99497,754,99983,100,99496,200,100030,100,99493,100,100051,100,99472,100,100209,200,99396,100,100430,100,99280,100,100508,100,98903,100,100517,100,98784,100,100525,100,98640,100,100683,100,98633,100
2019-06-28 10:06:04.421476167,99949,454,99497,754,99983,100,99496,200,100030,100,99493,100,100051,100,99472,100,100209,200,99396,100,100430,100,99280,100,100508,100,98903,100,100517,100,98784,100,100525,100,98640,100,100683,100,98633,100
2019-06-28 10:06:08.268072151,99949,454,99497,754,99983,100,99496,200,100030,100,99493,100,100051,100,99472,100,100209,200,99396,100,100430,100,99280,100,100508,100,98903,100,100517,100,98784,100,100525,100,98640,100,100626,100,98633,100
2019-06-28 10:06:10.000000000,99983,214,99497,414,100030,214,99496,314,100051,214,99493,214,100209,314,99472,214,100430,100,99396,100,100508,100,99280,100,100517,100,98903,100,100525,100,98784,100,100626,100,98640,100,100683,100,98633,100
2019-06-28 10:06:13.149456574,99983,214,99497,414,100030,214,99496,314,100051,214,99493,114,100209,314,99472,214,100430,100,99396,100,100508,100,99280,100,100517,100,98903,100,100525,100,98784,100,100626,100,98640,100,100683,100,98633,100
2019-06-28 10:06:20.000000000,99983,554,99497,754,100030,100,99496,200,100051,100,99472,100,100209,200,99396,100,100430,100,99280,100,100508,100,98903,100,100517,100,98784,100,100525,100,98640,100,100626,100,98633,100,100683,100,98624,100
2019-06-28 10:06:28.607934750,99983,554,99928,100,100030,100,99497,754,100051,100,99496,200,100209,200,99472,100,100430,100,99396,100,100508,100,99280,100,100517,100,98903,100,100525,100,98784,100,100626,100,98640,100,100683,100,98633,100
2019-06-28 10:06:30.000000000,99983,554,99928,554,100030,100,99497,300,100051,100,99496,200,100209,200,99472,100,100430,100,99396,100,100508,100,99280,100,100517,100,98903,100,100525,100,98784,100,100626,100,98640,100,100683,100,98633,100
2019-06-28 10:06:30.733736076,99983,554,99928,554,100030,100,99497,300,100051,100,99496,200,100209,200,99472,100,100430,100,99396,100,100508,100,99280,100,100517,100,98903,100,100525,100,98784,100,100626,100,98640,100,100683,100,98633,100
2019-06-28 10:06:33.238241283,99983,454,99928,554,100030,100,99497,300,100051,100,99496,200,100209,200,99472,100,100430,100,99396,100,100508,100,99280,100,100517,100,98903,100,100525,100,98784,100,100626,100,98640,100,100683,100,98633,100
2019-06-28 10:06:40.000000000,100030,554,99928,554,100051,100,99497,300,100209,200,99496,200,100430,100,99472,100,100508,100,99396,100,100517,100,99280,100,100525,100,98903,100,100626,100,98784,100,100683,100,98640,100,100822,100,98633,100
2019-06-28 10:06:50.000000000,100030,214,99928,214,100051,214,99497,414,100209,314,99496,314,100430,214,99472,214,100508,100,99396,100,100517,100,99280,100,100525,100,98903,100,100626,100,98784,100,100683,100,98640,100,100822,100,98633,100
2019-06-28 10:07:00.000000000,100030,214,99928,214,100051,214,99497,414,100209,314,99496,314,100430,214,99472,214,100508,100,99396,100,100517,100,99280,100,100525,100,98903,100,100626,100,98784,100,100683,100,98640,100,100822,100,98633,100
2019-06-28 10:07:10.000000000,100030,191,99928,191,100051,191,99497,391,100209,291,99496,291,100430,191,99472,191,100508,191,99396,191,100517,100,99280,100,100525,100,98903,100,100626,100,98784,100,100683,100,98640,100,100822,100,98633,100
2019-06-28 10:07:18.380062561,100030,91,99928,191,100051,191,99497,391,100209,291,99496,291,100430,191,99472,191,100508,191,99396,191,100517,100,99280,100,100525,100,98903,100,100626,100,98784,100,100683,100,98640,100,100822,100,98633,100
2019-06-28 10:07:19.797019249,100030,91,99928,191,100051,191,99497,391,100209,291,99496,291,100430,191,99472,191,100508,191,99396,191,100517,100,99280,100,100525,100,98903,100,100626,100,98784,100,100683,100,98640,100,100822,100,98633,100
2019-06-28 10:07:20.000000000,100051,327,99928,327,100209,427,99497,527,100430,100,99496,200,100508,100,99472,100,100517,100,99396,100,100525,100,99280,100,100626,100,98903,100,100683,100,98784,100,100822,100,98640,100,100886,100,98633,100
2019-06-28 10:07:30.000000000,100051,327,99928,327,100209,427,99497,527,100430,100,99496,200,100508,100,99472,100,100517,100,99396,100,100525,100,99280,100,100626,100,98903,100,100683,100,98784,100,100822,100,98640,100,100886,100,98633,100
2019-06-28 10:07:36.880152288,100051,327,99928,227,100209,427,99497,527,100430,100,99496,200,100508,100,99472,100,100517,100,99396,100,100525,100,99280,100,100626,100,98903,100,100683,100,98784,100,100822,100,98640,100,100886,100,98633,100
2019-06-28 10:07:40.000000000,100051,554,99497,754,100209,200,99496,200,100430,100,99472,100,100508,100,99396,100,100517,100,99280,100,100525,100,98903,100,100626,100,98784,100,100683,100,98640,100,100822,100,98633,100,100886,100,98624,100
2019-06-28 10:07:50.000000000,100051,554,99497,754,100209,200,99496,200,100430,100,99472,100,100508,100,99396,100,100517,100,99280,100,100525,100,98903,100,100626,100,98784,100,100683,100,98640,100,100822,100,98633,100,100886,100,98624,100
2019-06-28 10:08:00.000000000,100051,327,99497,527,100209,427,99496,427,100430,100,99472,100,100508,100,99396,100,100517,100,99280,100,100525,100,98903,100,100626,100,98784,100,100683,100,98640,100,100822,100,98633,100,100886,100,98624,100
2019-06-28 10:08:10.000000000,100051,254,99497,454,100209,350,99496,350,100430,250,99472,250,100508,100,99396,100,100517,100,99280,100,100525,100,98903,100,100626,100,98784,100,100683,100,98640,100,100822,100,98633,100,100886,100,98624,100
