,ask_price_1,ask_size_1,bid_price_1,bid_size_1,ask_price_2,ask_size_2,bid_price_2,bid_size_2,ask_price_3,ask_size_3,bid_price_3,bid_size_3,ask_price_4,ask_size_4,bid_price_4,bid_size_4,ask_price_5,ask_size_5,bid_price_5,bid_size_5,ask_price_6,ask_size_6,bid_price_6,bid_size_6,ask_price_7,ask_size_7,bid_price_7,bid_size_7,ask_price_8,ask_size_8,bid_price_8,bid_size_8,ask_price_9,ask_size_9,bid_price_9,bid_size_9,ask_price_10,ask_size_10,bid_price_10,bid_size_10
2019-06-28 09:30:00.000000001,100036,100,,,100042,100,,,100151,100,,,,,,,,,,,,,,,,,,,,,,,,,,,,,,
2019-06-28 09:30:00.000000002,100036,100,99935,100,100042,100,,,100151,100,,,100207,100,,,,,,,,,,,,,,,,,,,,,,,,,,
2019-06-28 09:30:00.000000003,100042,100,99935,100,100151,100,,,100207,100,,,,,,,,,,,,,,,,,,,,,,,,,,,,,,
2019-06-28 09:30:00.000000006,100042,100,99965,100,100051,100,99935,100,100151,100,99915,100,100207,100,99825,100,,,,,,,,,,,,,,,,,,,,,,,,
2019-06-28 09:30:00.000000007,100042,100,99965,100,100051,100,99935,100,100151,100,99932,100,100207,100,99915,100,,,99825,100,,,,,,,,,,,,,,,,,,,,
2019-06-28 09:30:00.000000009,100042,100,99965,100,100051,100,99935,100,100054,100,99932,100,100151,100,99915,100,100207,100,99825,100,,,,,,,,,,,,,,,,,,,,
2019-06-28 09:30:00.000000011,100042,100,99965,100,100043,100,99935,100,100051,100,99932,100,100054,100,99915,100,100151,100,99825,100,100207,100,,,,,,,,,,,,,,,,,,
2019-06-28 09:30:00.000000013,100042,100,99965,100,100043,100,99935,100,100051,100,99932,100,100054,100,99915,100,100086,100,99825,100,100151,100,,,100207,100,,,,,,,,,,,,,,
2019-06-28 09:30:00.000000014,99991,100,99965,100,100042,100,99935,100,100043,100,99932,100,100051,100,99915,100,100054,100,99825,100,100086,100,,,100090,100,,,100151,100,,,100207,100,,,,,,
2019-06-28 09:30:00.000000017,99991,100,99965,100,100042,100,99935,100,100043,100,99932,100,100051,100,99915,100,100054,100,99825,100,100071,100,,,100086,100,,,100090,100,,,100151,100,,,100207,100,,
2019-06-28 09:30:00.000000018,99991,100,99965,100,100042,100,99935,100,100043,100,99932,100,100051,100,99915,100,100054,100,99892,100,100070,100,99825,100,100071,100,,,100086,100,,,100090,100,,,100151,100,,
2019-06-28 09:30:00.000000022,99991,100,99965,100,100042,100,99935,100,100043,100,99932,100,100051,100,99925,100,100054,100,99915,100,100070,100,99892,100,100071,100,99825,100,100086,100,,,100090,100,,,100151,100,,
2019-06-28 09:30:00.000000024,99991,100,99965,100,100042,100,99935,100,100043,100,99932,100,100051,100,99925,100,100054,100,99915,100,100070,100,99892,100,100071,100,99825,100,100086,100,,,100090,100,,,100149,100,,
2019-06-28 09:30:00.000000025,99991,100,99965,100,100042,100,99939,100,100043,100,99935,100,100051,100,99933,100,100054,100,99932,100,100070,100,99925,100,100071,100,99915,100,100086,100,99892,100,100090,100,99825,100,100149,100,,
2019-06-28 09:30:00.000000028,99991,100,99981,200,100042,100,99965,100,100043,100,99939,100,100051,100,99935,100,100054,100,99933,100,100070,100,99932,100,100071,100,99925,100,100086,100,99915,100,100090,100,99892,100,100149,100,99825,100
2019-06-28 09:30:00.000000029,99991,100,99981,200,100042,100,99965,100,100043,100,99939,100,100051,100,99935,100,100054,100,99933,100,100070,100,99932,100,100071,100,99925,100,100086,100,99915,100,100090,100,99892,100,100139,100,99825,100
2019-06-28 09:30:00.000000030,99991,100,99981,200,100042,100,99965,100,100043,100,99939,100,100051,100,99935,100,100054,100,99933,100,100070,100,99932,100,100071,100,99925,100,100086,200,99915,100,100090,100,99892,100,100139,100,99825,100
2019-06-28 09:30:00.000000033,99991,100,99981,200,100042,100,99965,100,100043,100,99939,100,100051,100,99935,100,100054,100,99933,100,100070,100,99932,100,100071,100,99925,100,100086,200,99915,100,100090,100,99896,100,100139,100,99892,100
2019-06-28 09:30:00.000000034,99991,100,99990,100,100042,100,99981,200,100043,100,99965,100,100051,100,99942,100,100054,100,99939,100,100070,100,99935,100,100071,100,99933,100,100086,200,99932,100,100090,100,99925,100,100139,100,99915,100
2019-06-28 09:30:00.000000037,99991,100,99990,100,100042,100,99981,200,100043,100,99965,100,100051,100,99942,100,100054,100,99939,100,100070,100,99935,100,100071,100,99933,100,100075,100,99932,100,100086,200,99925,100,100090,100,99915,100
2019-06-28 09:30:00.000000038,99991,100,99990,100,100007,100,99981,200,100042,100,99965,100,100043,100,99942,100,100051,100,99939,100,100054,100,99935,100,100070,100,99933,100,100071,100,99932,100,100075,100,99925,100,100086,200,99915,100
2019-06-28 09:30:00.000000039,99991,100,99990,100,100007,100,99981,200,100042,100,99965,100,100043,100,99942,100,100051,100,99939,100,100054,100,99935,100,100070,100,99933,100,100071,100,99932,100,100075,100,99927,100,100086,200,99925,100
2019-06-28 09:30:00.000000040,99991,100,99990,100,100007,100,99981,200,100042,100,99965,100,100043,100,99942,100,100051,100,99939,100,100054,100,99935,100,100070,100,99933,100,100071,100,99932,100,100075,100,99927,100,100086,200,99925,100
2019-06-28 09:30:00.000000044,99991,100,99990,100,100007,100,99981,200,100042,100,99965,100,100043,100,99942,100,100051,100,99939,100,100054,100,99935,100,100056,100,99933,100,100070,100,99932,100,100071,100,99927,100,100075,100,99925,100
2019-06-28 09:30:00.000000045,99991,100,99990,100,100007,100,99981,200,100019,100,99965,100,100042,100,99942,100,100043,100,99939,100,100051,100,99935,100,100054,100,99933,100,100056,100,99932,100,100070,100,99927,100,100071,100,99925,100
2019-06-28 09:30:00.000000046,100007,100,99990,100,100019,100,99981,200,100042,100,99965,100,100043,100,99942,100,100051,100,99939,100,100054,100,99935,100,100056,100,99933,100,100070,100,99932,100,100071,100,99927,100,100075,100,99925,100
2019-06-28 09:30:00.000000053,100007,100,99990,100,100019,100,99981,200,100042,100,99965,100,100043,100,99942,100,100051,100,99939,100,100054,100,99935,100,100056,100,99933,100,100070,100,99932,100,100071,100,99927,100,100075,100,99925,100
2019-06-28 09:30:00.000000055,100007,100,99990,100,100019,100,99981,200,100042,100,99965,100,100043,100,99942,100,100045,100,99939,100,100051,100,99935,100,100054,200,99933,100,100056,100,99932,100,100070,100,99927,100,100071,100,99925,100
2019-06-28 09:30:00.000000057,100007,100,99999,100,100019,100,99990,100,100042,100,99981,200,100043,100,99965,100,100045,100,99942,100,100051,100,99939,100,100054,200,99935,100,100056,100,99933,100,100070,100,99932,100,100071,100,99927,100
2019-06-28 09:30:00.000000059,100019,100,100000,100,100042,100,99999,100,100043,100,99990,100,100045,100,99981,200,100051,100,99965,100,100054,200,99942,100,100056,100,99939,100,100070,100,99935,100,100071,100,99933,100,100075,100,99932,100
2019-06-28 09:30:00.000000060,100019,100,100000,100,100042,100,99999,100,100043,100,99990,100,100045,100,99981,200,100051,100,99965,100,100054,200,99942,100,100055,100,99939,100,100056,100,99935,100,100070,100,99933,100,100071,100,99932,100
2019-06-28 09:30:00.000000061,100019,100,100000,100,100021,100,99999,100,100042,100,99990,100,100043,100,99981,200,100045,100,99965,100,100051,100,99942,100,100054,200,99939,100,100055,100,99935,100,100056,100,99933,100,100070,100,99932,100
2019-06-28 09:30:00.000000063,100019,100,100000,100,100021,100,99999,100,100042,100,99990,100,100043,100,99981,200,100045,100,99967,100,100051,100,99965,100,100054,200,99942,100,100055,100,99939,100,100056,100,99935,100,100070,100,99933,100
2019-06-28 09:30:00.000000065,100019,100,100000,200,100021,100,99999,100,100042,100,99990,100,100043,100,99981,200,100045,100,99967,100,100051,100,99965,100,100054,200,99942,100,100055,100,99939,100,100056,100,99935,100,100070,100,99933,100
2019-06-28 09:30:00.000000066,100019,100,100000,200,100021,100,99999,100,100042,100,99990,100,100043,100,99986,100,100045,100,99981,200,100051,100,99967,100,100054,200,99965,100,100055,100,99942,100,100056,100,99939,100,100070,100,99935,100
2019-06-28 09:30:00.000000068,100021,100,100000,200,100042,100,99999,100,100043,100,99990,100,100045,100,99986,100,100051,100,99981,200,100054,200,99967,100,100055,100,99965,100,100056,100,99942,100,100070,100,99939,100,100071,100,99935,100
2019-06-28 09:30:00.000000069,100021,100,100000,100,100042,100,99999,100,100043,100,99990,100,100045,100,99986,100,100051,100,99981,200,100054,200,99967,100,100055,100,99965,100,100056,100,99942,100,100070,100,99939,100,100071,100,99935,100
2019-06-28 09:30:00.000000070,100019,100,100000,100,100021,100,99999,100,100042,100,99990,100,100043,100,99986,100,100045,100,99981,200,100051,100,99967,100,100054,200,99965,100,100055,100,99942,100,100056,100,99939,100,100070,100,99935,100
2019-06-28 09:30:00.000000072,100019,100,100000,100,100021,100,99999,100,100042,100,99990,100,100043,100,99986,100,100045,100,99981,200,100051,100,99967,100,100054,200,99965,100,100055,100,99942,100,100056,100,99939,100,100070,100,99935,100
2019-06-28 09:30:00.000000075,100019,100,100000,100,100021,100,99999,100,100042,100,99990,100,100043,100,99986,100,100045,100,99981,200,100051,100,99967,100,100054,200,99965,100,100055,100,99942,100,100056,100,99939,100,100070,100,99935,100
2019-06-28 09:30:00.000000077,100019,100,100000,100,100021,100,99999,100,100042,100,99990,100,100043,100,99986,100,100045,100,99981,200,100051,100,99967,100,100054,200,99965,100,100055,100,99960,100,100056,100,99942,100,100070,100,99939,100
2019-06-28 09:30:00.000000078,100019,100,100000,100,100021,100,99999,100,100042,100,99990,100,100043,100,99986,100,100045,100,99981,200,100051,100,99967,100,100054,200,99965,100,100055,100,99960,100,100056,100,99942,100,100070,100,99939,100
2019-06-28 09:30:00.000000080,100019,100,100000,100,100021,100,99999,100,100042,200,99990,100,100043,100,99986,100,100045,100,99981,200,100051,100,99967,100,100054,200,99965,100,100055,100,99960,100,100056,100,99942,100,100070,100,99939,100
2019-06-28 09:30:00.000000082,100021,100,100000,100,100042,200,99999,100,100043,100,99990,100,100045,100,99986,100,100051,100,99981,200,100054,200,99967,100,100055,100,99965,100,100056,100,99960,100,100070,100,99942,100,100071,100,99939,100
2019-06-28 09:30:00.000000086,100021,100,100000,100,100042,200,99999,100,100043,100,99990,100,100045,100,99986,100,100051,100,99981,200,100054,200,99967,100,100055,100,99965,100,100056,100,99960,100,100070,100,99948,100,100071,100,99942,100
2019-06-28 09:30:00.000000090,100021,100,100000,100,100042,200,99999,100,100043,100,99990,100,100045,100,99986,100,100051,200,99981,200,100054,200,99967,100,100055,100,99965,100,100056,100,99960,100,100070,100,99948,100,100071,100,99942,100
2019-06-28 09:30:00.000000092,100021,100,100000,100,100042,200,99999,100,100043,100,99990,100,100045,100,99986,100,100051,200,99981,200,100054,200,99967,100,100055,100,99965,100,100056,100,99960,100,100070,100,99948,100,100071,100,99942,100
2019-06-28 09:30:00.000000095,100021,100,100000,100,100042,200,99999,100,100043,100,99990,100,100045,100,99986,100,100051,200,99981,200,100054,200,99967,100,100055,100,99965,100,100056,100,99960,100,100070,100,99948,100,100071,100,99942,100
2019-06-28 09:30:00.000000099,100021,100,99999,100,100042,200,99990,100,100043,100,99986,100,100045,100,99981,200,100051,200,99967,100,100054,200,99965,100,100055,100,99960,100,100056,100,99948,100,100070,100,99942,100,100071,100,99939,100
2019-06-28 09:30:00.039640947,100021,100,99999,100,100042,200,99990,100,100043,100,99986,100,100045,100,99981,200,100051,200,99967,100,100054,200,99965,100,100055,100,99960,100,100056,100,99948,100,100070,100,99942,100,100071,100,99939,100
2019-06-28 09:30:00.331787553,100021,100,99999,100,100042,200,99990,100,100043,100,99986,100,100045,100,99981,200,100051,200,99967,100,100054,200,99965,100,100055,100,99960,100,100056,100,99948,100,100070,100,99942,100,100071,100,99939,100
2019-06-28 09:30:10.000000000,100021,254,99999,254,100042,349,99990,249,100043,249,99986,249,100045,100,99981,200,100051,200,99967,100,100054,200,99965,100,100055,100,99960,100,100056,100,99948,100,100070,100,99942,100,100071,100,99939,100
2019-06-28 09:30:10.079928580,100021,154,99999,254,100042,349,99990,249,100043,249,99986,249,100045,100,99981,200,100051,200,99967,100,100054,200,99965,100,100055,100,99960,100,100056,100,99948,100,100070,100,99942,100,100071,100,99939,100
2019-06-28 09:30:14.494060709,100021,54,99999,254,100042,349,99990,249,100043,249,99986,249,100045,100,99981,200,100051,200,99967,100,100054,200,99965,100,100055,100,99960,100,100056,100,99948,100,100070,100,99942,100,100071,100,99939,100
2019-06-28 09:30:20.000000000,100042,291,99999,191,100043,191,99990,191,100045,191,99986,191,100051,291,99981,291,100054,291,99967,191,100055,100,99965,100,100056,100,99960,100,100070,100,99948,100,100071,100,99942,100,100081,100,99939,100
2019-06-28 09:30:22.555383672,100042,291,99999,191,100043,191,99990,191,100045,191,99986,191,100051,291,99981,291,100054,291,99967,191,100055,100,99960,100,100056,100,99948,100,100070,100,99942,100,100071,100,99939,100,100081,100,99935,100
2019-06-28 09:30:23.916241596,100042,291,99999,91,100043,91,99990,191,100045,191,99986,191,100051,291,99981,291,100054,291,99967,191,100055,100,99960,100,100056,100,99948,100,100070,100,99942,100,100071,100,99939,100,100081,100,99935,100
2019-06-28 09:30:30.000000000,100042,426,99990,326,100045,326,99986,326,100051,200,99981,200,100054,200,99967,100,100055,100,99960,100,100056,100,99948,100,100070,100,99942,100,100071,100,99939,100,100081,100,99935,100,100086,200,99933,100
2019-06-28 09:30:31.470991268,100021,100,99990,326,100042,426,99986,326,100045,326,99981,200,100051,200,99967,100,100054,200,99960,100,100055,100,99948,100,100056,100,99942,100,100070,100,99939,100,100071,100,99935,100,100081,100,99933,100
2019-06-28 09:30:40.000000000,100021,191,99990,191,100042,291,99986,191,100045,191,99981,291,100051,291,99967,191,100054,291,99960,191,100055,100,99948,100,100056,100,99942,100,100070,100,99939,100,100071,100,99935,100,100081,100,99933,100
2019-06-28 09:30:50.000000000,100021,553,99990,553,100042,200,99986,100,100045,100,99981,200,100051,200,99967,100,100054,200,99960,100,100055,100,99948,100,100056,100,99942,100,100070,100,99939,100,100071,100,99935,100,100081,100,99933,100
2019-06-28 09:30:53.987245162,100021,553,99990,553,100042,200,99986,100,100045,100,99981,200,100051,200,99960,100,100054,200,99948,100,100055,100,99942,100,100056,100,99939,100,100070,100,99935,100,100071,100,99933,100,100081,100,99932,100
2019-06-28 09:30:58.699991275,100021,653,99990,553,100042,200,99986,100,100045,100,99981,200,100051,200,99960,100,100054,200,99948,100,100055,100,99942,100,100056,100,99939,100,100070,100,99935,100,100081,100,99933,100,100086,200,99932,100
2019-06-28 09:31:00.000000000,100021,354,99990,254,100042,349,99986,249,100045,249,99981,349,100051,200,99960,100,100054,200,99948,100,100055,100,99942,100,100056,100,99939,100,100070,100,99935,100,100081,100,99933,100,100086,200,99932,100
2019-06-28 09:31:10.000000000,100021,291,99990,191,100042,291,99986,191,100045,191,99981,291,100051,291,99960,191,100054,291,99948,191,100055,100,99942,100,100056,100,99939,100,100070,100,99935,100,100081,100,99933,100,100086,200,99932,100
2019-06-28 09:31:20.000000000,100021,653,99990,553,100042,200,99986,100,100045,100,99981,200,100051,200,99960,100,100054,200,99948,100,100055,100,99942,100,100056,100,99939,100,100070,100,99935,100,100081,100,99933,100,100086,200,99932,100
2019-06-28 09:31:22.566423187,100021,653,99990,553,100042,200,99986,100,100045,100,99981,200,100051,200,99980,100,100054,200,99960,100,100055,100,99948,100,100056,100,99942,100,100070,100,99939,100,100081,100,99935,100,100086,200,99933,100
2019-06-28 09:31:30.000000000,100021,653,99990,553,100042,200,99986,100,100045,100,99981,200,100051,200,99980,100,100054,200,99960,100,100055,100,99948,100,100056,100,99942,100,100070,100,99939,100,100081,100,99935,100,100086,200,99933,100
2019-06-28 09:31:37.286948723,100021,653,99990,553,100042,200,99986,100,100045,100,99981,100,100051,200,99980,100,100054,200,99960,100,100055,100,99948,100,100056,100,99942,100,100070,100,99939,100,100081,100,99935,100,100086,200,99933,100
2019-06-28 09:31:40.000000000,100021,291,99990,191,100042,291,99986,191,100045,191,99981,191,100051,291,99980,191,100054,291,99960,191,100055,100,99948,100,100056,100,99942,100,100070,100,99939,100,100081,100,99935,100,100086,200,99933,100
2019-06-28 09:31:41.892401639,100021,291,99990,191,100042,291,99986,191,100045,191,99981,191,100051,291,99980,191,100054,291,99960,191,100055,100,99948,100,100056,100,99942,100,100070,100,99939,100,100081,100,99935,100,100086,200,99933,100
2019-06-28 09:31:43.090000456,100021,291,99994,100,100042,291,99990,191,100045,191,99986,191,100051,191,99981,191,100054,291,99980,191,100055,100,99960,191,100056,100,99948,100,100070,100,99942,100,100081,100,99939,100,100086,200,99935,100
2019-06-28 09:31:50.000000000,100021,653,99994,553,100042,200,99990,100,100045,100,99986,100,100051,100,99981,100,100054,200,99980,100,100055,100,99960,100,100056,100,99948,100,100070,100,99942,100,100081,100,99939,100,100086,200,99935,100
2019-06-28 09:32:00.000000000,100021,354,99994,254,100042,349,99990,249,100045,249,99986,249,100051,100,99981,100,100054,200,99980,100,100055,100,99960,100,100056,100,99948,100,100070,100,99942,100,100081,100,99939,100,100086,200,99935,100
2019-06-28 09:32:10.000000000,100021,313,99994,213,100042,313,99990,213,100045,213,99986,213,100051,213,99981,213,100054,200,99980,100,100055,100,99960,100,100056,100,99948,100,100070,100,99942,100,100081,100,99939,100,100086,200,99935,100
2019-06-28 09:32:20.000000000,100021,354,99994,254,100042,349,99990,249,100045,249,99986,249,100051,100,99981,100,100054,200,99980,100,100055,100,99960,100,100056,100,99948,100,100070,100,99942,100,100081,100,99939,100,100086,200,99935,100
2019-06-28 09:32:20.021201571,100021,354,99994,154,100042,349,99990,249,100045,249,99986,249,100051,100,99981,100,100054,200,99980,100,100055,100,99960,100,100056,100,99948,100,100070,100,99942,100,100081,100,99939,100,100086,100,99935,100
2019-06-28 09:32:26.586362621,99999,100,99994,154,100021,354,99990,249,100042,349,99986,249,100045,249,99981,100,100051,100,99980,100,100054,200,99960,100,100055,100,99948,100,100056,100,99942,100,100081,100,99939,100,100086,100,99935,100
2019-06-28 09:32:30.000000000,99999,254,99990,254,100021,349,99986,249,100042,349,99981,249,100045,100,99980,100,100051,100,99960,100,100054,200,99948,100,100055,100,99942,100,100056,100,99939,100,100081,100,99935,100,100086,100,99933,100
2019-06-28 09:32:40.000000000,99999,553,99990,553,100021,200,99986,100,100042,200,99981,100,100045,100,99980,100,100051,100,99960,100,100054,200,99948,100,100055,100,99942,100,100056,100,99939,100,100081,100,99935,100,100086,100,99933,100
2019-06-28 09:32:41.305428633,99999,553,99990,553,100021,200,99986,100,100042,200,99981,100,100045,100,99980,100,100051,100,99960,100,100054,200,99948,100,100055,100,99942,100,100056,100,99939,100,100081,100,99935,100,100086,100,99933,100
2019-06-28 09:32:41.888929399,99999,353,99990,553,100021,200,99986,100,100042,200,99981,100,100045,100,99980,100,100051,100,99960,100,100054,200,99948,100,100055,100,99942,100,100056,100,99939,100,100081,100,99935,100,100086,100,99933,100
2019-06-28 09:32:46.189748811,99999,253,99990,553,100021,200,99986,100,100042,200,99981,100,100045,100,99980,100,100051,100,99960,100,100054,200,99948,100,100055,100,99942,100,100056,100,99939,100,100081,100,99935,100,100086,100,99933,100
2019-06-28 09:32:46.299233997,99999,253,99990,553,100021,200,99986,100,100042,200,99981,100,100045,100,99980,100,100051,100,99960,100,100054,200,99948,100,100055,100,99942,100,100056,100,99939,100,100081,100,99935,100,100086,100,99933,100
2019-06-28 09:32:50.000000000,100021,313,99990,213,100042,313,99986,213,100045,213,99981,213,100051,213,99980,213,100054,200,99960,100,100055,100,99948,100,100056,100,99942,100,100081,100,99939,100,100086,100,99935,100,100090,100,99933,100
2019-06-28 09:32:50.642257134,100021,213,99990,213,100042,313,99986,213,100045,213,99981,213,100051,213,99980,213,100054,200,99960,100,100055,100,99948,100,100056,100,99942,100,100081,100,99939,100,100086,100,99935,100,100090,100,99933,100
2019-06-28 09:32:51.891248188,100021,213,99999,100,100042,313,99990,213,100045,213,99986,213,100051,213,99981,213,100054,200,99980,213,100055,100,99960,100,100056,100,99948,100,100081,100,99942,100,100086,100,99939,100,100090,100,99935,100
2019-06-28 09:32:56.008907720,100021,213,99999,100,100042,313,99990,213,100045,213,99986,213,100051,213,99981,213,100054,100,99980,213,100055,100,99960,100,100056,100,99948,100,100081,100,99942,100,100086,100,99939,100,100090,100,99935,100
2019-06-28 09:32:56.525231353,100021,213,99999,100,100042,313,99990,213,100045,213,99986,213,100051,113,99981,213,100054,100,99980,213,100055,100,99960,100,100056,100,99948,100,100081,100,99942,100,100086,100,99939,100,100090,100,99935,100
2019-06-28 09:33:00.000000000,100021,326,99999,326,100042,426,99990,326,100045,100,99986,100,100054,100,99981,100,100055,100,99980,100,100056,100,99960,100,100081,100,99948,100,100086,100,99942,100,100090,100,99939,100,100110,100,99935,100
2019-06-28 09:33:00.211433843,100021,326,99999,326,100042,426,99990,326,100045,100,99986,100,100054,100,99981,100,100055,100,99980,100,100056,100,99960,100,100081,100,99948,100,100086,100,99942,100,100090,100,99939,100,100110,100,99935,100
2019-06-28 09:33:10.000000000,100021,326,99999,326,100042,426,99990,326,100045,100,99986,100,100054,100,99981,100,100055,100,99980,100,100056,100,99960,100,100081,100,99948,100,100086,100,99942,100,100090,100,99939,100,100110,100,99935,100
2019-06-28 09:33:20.000000000,100021,553,99999,553,100042,200,99990,100,100045,100,99986,100,100054,100,99981,100,100055,100,99980,100,100056,100,99960,100,100081,100,99948,100,100086,100,99942,100,100090,100,99939,100,100110,100,99935,100
2019-06-28 09:33:21.995357687,100021,453,99999,553,100042,200,99990,100,100045,100,99986,100,100054,100,99981,100,100055,100,99980,100,100056,100,99960,100,100081,100,99948,100,100086,100,99939,100,100090,100,99935,100,100110,100,99933,100
2019-06-28 09:33:30.000000000,100042,426,99999,326,100045,326,99990,326,100054,100,99986,100,100055,100,99981,100,100056,100,99980,100,100081,100,99960,100,100086,100,99948,100,100090,100,99939,100,100110,100,99935,100,100119,100,99933,100
2019-06-28 09:33:30.473099778,100042,426,99999,326,100045,326,99990,326,100054,100,99986,100,100055,100,99981,100,100056,100,99980,100,100081,100,99960,100,100086,100,99948,100,100090,100,99939,100,100110,100,99935,100,100119,100,99933,100
2019-06-28 09:33:36.724070729,100042,426,99999,326,100045,326,99990,326,100054,100,99986,100,100055,100,99981,100,100056,100,99980,100,100081,100,99960,100,100086,100,99948,100,100090,100,99939,100,100110,100,99935,100,100119,100,99933,100
2019-06-28 09:33:40.000000000,100042,354,99999,254,100045,249,99990,249,100054,249,99986,249,100055,100,99981,100,100056,100,99980,100,100081,100,99960,100,100086,100,99948,100,100090,100,99939,100,100110,100,99935,100,100119,100,99933,100
2019-06-28 09:33:50.000000000,100042,653,99999,553,100045,100,99990,100,100054,100,99986,100,100055,100,99981,100,100056,100,99980,100,100081,100,99960,100,100086,100,99948,100,100090,100,99939,100,100110,100,99935,100,100119,100,99933,100
2019-06-28 09:34:00.000000000,100042,291,99999,191,100045,191,99990,191,100054,191,99986,191,100055,191,99981,191,100056,191,99980,191,100081,100,99960,100,100086,100,99948,100,100090,100,99939,100,100110,100,99935,100,100119,100,99933,100
2019-06-28 09:34:08.477145512,100042,291,99999,191,100045,191,99990,191,100054,191,99986,191,100055,191,99981,191,100056,191,99980,191,100081,100,99960,100,100086,100,99948,100,100090,100,99939,100,100110,100,99935,100,100119,100,99933,100
2019-06-28 09:34:10.000000000,100042,291,99999,191,100045,191,99990,191,100054,191,99986,191,100055,191,99981,191,100056,191,99980,191,100081,100,99960,100,100086,100,99948,100,100090,100,99939,100,100110,100,99935,100,100119,100,99933,100
2019-06-28 09:34:17.307080981,100042,291,99999,191,100045,191,99990,191,100054,191,99986,191,100055,191,99981,191,100056,191,99980,191,100081,100,99948,100,100086,100,99939,100,100090,100,99935,100,100110,100,99933,100,100119,100,99932,100
2019-06-28 09:34:20.000000000,100042,313,99999,213,100045,213,99990,213,100054,213,99986,213,100055,213,99981,213,100056,100,99980,100,100081,100,99948,100,100086,100,99939,100,100090,100,99935,100,100110,100,99933,100,100119,100,99932,100
2019-06-28 09:34:30.000000000,100042,354,99999,254,100045,249,99990,249,100054,249,99986,249,100055,100,99981,100,100056,100,99980,100,100081,100,99948,100,100086,100,99939,100,100090,100,99935,100,100110,100,99933,100,100119,100,99932,100
2019-06-28 09:34:34.236164579,100042,354,99999,254,100045,249,99990,249,100054,249,99986,249,100055,100,99981,100,100056,100,99980,100,100081,100,99948,100,100086,100,99939,100,100090,100,99935,100,100110,100,99933,100,100119,100,99932,100
2019-06-28 09:34:40.000000000,100042,313,99999,213,100045,213,99990,213,100054,213,99986,213,100055,213,99981,213,100056,100,99980,100,100081,100,99948,100,100086,100,99939,100,100090,100,99935,100,100110,100,99933,100,100119,100,99932,100
2019-06-28 09:34:50.000000000,100042,313,99999,213,100045,213,99990,213,100054,213,99986,213,100055,213,99981,213,100056,100,99980,100,100081,100,99948,100,100086,100,99939,100,100090,100,99935,100,100110,100,99933,100,100119,100,99932,100
2019-06-28 09:34:50.837607772,100020,100,99999,213,100042,313,99990,213,100045,213,99986,213,100054,213,99981,213,100055,213,99980,100,100056,100,99948,100,100081,100,99939,100,100086,100,99935,100,100090,100,99933,100,100110,100,99932,100
2019-06-28 09:34:54.782369852,100020,100,99999,113,100042,313,99990,213,100045,213,99986,213,100054,213,99981,213,100055,213,99980,100,100056,100,99948,100,100081,100,99939,100,100086,100,99935,100,100090,100,99933,100,100110,100,99932,100
2019-06-28 09:35:00.000000000,100020,213,99990,213,100042,313,99986,213,100045,213,99981,213,100054,213,99980,213,100055,100,99948,100,100056,100,99939,100,100081,100,99935,100,100086,100,99933,100,100090,100,99932,100,100110,100,99925,100
2019-06-28 09:35:10.000000000,100020,553,99990,553,100042,200,99986,100,100045,100,99981,100,100054,100,99980,100,100055,100,99948,100,100056,100,99939,100,100081,100,99935,100,100086,100,99933,100,100090,100,99932,100,100110,100,99925,100
2019-06-28 09:35:17.841061973,100020,553,99990,553,100042,200,99986,100,100045,100,99981,100,100054,100,99980,100,100055,100,99948,100,100056,100,99939,100,100081,100,99935,100,100086,100,99933,100,100090,100,99932,100,100110,100,99925,100
2019-06-28 09:35:20.000000000,100020,254,99990,254,100042,349,99986,249,100045,249,99981,249,100054,100,99980,100,100055,100,99948,100,100056,100,99939,100,100081,100,99935,100,100086,100,99933,100,100090,100,99932,100,100110,100,99925,100
2019-06-28 09:35:30.000000000,100020,213,99990,213,100042,313,99986,213,100045,213,99981,213,100054,213,99980,213,100055,100,99948,100,100056,100,99939,100,100081,100,99935,100,100086,100,99933,100,100090,100,99932,100,100110,100,99925,100
2019-06-28 09:35:38.338385545,100020,213,99990,213,100042,313,99986,213,100045,213,99981,213,100054,213,99980,113,100055,100,99948,100,100056,100,99939,100,100081,100,99935,100,100086,100,99933,100,100090,100,99932,100,100110,100,99925,100
2019-06-28 09:35:40.000000000,100020,254,99990,254,100042,349,99986,249,100045,249,99981,249,100054,100,99948,100,100055,100,99939,100,100056,100,99935,100,100081,100,99933,100,100086,100,99932,100,100090,100,99925,100,100110,100,99910,100
2019-06-28 09:35:42.730414631,100020,254,99990,254,100042,349,99986,249,100045,249,99981,249,100053,100,99948,100,100054,100,99939,100,100055,100,99935,100,100056,100,99933,100,100081,100,99932,100,100086,100,99925,100,100090,100,99910,100
2019-06-28 09:35:50.000000000,100020,326,99990,326,100042,426,99986,326,100045,100,99981,100,100053,100,99948,100,100054,100,99939,100,100055,100,99935,100,100056,100,99933,100,100081,100,99932,100,100086,100,99925,100,100090,100,99910,100
2019-06-28 09:35:55.610893754,100020,326,99990,326,100042,426,99986,326,100045,100,99981,100,100053,100,99948,100,100054,100,99939,100,100055,100,99935,100,100056,100,99933,100,100081,100,99932,100,100086,100,99925,100,100090,100,99910,100
2019-06-28 09:36:00.000000000,100020,213,99990,213,100042,313,99986,213,100045,213,99981,213,100053,213,99948,213,100054,100,99939,100,100055,100,99935,100,100056,100,99933,100,100081,100,99932,100,100086,100,99925,100,100090,100,99910,100
2019-06-28 09:36:02.622056273,100020,213,99990,113,100042,313,99986,213,100045,213,99981,213,100053,213,99948,213,100054,100,99939,100,100055,100,99935,100,100056,100,99933,100,100081,100,99932,100,100086,100,99925,100,100090,100,99910,100
2019-06-28 09:36:10.000000000,100020,191,99986,191,100042,291,99981,191,100045,191,99948,191,100053,191,99939,191,100054,191,99935,191,100055,100,99933,100,100056,100,99932,100,100081,100,99925,100,100086,100,99910,100,100090,100,99903,100
2019-06-28 09:36:17.106451513,100020,191,99986,191,100042,291,99981,191,100045,191,99948,191,100053,191,99939,191,100054,191,99935,191,100055,100,99933,100,100056,100,99932,100,100081,100,99925,100,100086,100,99910,100,100090,100,99903,100
2019-06-28 09:36:20.000000000,100020,553,99986,553,100042,200,99981,100,100045,100,99948,100,100053,100,99939,100,100054,100,99935,100,100055,100,99933,100,100056,100,99932,100,100081,100,99925,100,100086,100,99910,100,100090,100,99903,100
2019-06-28 09:36:22.324487522,100020,553,99986,453,100042,200,99981,100,100045,100,99948,100,100053,100,99939,100,100054,100,99935,100,100055,100,99933,100,100056,100,99932,100,100081,100,99925,100,100086,100,99910,100,100090,100,99903,100
2019-06-28 09:36:25.689665602,100020,553,99986,353,100042,200,99981,100,100045,100,99948,100,100053,100,99939,100,100054,100,99935,100,100055,100,99933,100,100056,100,99932,100,100081,100,99925,100,100086,100,99910,100,100090,100,99903,100
2019-06-28 09:36:30.000000000,100020,213,99981,213,100042,313,99948,213,100045,213,99939,213,100053,213,99935,213,100054,100,99933,100,100055,100,99932,100,100056,100,99925,100,100081,100,99910,100,100086,100,99903,100,100090,100,99894,100
2019-06-28 09:36:40.000000000,100020,213,99981,213,100042,313,99948,213,100045,213,99939,213,100053,213,99935,213,100054,100,99933,100,100055,100,99932,100,100056,100,99925,100,100081,100,99910,100,100086,100,99903,100,100090,100,99894,100
2019-06-28 09:36:50.000000000,100020,326,99981,326,100042,426,99948,326,100045,100,99939,100,100053,100,99935,100,100054,100,99933,100,100055,100,99932,100,100056,100,99925,100,100081,100,99910,100,100086,100,99903,100,100090,100,99894,100
2019-06-28 09:37:00.000000000,100020,553,99981,553,100042,200,99948,100,100045,100,99939,100,100053,100,99935,100,100054,100,99933,100,100055,100,99932,100,100056,100,99925,100,100081,100,99910,100,100086,100,99903,100,100090,100,99894,100
2019-06-28 09:37:10.000000000,100020,191,99981,191,100042,291,99948,191,100045,191,99939,191,100053,191,99935,191,100054,191,99933,191,100055,100,99932,100,100056,100,99925,100,100081,100,99910,100,100086,100,99903,100,100090,100,99894,100
2019-06-28 09:37:20.000000000,100020,326,99981,326,100042,426,99948,326,100045,100,99939,100,100053,100,99935,100,100054,100,99933,100,100055,100,99932,100,100056,100,99925,100,100081,100,99910,100,100086,100,99903,100,100090,100,99894,100
2019-06-28 09:37:30.000000000,100020,254,99981,254,100042,349,99948,249,100045,249,99939,249,100053,100,99935,100,100054,100,99933,100,100055,100,99932,100,100056,100,99925,100,100081,100,99910,100,100086,100,99903,100,100090,100,99894,100
2019-06-28 09:37:40.000000000,100020,213,99981,213,100042,313,99948,213,100045,213,99939,213,100053,213,99935,213,100054,100,99933,100,100055,100,99932,100,100056,100,99925,100,100081,100,99910,100,100086,100,99903,100,100090,100,99894,100
2019-06-28 09:37:50.000000000,100020,553,99981,553,100042,200,99948,100,100045,100,99939,100,100053,100,99935,100,100054,100,99933,100,100055,100,99932,100,100056,100,99925,100,100081,100,99910,100,100086,100,99903,100,100090,100,99894,100
2019-06-28 09:38:00.000000000,100020,553,99981,553,100042,200,99948,100,100045,100,99939,100,100053,100,99935,100,100054,100,99933,100,100055,100,99932,100,100056,100,99925,100,100081,100,99910,100,100086,100,99903,100,100090,100,99894,100
2019-06-28 09:38:10.000000000,100020,213,99981,213,100042,313,99948,213,100045,213,99939,213,100053,213,99935,213,100054,100,99933,100,100055,100,99932,100,100056,100,99925,100,100081,100,99910,100,100086,100,99903,100,100090,100,99894,100
2019-06-28 09:38:20.000000000,100020,553,99981,553,100042,200,99948,100,100045,100,99939,100,100053,100,99935,100,100054,100,99933,100,100055,100,99932,100,100056,100,99925,100,100081,100,99910,100,100086,100,99903,100,100090,100,99894,100
2019-06-28 09:38:30.000000000,100020,213,99981,213,100042,313,99948,213,100045,213,99939,213,100053,213,99935,213,100054,100,99933,100,100055,100,99932,100,100056,100,99925,100,100081,100,99910,100,100086,100,99903,100,100090,100,99894,100
2019-06-28 09:38:39.614233926,100020,213,99981,213,100042,313,99948,213,100045,213,99939,213,100053,213,99935,213,100054,100,99933,100,100055,100,99932,100,100056,100,99925,100,100081,100,99910,100,100086,100,99903,100,100090,100,99894,100
2019-06-28 09:38:40.000000000,100020,191,99981,191,100042,291,99948,191,100045,191,99939,191,100053,191,99935,191,100054,191,99933,191,100055,100,99932,100,100056,100,99925,100,100081,100,99910,100,100086,100,99903,100,100090,100,99894,100
2019-06-28 09:38:45.495240285,100020,191,99981,91,100042,291,99948,191,100045,191,99939,191,100053,191,99935,191,100054,191,99933,191,100055,100,99932,100,100056,100,99925,100,100081,100,99910,100,100086,100,99903,100,100090,100,99894,100
2019-06-28 09:38:50.000000000,100020,213,99948,213,100042,313,99939,213,100045,213,99935,213,100053,213,99933,213,100054,100,99932,100,100055,100,99925,100,100056,100,99910,100,100081,100,99903,100,100086,100,99894,100,100090,100,99879,100
2019-06-28 09:39:00.000000000,100020,553,99948,553,100042,200,99939,100,100045,100,99935,100,100053,100,99933,100,100054,100,99932,100,100055,100,99925,100,100056,100,99910,100,100081,100,99903,100,100086,100,99894,100,100090,100,99879,100
2019-06-28 09:39:10.000000000,100020,191,99948,191,100042,291,99939,191,100045,191,99935,191,100053,191,99933,191,100054,191,99932,191,100055,100,99925,100,100056,100,99910,100,100081,100,99903,100,100086,100,99894,100,100090,100,99879,100
2019-06-28 09:39:20.000000000,100020,553,99948,553,100042,200,99939,100,100045,100,99935,100,100053,100,99933,100,100054,100,99932,100,100055,100,99925,100,100056,100,99910,100,100081,100,99903,100,100086,100,99894,100,100090,100,99879,100
2019-06-28 09:39:30.000000000,100020,326,99948,326,100042,426,99939,326,100045,100,99935,100,100053,100,99933,100,100054,100,99932,100,100055,100,99925,100,100056,100,99910,100,100081,100,99903,100,100086,100,99894,100,100090,100,99879,100
2019-06-28 09:39:39.714304219,99986,100,99948,326,100020,326,99939,326,100042,426,99935,100,100045,100,99933,100,100053,100,99932,100,100054,100,99925,100,100055,100,99910,100,100056,100,99903,100,100081,100,99894,100,100086,100,99879,100
2019-06-28 09:39:40.000000000,99986,254,99948,254,100020,249,99939,249,100042,349,99935,249,100045,100,99933,100,100053,100,99932,100,100054,100,99925,100,100055,100,99910,100,100056,100,99903,100,100081,100,99894,100,100086,100,99879,100
2019-06-28 09:39:47.223769330,99986,254,99948,154,100020,249,99939,249,100042,349,99935,249,100045,100,99933,100,100053,100,99932,100,100054,100,99925,100,100055,100,99910,100,100056,100,99903,100,100081,100,99894,100,100086,100,99879,100
2019-06-28 09:39:50.000000000,99986,553,99939,553,100020,100,99935,100,100042,200,99933,100,100045,100,99932,100,100053,100,99925,100,100054,100,99910,100,100055,100,99903,100,100056,100,99894,100,100081,100,99879,100,100086,100,99864,100
2019-06-28 09:40:00.000000000,99986,191,99939,191,100020,191,99935,191,100042,291,99933,191,100045,191,99932,191,100053,191,99925,191,100054,100,99910,100,100055,100,99903,100,100056,100,99894,100,100081,100,99879,100,100086,100,99864,100
2019-06-28 09:40:10.000000000,99986,326,99939,326,100020,326,99935,326,100042,200,99933,100,100045,100,99932,100,100053,100,99925,100,100054,100,99910,100,100055,100,99903,100,100056,100,99894,100,100081,100,99879,100,100086,100,99864,100
2019-06-28 09:40:20.000000000,99986,213,99939,213,100020,213,99935,213,100042,313,99933,213,100045,213,99932,213,100053,100,99925,100,100054,100,99910,100,100055,100,99903,100,100056,100,99894,100,100081,100,99879,100,100086,100,99864,100
2019-06-28 09:40:28.736143135,99986,213,99939,213,100020,213,99935,213,100042,313,99933,213,100045,213,99932,213,100053,100,99925,100,100054,100,99903,100,100055,100,99894,100,100056,100,99879,100,100081,100,99864,100,100086,100,99841,100
2019-06-28 09:40:30.000000000,99986,553,99939,553,100020,100,99935,100,100042,200,99933,100,100045,100,99932,100,100053,100,99925,100,100054,100,99903,100,100055,100,99894,100,100056,100,99879,100,100081,100,99864,100,100086,100,99841,100
2019-06-28 09:40:39.813213904,99986,553,99939,553,100020,100,99935,100,100042,200,99933,100,100045,100,99932,100,100053,100,99925,100,100054,100,99903,100,100055,100,99894,100,100081,100,99879,100,100086,100,99864,100,100090,100,99841,100
2019-06-28 09:40:40.000000000,99986,254,99939,254,100020,249,99935,249,100042,349,99933,249,100045,100,99932,100,100053,100,99925,100,100054,100,99903,100,100055,100,99894,100,100081,100,99879,100,100086,100,99864,100,100090,100,99841,100
2019-06-28 09:40:50.000000000,99986,326,99939,326,100020,326,99935,326,100042,200,99933,100,100045,100,99932,100,100053,100,99925,100,100054,100,99903,100,100055,100,99894,100,100081,100,99879,100,100086,100,99864,100,100090,100,99841,100
2019-06-28 09:40:56.855477133,99986,326,99939,226,100020,326,99935,326,100042,200,99933,100,100045,100,99932,100,100053,100,99925,100,100054,100,99903,100,100055,100,99894,100,100081,100,99879,100,100086,100,99864,100,100090,100,99841,100
2019-06-28 09:41:00.000000000,99986,254,99935,254,100020,249,99933,249,100042,349,99932,249,100045,100,99925,100,100053,100,99903,100,100054,100,99894,100,100055,100,99879,100,100081,100,99864,100,100086,100,99841,100,100090,100,99825,100
2019-06-28 09:41:10.000000000,99986,213,99935,213,100020,213,99933,213,100042,313,99932,213,100045,213,99925,213,100053,100,99903,100,100054,100,99894,100,100055,100,99879,100,100081,100,99864,100,100086,100,99841,100,100090,100,99825,100
2019-06-28 09:41:18.793839422,99986,213,99935,213,100020,213,99933,213,100042,313,99932,213,100045,213,99925,213,100054,100,99903,100,100055,100,99894,100,100081,100,99879,100,100086,100,99864,100,100090,100,99841,100,100110,100,99825,100
2019-06-28 09:41:20.000000000,99986,326,99935,326,100020,326,99933,326,100042,200,99932,100,100045,100,99925,100,100054,100,99903,100,100055,100,99894,100,100081,100,99879,100,100086,100,99864,100,100090,100,99841,100,100110,100,99825,100
2019-06-28 09:41:30.000000000,99986,213,99935,213,100020,213,99933,213,100042,313,99932,213,100045,213,99925,213,100054,100,99903,100,100055,100,99894,100,100081,100,99879,100,100086,100,99864,100,100090,100,99841,100,100110,100,99825,100
2019-06-28 09:41:40.000000000,99986,553,99935,553,100020,100,99933,100,100042,200,99932,100,100045,100,99925,100,100054,100,99903,100,100055,100,99894,100,100081,100,99879,100,100086,100,99864,100,100090,100,99841,100,100110,100,99825,100
2019-06-28 09:41:50.000000000,99986,553,99935,553,100020,100,99933,100,100042,200,99932,100,100045,100,99925,100,100054,100,99903,100,100055,100,99894,100,100081,100,99879,100,100086,100,99864,100,100090,100,99841,100,100110,100,99825,100
2019-06-28 09:42:00.000000000,99986,191,99935,191,100020,191,99933,191,100042,291,99932,191,100045,191,99925,191,100054,191,99903,191,100055,100,99894,100,100081,100,99879,100,100086,100,99864,100,100090,100,99841,100,100110,100,99825,100
2019-06-28 09:42:09.893552323,99986,191,99935,91,100020,191,99933,191,100042,291,99932,191,100045,191,99925,191,100054,191,99903,191,100055,100,99894,100,100081,100,99879,100,100086,100,99864,100,100090,100,99841,100,100110,100,99825,100
2019-06-28 09:42:10.000000000,99986,191,99933,191,100020,191,99932,191,100042,291,99925,191,100045,191,99903,191,100054,191,99894,191,100055,100,99879,100,100081,100,99864,100,100086,100,99841,100,100090,100,99825,100,100110,100,99767,100
2019-06-28 09:42:20.000000000,99986,191,99933,191,100020,191,99932,191,100042,291,99925,191,100045,191,99903,191,100054,191,99894,191,100055,100,99879,100,100081,100,99864,100,100086,100,99841,100,100090,100,99825,100,100110,100,99767,100
2019-06-28 09:42:23.141056134,99986,191,99933,91,100020,191,99932,191,100042,291,99925,191,100045,191,99903,191,100054,191,99894,191,100055,100,99879,100,100081,100,99864,100,100086,100,99841,100,100090,100,99825,100,100110,100,99767,100
2019-06-28 09:42:30.000000000,99986,553,99932,553,100020,100,99925,100,100042,200,99903,100,100045,100,99894,100,100054,100,99879,100,100055,100,99864,100,100081,100,99841,100,100086,100,99825,100,100090,100,99767,100,100110,100,99736,100
2019-06-28 09:42:35.445906688,99935,100,99932,553,99986,553,99903,100,100020,100,99894,100,100042,200,99879,100,100045,100,99864,100,100054,100,99841,100,100055,100,99825,100,100081,100,99767,100,100086,100,99736,100,100090,100,99561,100
2019-06-28 09:42:40.000000000,99935,553,99932,553,99986,100,99903,100,100020,100,99894,100,100042,200,99879,100,100045,100,99864,100,100054,100,99841,100,100055,100,99825,100,100081,100,99767,100,100086,100,99736,100,100090,100,99561,100
2019-06-28 09:42:40.575690005,99935,553,99932,553,99986,100,99903,100,100020,100,99894,100,100042,200,99879,100,100045,100,99864,100,100054,100,99846,100,100055,100,99841,100,100081,100,99825,100,100086,100,99767,100,100090,100,99736,100
2019-06-28 09:42:50.000000000,99935,553,99932,553,99986,100,99903,100,100020,100,99894,100,100042,200,99879,100,100045,100,99864,100,100054,100,99846,100,100055,100,99841,100,100081,100,99825,100,100086,100,99767,100,100090,100,99736,100
2019-06-28 09:42:58.494145035,99935,653,99932,553,99986,100,99903,100,100020,100,99894,100,100042,200,99879,100,100045,100,99864,100,100054,100,99846,100,100055,100,99841,100,100081,100,99825,100,100086,100,99767,100,100090,100,99736,100
2019-06-28 09:43:00.000000000,99935,291,99932,191,99986,191,99903,191,100020,191,99894,191,100042,291,99879,191,100045,191,99864,191,100054,100,99846,100,100055,100,99841,100,100081,100,99825,100,100086,100,99767,100,100090,100,99736,100
2019-06-28 09:43:06.879212690,99935,291,99932,91,99986,191,99903,191,100020,191,99894,191,100042,291,99879,191,100045,191,99864,191,100054,100,99846,100,100055,100,99841,100,100081,100,99825,100,100086,100,99767,100,100090,100,99736,100
2019-06-28 09:43:10.000000000,99935,653,99903,553,99986,100,99894,100,100020,100,99879,100,100042,200,99864,100,100045,100,99846,100,100054,100,99841,100,100055,100,99825,100,100081,100,99767,100,100086,100,99736,100,100090,100,99561,100
2019-06-28 09:43:20.000000000,99935,426,99903,326,99986,326,99894,326,100020,100,99879,100,100042,200,99864,100,100045,100,99846,100,100054,100,99841,100,100055,100,99825,100,100081,100,99767,100,100086,100,99736,100,100090,100,99561,100
2019-06-28 09:43:20.977065992,99935,426,99903,326,99986,326,99894,326,100020,100,99879,100,100042,100,99864,100,100045,100,99846,100,100054,100,99841,100,100055,100,99825,100,100081,100,99767,100,100086,100,99756,100,100090,100,99736,100
2019-06-28 09:43:30.000000000,99935,426,99903,326,99986,326,99894,326,100020,100,99879,100,100042,100,99864,100,100045,100,99846,100,100054,100,99841,100,100055,100,99825,100,100081,100,99767,100,100086,100,99756,100,100090,100,99736,100
2019-06-28 09:43:35.995486806,99935,426,99903,326,99986,326,99894,326,100020,100,99879,100,100042,100,99864,100,100045,100,99846,100,100054,100,99841,100,100055,100,99825,100,100081,100,99767,100,100086,100,99756,100,100090,100,99736,100
2019-06-28 09:43:39.746938410,99935,426,99903,326,99986,326,99894,326,100020,100,99879,100,100045,100,99864,100,100054,100,99846,100,100055,100,99841,100,100081,100,99825,100,100086,100,99767,100,100090,100,99756,100,100110,100,99740,100
2019-06-28 09:43:40.000000000,99935,354,99903,254,99986,249,99894,249,100020,249,99879,249,100045,100,99864,100,100054,100,99846,100,100055,100,99841,100,100081,100,99825,100,100086,100,99767,100,100090,100,99756,100,100110,100,99740,100
2019-06-28 09:43:50.000000000,99935,291,99903,191,99986,191,99894,191,100020,191,99879,191,100045,191,99864,191,100054,191,99846,191,100055,100,99841,100,100081,100,99825,100,100086,100,99767,100,100090,100,99756,100,100110,100,99740,100
2019-06-28 09:43:58.439421239,99935,291,99903,91,99986,191,99894,191,100020,191,99879,191,100045,191,99864,191,100054,191,99846,191,100055,100,99841,100,100081,100,99825,100,100086,100,99767,100,100090,100,99756,100,100110,100,99740,100
2019-06-28 09:44:00.000000000,99935,354,99894,254,99986,249,99879,249,100020,249,99864,249,100045,100,99846,100,100054,100,99841,100,100055,100,99825,100,100081,100,99767,100,100086,100,99756,100,100090,100,99740,100,100110,100,99736,100
2019-06-28 09:44:09.028240026,99935,354,99894,254,99986,249,99879,249,100020,249,99864,249,100045,100,99846,100,100054,100,99841,100,100055,100,99825,100,100081,100,99767,100,100086,100,99756,100,100090,100,99740,100,100110,100,99738,100
2019-06-28 09:44:10.000000000,99935,313,99894,213,99986,213,99879,213,100020,213,99864,213,100045,213,99846,213,100054,100,99841,100,100055,100,99825,100,100081,100,99767,100,100086,100,99756,100,100090,100,99740,100,100110,100,99738,100
2019-06-28 09:44:20.000000000,99935,313,99894,213,99986,213,99879,213,100020,213,99864,213,100045,213,99846,213,100054,100,99841,100,100055,100,99825,100,100081,100,99767,100,100086,100,99756,100,100090,100,99740,100,100110,100,99738,100
2019-06-28 09:44:23.189111454,99935,313,99894,213,99986,213,99879,213,100020,213,99864,213,100045,213,99846,213,100054,100,99841,100,100055,100,99825,100,100081,100,99767,100,100086,100,99756,100,100090,100,99740,100,100110,100,99738,100
2019-06-28 09:44:24.288872748,99935,313,99894,113,99986,213,99879,213,100020,213,99864,213,100045,213,99846,213,100054,100,99841,100,100055,100,99825,100,100081,100,99767,100,100086,100,99756,100,100090,100,99740,100,100110,100,99738,100
2019-06-28 09:44:30.000000000,99935,354,99879,254,99986,249,99864,249,100020,249,99846,249,100045,100,99841,100,100054,100,99825,100,100055,100,99767,100,100081,100,99756,100,100086,100,99740,100,100090,100,99738,100,100110,100,99736,100
2019-06-28 09:44:40.000000000,99935,653,99879,553,99986,100,99864,100,100020,100,99846,100,100045,100,99841,100,100054,100,99825,100,100055,100,99767,100,100081,100,99756,100,100086,100,99740,100,100090,100,99738,100,100110,100,99736,100
2019-06-28 09:44:40.450813111,99935,653,99904,100,99986,100,99879,553,100020,100,99864,100,100045,100,99846,100,100054,100,99841,100,100055,100,99825,100,100081,100,99767,100,100086,100,99756,100,100090,100,99740,100,100110,100,99738,100
2019-06-28 09:44:46.129170930,99935,553,99904,100,99986,100,99879,553,100020,100,99864,100,100045,100,99846,100,100054,100,99841,100,100055,100,99825,100,100081,100,99767,100,100086,100,99756,100,100090,100,99740,100,100110,100,99738,100
2019-06-28 09:44:50.000000000,99935,213,99904,213,99986,213,99879,213,100020,213,99864,213,100045,213,99846,213,100054,100,99841,100,100055,100,99825,100,100081,100,99767,100,100086,100,99756,100,100090,100,99740,100,100110,100,99738,100
2019-06-28 09:44:57.104551774,99935,213,99905,100,99986,213,99904,213,100020,213,99879,213,100045,213,99864,213,100054,100,99846,213,100055,100,99841,100,100081,100,99825,100,100086,100,99767,100,100090,100,99756,100,100110,100,99740,100
2019-06-28 09:45:00.000000000,99935,553,99905,553,99986,100,99904,100,100020,100,99879,100,100045,100,99864,100,100054,100,99846,100,100055,100,99841,100,100081,100,99825,100,100086,100,99767,100,100090,100,99756,100,100110,100,99740,100
2019-06-28 09:45:04.218947036,99935,553,99905,453,99986,100,99904,100,100020,100,99879,100,100045,100,99864,100,100054,100,99846,100,100055,100,99841,100,100081,100,99825,100,100086,100,99767,100,100090,100,99756,100,100110,100,99740,100
2019-06-28 09:45:10.000000000,99935,326,99904,326,99986,326,99879,326,100020,100,99864,100,100045,100,99846,100,100054,100,99841,100,100055,100,99825,100,100081,100,99767,100,100086,100,99756,100,100090,100,99740,100,100110,100,99738,100
2019-06-28 09:45:15.580811148,99935,326,99906,100,99986,326,99904,326,100020,100,99879,326,100045,100,99864,100,100054,100,99846,100,100055,100,99841,100,100081,100,99825,100,100086,100,99767,100,100090,100,99756,100,100110,100,99740,100
2019-06-28 09:45:20.000000000,99935,553,99906,553,99986,100,99904,100,100020,100,99879,100,100045,100,99864,100,100054,100,99846,100,100055,100,99841,100,100081,100,99825,100,100086,100,99767,100,100090,100,99756,100,100110,100,99740,100
2019-06-28 09:45:30.000000000,99935,326,99906,326,99986,326,99904,326,100020,100,99879,100,100045,100,99864,100,100054,100,99846,100,100055,100,99841,100,100081,100,99825,100,100086,100,99767,100,100090,100,99756,100,100110,100,99740,100
2019-06-28 09:45:32.960005904,99935,326,99906,226,99986,326,99904,326,100020,100,99879,100,100045,100,99846,100,100054,100,99841,100,100055,100,99825,100,100081,100,99767,100,100086,100,99756,100,100090,100,99740,100,100110,100,99738,100
2019-06-28 09:45:40.000000000,99935,326,99904,326,99986,326,99879,326,100020,100,99846,100,100045,100,99841,100,100054,100,99825,100,100055,100,99767,100,100081,100,99756,100,100086,100,99740,100,100090,100,99738,100,100110,100,99736,100
2019-06-28 09:45:50.000000000,99935,191,99904,191,99986,191,99879,191,100020,191,99846,191,100045,191,99841,191,100054,191,99825,191,100055,100,99767,100,100081,100,99756,100,100086,100,99740,100,100090,100,99738,100,100110,100,99736,100
2019-06-28 09:46:00.000000000,99935,213,99904,213,99986,213,99879,213,100020,213,99846,213,100045,213,99841,213,100054,100,99825,100,100055,100,99767,100,100081,100,99756,100,100086,100,99740,100,100090,100,99738,100,100110,100,99736,100
2019-06-28 09:46:07.856558725,99935,213,99904,113,99986,213,99879,213,100020,213,99846,213,100045,213,99841,213,100055,100,99825,100,100081,100,99767,100,100086,100,99756,100,100090,100,99740,100,100110,100,99738,100,100119,100,99736,100
2019-06-28 09:46:10.000000000,99935,213,99879,213,99986,213,99846,213,100020,213,99841,213,100045,213,99825,213,100055,100,99767,100,100081,100,99756,100,100086,100,99740,100,100090,100,99738,100,100110,100,99736,100,100119,100,99618,100
2019-06-28 09:46:16.535370866,99935,213,99879,113,99986,213,99846,213,100020,213,99841,213,100045,213,99825,213,100055,100,99767,100,100081,100,99756,100,100086,100,99740,100,100090,100,99738,100,100110,100,99736,100,100119,100,99618,100
2019-06-28 09:46:20.000000000,99935,191,99846,191,99986,191,99841,191,100020,191,99825,191,100045,191,99767,191,100055,191,99756,191,100081,100,99740,100,100086,100,99738,100,100090,100,99736,100,100110,100,99618,100,100119,100,99562,100
2019-06-28 09:46:25.908775543,99935,191,99846,91,99986,191,99841,91,100020,191,99825,191,100045,191,99767,191,100055,191,99756,191,100081,100,99740,100,100086,100,99738,100,100090,100,99736,100,100110,100,99618,100,100119,100,99562,100
2019-06-28 09:46:27.685937081,99935,191,99846,91,99958,100,99841,91,99986,191,99825,191,100020,191,99767,191,100045,191,99756,191,100055,191,99740,100,100081,100,99738,100,100086,100,99736,100,100090,100,99618,100,100110,100,99562,100
2019-06-28 09:46:30.000000000,99935,191,99825,191,99958,191,99767,191,99986,191,99756,191,100020,191,99740,191,100045,191,99738,191,100055,100,99736,100,100081,100,99618,100,100086,100,99562,100,100090,100,99561,100,100110,100,99452,100
2019-06-28 09:46:34.830626379,99935,191,99825,191,99951,100,99767,191,99958,191,99756,191,99986,191,99740,191,100020,191,99738,191,100045,191,99736,100,100055,100,99618,100,100081,100,99562,100,100086,100,99561,100,100090,100,99452,100
2019-06-28 09:46:40.000000000,99935,326,99825,326,99951,326,99767,326,99958,100,99756,100,99986,100,99740,100,100020,100,99738,100,100045,100,99736,100,100055,100,99618,100,100081,100,99562,100,100086,100,99561,100,100090,100,99452,100
2019-06-28 09:46:50.000000000,99935,553,99825,553,99951,100,99767,100,99958,100,99756,100,99986,100,99740,100,100020,100,99738,100,100045,100,99736,100,100055,100,99618,100,100081,100,99562,100,100086,100,99561,100,100090,100,99452,100
2019-06-28 09:46:57.837044814,99935,553,99877,100,99951,100,99825,553,99958,100,99767,100,99986,100,99756,100,100020,100,99740,100,100045,100,99738,100,100055,100,99736,100,100081,100,99618,100,100086,100,99562,100,100090,100,99561,100
2019-06-28 09:47:00.000000000,99935,553,99877,553,99951,100,99825,100,99958,100,99767,100,99986,100,99756,100,100020,100,99740,100,100045,100,99738,100,100055,100,99736,100,100081,100,99618,100,100086,100,99562,100,100090,100,99561,100
2019-06-28 09:47:10.000000000,99935,254,99877,254,99951,249,99825,249,99958,249,99767,249,99986,100,99756,100,100020,100,99740,100,100045,100,99738,100,100055,100,99736,100,100081,100,99618,100,100086,100,99562,100,100090,100,99561,100
2019-06-28 09:47:20.000000000,99935,553,99877,553,99951,100,99825,100,99958,100,99767,100,99986,100,99756,100,100020,100,99740,100,100045,100,99738,100,100055,100,99736,100,100081,100,99618,100,100086,100,99562,100,100090,100,99561,100
2019-06-28 09:47:30.000000000,99935,213,99877,213,99951,213,99825,213,99958,213,99767,213,99986,213,99756,213,100020,100,99740,100,100045,100,99738,100,100055,100,99736,100,100081,100,99618,100,100086,100,99562,100,100090,100,99561,100
2019-06-28 09:47:33.650292142,99935,213,99877,213,99951,213,99825,213,99958,213,99767,213,99986,213,99756,213,100020,100,99740,100,100045,100,99738,100,100055,100,99736,100,100081,100,99562,100,100086,100,99561,100,100090,100,99452,100
2019-06-28 09:47:40.000000000,99935,191,99877,191,99951,191,99825,191,99958,191,99767,191,99986,191,99756,191,100020,191,99740,191,100045,100,99738,100,100055,100,99736,100,100081,100,99562,100,100086,100,99561,100,100090,100,99452,100
2019-06-28 09:47:43.301833481,99879,100,99877,191,99935,191,99825,191,99951,191,99767,191,99958,191,99756,191,99986,191,99740,191,100020,191,99738,100,100045,100,99736,100,100055,100,99562,100,100081,100,99561,100,100086,100,99452,100
2019-06-28 09:47:50.000000000,99879,213,99877,213,99935,213,99825,213,99951,213,99767,213,99958,213,99756,213,99986,100,99740,100,100020,100,99738,100,100045,100,99736,100,100055,100,99562,100,100081,100,99561,100,100086,100,99452,100
2019-06-28 09:47:56.372798041,99879,313,99877,213,99935,213,99825,213,99951,213,99767,213,99958,213,99756,213,99986,100,99740,100,100020,100,99738,100,100045,100,99736,100,100055,100,99562,100,100081,100,99561,100,100086,100,99452,100
2019-06-28 09:48:00.000000000,99879,291,99877,191,99935,191,99825,191,99951,191,99767,191,99958,191,99756,191,99986,191,99740,191,100020,100,99738,100,100045,100,99736,100,100055,100,99562,100,100081,100,99561,100,100086,100,99452,100
2019-06-28 09:48:10.000000000,99879,291,99877,191,99935,191,99825,191,99951,191,99767,191,99958,191,99756,191,99986,191,99740,191,100020,100,99738,100,100045,100,99736,100,100055,100,99562,100,100081,100,99561,100,100086,100,99452,100
2019-06-28 09:48:20.000000000,99879,426,99877,326,99935,326,99825,326,99951,100,99767,100,99958,100,99756,100,99986,100,99740,100,100020,100,99738,100,100045,100,99736,100,100055,100,99562,100,100081,100,99561,100,100086,100,99452,100
2019-06-28 09:48:26.557982936,99879,426,99877,326,99935,326,99825,326,99951,100,99767,100,99958,100,99756,100,99986,100,99738,100,100020,100,99736,100,100045,100,99562,100,100055,100,99561,100,100081,100,99452,100,100086,100,99443,100
2019-06-28 09:48:30.000000000,99879,313,99877,213,99935,213,99825,213,99951,213,99767,213,99958,213,99756,213,99986,100,99738,100,100020,100,99736,100,100045,100,99562,100,100055,100,99561,100,100081,100,99452,100,100086,100,99443,100
2019-06-28 09:48:30.418601656,99879,313,99877,113,99935,213,99825,213,99951,213,99767,213,99958,213,99756,213,99986,100,99738,100,100020,100,99736,100,100045,100,99562,100,100055,100,99561,100,100081,100,99452,100,100086,100,99443,100
2019-06-28 09:48:40.000000000,99879,313,99825,213,99935,213,99767,213,99951,213,99756,213,99958,213,99738,213,99986,100,99736,100,100020,100,99562,100,100045,100,99561,100,100055,100,99452,100,100081,100,99443,100,100086,100,99377,100
2019-06-28 09:48:47.560985798,99877,100,99825,213,99879,313,99767,213,99935,213,99756,213,99951,213,99738,213,99958,213,99736,100,99986,100,99562,100,100020,100,99561,100,100045,100,99452,100,100055,100,99443,100,100081,100,99377,100
2019-06-28 09:48:50.000000000,99877,326,99825,326,99879,426,99767,326,99935,100,99756,100,99951,100,99738,100,99958,100,99736,100,99986,100,99562,100,100020,100,99561,100,100045,100,99452,100,100055,100,99443,100,100081,100,99377,100
2019-06-28 09:49:00.000000000,99877,254,99825,254,99879,349,99767,249,99935,249,99756,249,99951,100,99738,100,99958,100,99736,100,99986,100,99562,100,100020,100,99561,100,100045,100,99452,100,100055,100,99443,100,100081,100,99377,100
2019-06-28 09:49:04.546758729,99877,354,99825,254,99879,349,99767,249,99935,249,99756,249,99951,100,99738,100,99958,100,99736,100,99986,100,99562,100,100020,100,99561,100,100045,100,99452,100,100055,100,99443,100,100081,100,99377,100
2019-06-28 09:49:10.000000000,99877,354,99825,254,99879,349,99767,249,99935,249,99756,249,99951,100,99738,100,99958,100,99736,100,99986,100,99562,100,100020,100,99561,100,100045,100,99452,100,100055,100,99443,100,100081,100,99377,100
2019-06-28 09:49:20.000000000,99877,313,99825,213,99879,313,99767,213,99935,213,99756,213,99951,213,99738,213,99958,100,99736,100,99986,100,99562,100,100020,100,99561,100,100045,100,99452,100,100055,100,99443,100,100081,100,99377,100
2019-06-28 09:49:30.000000000,99877,653,99825,553,99879,200,99767,100,99935,100,99756,100,99951,100,99738,100,99958,100,99736,100,99986,100,99562,100,100020,100,99561,100,100045,100,99452,100,100055,100,99443,100,100081,100,99377,100
2019-06-28 09:49:35.648457592,99877,653,99825,553,99879,200,99767,100,99935,100,99756,100,99951,100,99738,100,99958,100,99736,100,99986,100,99562,100,100020,100,99561,100,100045,100,99452,100,100055,100,99443,100,100081,100,99377,100
2019-06-28 09:49:40.000000000,99877,313,99825,213,99879,313,99767,213,99935,213,99756,213,99951,213,99738,213,99958,100,99736,100,99986,100,99562,100,100020,100,99561,100,100045,100,99452,100,100055,100,99443,100,100081,100,99377,100
2019-06-28 09:49:47.061716481,99877,313,99825,213,99879,313,99767,213,99935,113,99756,213,99951,213,99738,213,99958,100,99736,100,99986,100,99562,100,100020,100,99561,100,100045,100,99452,100,100055,100,99443,100,100081,100,99377,100
2019-06-28 09:49:50.000000000,99877,291,99825,191,99879,291,99767,191,99951,191,99756,191,99958,191,99738,191,99986,191,99736,191,100020,100,99562,100,100045,100,99561,100,100055,100,99452,100,100081,100,99443,100,100086,100,99377,100
2019-06-28 09:50:00.000000000,99877,291,99825,191,99879,291,99767,191,99951,191,99756,191,99958,191,99738,191,99986,191,99736,191,100020,100,99562,100,100045,100,99561,100,100055,100,99452,100,100081,100,99443,100,100086,100,99377,100
2019-06-28 09:50:10.000000000,99877,354,99825,254,99879,349,99767,249,99951,249,99756,249,99958,100,99738,100,99986,100,99736,100,100020,100,99562,100,100045,100,99561,100,100055,100,99452,100,100081,100,99443,100,100086,100,99377,100
2019-06-28 09:50:15.280348812,99877,354,99825,254,99879,349,99767,249,99951,249,99756,249,99958,100,99738,100,99986,100,99736,100,100020,100,99562,100,100045,100,99561,100,100055,100,99452,100,100081,100,99443,100,100086,100,99377,100
2019-06-28 09:50:19.680120197,99877,354,99825,154,99879,349,99767,249,99951,249,99756,249,99958,100,99738,100,99986,100,99736,100,100020,100,99562,100,100045,100,99561,100,100055,100,99443,100,100081,100,99377,100,100086,100,99274,100
2019-06-28 09:50:20.000000000,99877,426,99767,326,99879,426,99756,326,99951,100,99738,100,99958,100,99736,100,99986,100,99562,100,100020,100,99561,100,100045,100,99443,100,100055,100,99377,100,100081,100,99274,100,100086,100,98369,100
2019-06-28 09:50:30.000000000,99877,653,99767,553,99879,200,99756,100,99951,100,99738,100,99958,100,99736,100,99986,100,99562,100,100020,100,99561,100,100045,100,99443,100,100055,100,99377,100,100081,100,99274,100,100086,100,98369,100
2019-06-28 09:50:39.660831919,99877,653,99767,453,99879,200,99738,100,99951,100,99736,100,99958,100,99562,100,99986,100,99561,100,100020,100,99443,100,100045,100,99377,100,100055,100,99274,100,100081,100,98369,100,100086,100,,
2019-06-28 09:50:40.000000000,99877,313,99738,213,99879,313,99736,213,99951,213,99562,213,99958,213,99561,213,99986,100,99443,100,100020,100,99377,100,100045,100,99274,100,100055,100,98369,100,100081,100,,,100086,100,,
2019-06-28 09:50:50.000000000,99877,354,99738,254,99879,349,99736,249,99951,249,99562,249,99958,100,99561,100,99986,100,99443,100,100020,100,99377,100,100045,100,99274,100,100055,100,98369,100,100081,100,,,100086,100,,
2019-06-28 09:51:00.000000000,99877,653,99738,553,99879,200,99736,100,99951,100,99562,100,99958,100,99561,100,99986,100,99443,100,100020,100,99377,100,100045,100,99274,100,100055,100,98369,100,100081,100,,,100086,100,,
2019-06-28 09:51:10.000000000,99877,653,99738,553,99879,200,99736,100,99951,100,99562,100,99958,100,99561,100,99986,100,99443,100,100020,100,99377,100,100045,100,99274,100,100055,100,98369,100,100081,100,,,100086,100,,
2019-06-28 09:51:20.000000000,99877,426,99738,326,99879,426,99736,326,99951,100,99562,100,99958,100,99561,100,99986,100,99443,100,100020,100,99377,100,100045,100,99274,100,100055,100,98369,100,100081,100,,,100086,100,,
2019-06-28 09:51:21.747315532,99877,426,99738,326,99879,426,99736,326,99951,100,99562,100,99958,100,99561,100,99986,100,99443,100,100020,100,99377,100,100045,100,99274,100,100055,100,98789,100,100081,100,98369,100,100086,100,,
2019-06-28 09:51:30.000000000,99877,653,99738,553,99879,200,99736,100,99951,100,99562,100,99958,100,99561,100,99986,100,99443,100,100020,100,99377,100,100045,100,99274,100,100055,100,98789,100,100081,100,98369,100,100086,100,,
2019-06-28 09:51:40.000000000,99877,313,99738,213,99879,313,99736,213,99951,213,99562,213,99958,213,99561,213,99986,100,99443,100,100020,100,99377,100,100045,100,99274,100,100055,100,98789,100,100081,100,98369,100,100086,100,,
2019-06-28 09:51:42.085016113,99825,100,99738,213,99877,313,99736,213,99879,313,99562,213,99951,213,99561,213,99958,213,99443,100,99986,100,99377,100,100020,100,99274,100,100045,100,98789,100,100055,100,98369,100,100081,100,,
2019-06-28 09:51:50.000000000,99825,213,99738,213,99877,313,99736,213,99879,313,99562,213,99951,213,99561,213,99958,100,99443,100,99986,100,99377,100,100020,100,99274,100,100045,100,98789,100,100055,100,98369,100,100081,100,,
2019-06-28 09:52:00.000000000,99825,191,99738,191,99877,291,99736,191,99879,291,99562,191,99951,191,99561,191,99958,191,99443,191,99986,100,99377,100,100020,100,99274,100,100045,100,98789,100,100055,100,98369,100,100081,100,,
2019-06-28 09:52:10.000000000,99825,213,99738,213,99877,313,99736,213,99879,313,99562,213,99951,213,99561,213,99958,100,99443,100,99986,100,99377,100,100020,100,99274,100,100045,100,98789,100,100055,100,98369,100,100081,100,,
2019-06-28 09:52:18.130554105,99825,213,99738,113,99877,313,99736,213,99879,313,99562,213,99951,213,99561,213,99958,100,99443,100,99986,100,99377,100,100020,100,99274,100,100045,100,98789,100,100081,100,98369,100,100086,100,,
2019-06-28 09:52:20.000000000,99825,326,99736,326,99877,426,99562,326,99879,200,99561,100,99951,100,99443,100,99958,100,99377,100,99986,100,99274,100,100020,100,98789,100,100045,100,98369,100,100081,100,,,100086,100,,
2019-06-28 09:52:30.000000000,99825,254,99736,254,99877,349,99562,249,99879,349,99561,249,99951,100,99443,100,99958,100,99377,100,99986,100,99274,100,100020,100,98789,100,100045,100,98369,100,100081,100,,,100086,100,,
2019-06-28 09:52:40.000000000,99825,254,99736,254,99877,349,99562,249,99879,349,99561,249,99951,100,99443,100,99958,100,99377,100,99986,100,99274,100,100020,100,98789,100,100045,100,98369,100,100081,100,,,100086,100,,
2019-06-28 09:52:50.000000000,99825,213,99736,213,99877,313,99562,213,99879,313,99561,213,99951,213,99443,213,99958,100,99377,100,99986,100,99274,100,100020,100,98789,100,100045,100,98369,100,100081,100,,,100086,100,,
2019-06-28 09:52:56.354385308,99825,213,99736,213,99877,313,99562,213,99879,313,99561,213,99951,213,99443,213,99958,100,99377,100,99986,100,99305,100,100020,100,99274,100,100045,100,98789,100,100081,100,98369,100,100086,100,,
2019-06-28 09:53:00.000000000,99825,254,99736,254,99877,349,99562,249,99879,349,99561,249,99951,100,99443,100,99958,100,99377,100,99986,100,99305,100,100020,100,99274,100,100045,100,98789,100,100081,100,98369,100,100086,100,,
2019-06-28 09:53:00.888757109,99825,254,99736,154,99877,349,99562,249,99879,349,99561,249,99951,100,99443,100,99958,100,99377,100,99986,100,99305,100,100020,100,99274,100,100045,100,98789,100,100081,100,98369,100,100086,100,,
2019-06-28 09:53:10.000000000,99825,553,99562,553,99877,200,99561,100,99879,200,99443,100,99951,100,99377,100,99958,100,99305,100,99986,100,99274,100,100020,100,98789,100,100045,100,98369,100,100081,100,,,100086,100,,
2019-06-28 09:53:20.000000000,99825,553,99562,553,99877,200,99561,100,99879,200,99443,100,99951,100,99377,100,99958,100,99305,100,99986,100,99274,100,100020,100,98789,100,100045,100,98369,100,100081,100,,,100086,100,,
2019-06-28 09:53:21.545599617,99825,553,99562,553,99877,200,99561,100,99879,200,99443,100,99951,100,99377,100,99958,100,99305,100,99986,100,99274,100,100020,100,99239,100,100045,100,98789,100,100081,100,98369,100,100086,100,,
2019-06-28 09:53:22.366351224,99825,553,99562,553,99877,100,99561,100,99879,200,99443,100,99951,100,99377,100,99958,100,99305,100,99986,100,99274,100,100020,100,99239,100,100045,100,98789,100,100081,100,98369,100,100086,100,,
2019-06-28 09:53:25.272218479,99825,553,99562,553,99877,100,99561,100,99879,200,99443,100,99951,100,99305,100,99958,100,99274,100,99986,100,99239,100,100020,100,99176,100,100045,100,98789,100,100081,100,98369,100,100086,100,,
2019-06-28 09:53:30.000000000,99825,191,99562,191,99877,191,99561,191,99879,291,99443,191,99951,191,99305,191,99958,191,99274,191,99986,100,99239,100,100020,100,99176,100,100045,100,98789,100,100081,100,98369,100,100086,100,,
2019-06-28 09:53:32.050231472,99825,191,99562,191,99877,91,99561,191,99879,291,99443,191,99951,191,99305,191,99958,191,99274,191,99986,100,99239,100,100020,100,99176,100,100045,100,98789,100,100081,100,98369,100,100086,100,,
2019-06-28 09:53:40.000000000,99825,191,99562,191,99879,291,99561,191,99951,191,99443,191,99958,191,99305,191,99986,191,99274,191,100020,100,99239,100,100045,100,99176,100,100081,100,98789,100,100086,100,98369,100,100090,100,,
2019-06-28 09:53:40.167584111,99825,191,99562,91,99879,291,99561,191,99951,191,99443,191,99958,191,99305,191,99986,191,99274,191,100020,100,99239,100,100045,100,99176,100,100081,100,98789,100,100086,100,98369,100,100090,100,,
2019-06-28 09:53:44.010725056,99825,191,99562,91,99879,291,99561,191,99951,191,99443,191,99958,191,99305,191,99986,191,99274,191,100020,100,99239,100,100045,100,99176,100,100081,100,99149,100,100086,100,98369,100,100090,100,,
2019-06-28 09:53:50.000000000,99825,191,99561,191,99879,291,99443,191,99951,191,99305,191,99958,191,99274,191,99986,191,99239,191,100020,100,99176,100,100045,100,99149,100,100081,100,98369,100,100086,100,,,100090,100,,
2019-06-28 09:53:50.510528542,99825,191,99561,191,99879,291,99443,191,99951,191,99339,100,99958,191,99305,191,99986,191,99274,191,100020,100,99239,191,100045,100,99176,100,100081,100,99149,100,100086,100,98369,100,100090,100,,
2019-06-28 09:54:00.000000000,99825,191,99561,191,99879,291,99443,191,99951,191,99339,191,99958,191,99305,191,99986,191,99274,191,100020,100,99239,100,100045,100,99176,100,100081,100,99149,100,100086,100,98369,100,100090,100,,
2019-06-28 09:54:10.000000000,99825,553,99561,553,99879,200,99443,100,99951,100,99339,100,99958,100,99305,100,99986,100,99274,100,100020,100,99239,100,100045,100,99176,100,100081,100,99149,100,100086,100,98369,100,100090,100,,
2019-06-28 09:54:19.398342973,99825,453,99561,553,99879,200,99443,100,99951,100,99339,100,99958,100,99305,100,99986,100,99274,100,100020,100,99239,100,100045,100,99176,100,100081,100,99149,100,100086,100,98369,100,100090,100,,
2019-06-28 09:54:20.000000000,99879,354,99561,254,99951,249,99443,249,99958,249,99339,249,99986,100,99305,100,100020,100,99274,100,100045,100,99239,100,100081,100,99176,100,100086,100,99149,100,100090,100,98369,100,100119,100,,
2019-06-28 09:54:30.000000000,99879,313,99561,213,99951,213,99443,213,99958,213,99339,213,99986,213,99305,213,100020,100,99274,100,100045,100,99239,100,100081,100,99176,100,100086,100,99149,100,100090,100,98369,100,100119,100,,
2019-06-28 09:54:40.000000000,99879,313,99561,213,99951,213,99443,213,99958,213,99339,213,99986,213,99305,213,100020,100,99274,100,100045,100,99239,100,100081,100,99176,100,100086,100,99149,100,100090,100,98369,100,100119,100,,
2019-06-28 09:54:50.000000000,99879,354,99561,254,99951,249,99443,249,99958,249,99339,249,99986,100,99305,100,100020,100,99274,100,100045,100,99239,100,100081,100,99176,100,100086,100,99149,100,100090,100,98369,100,100119,100,,
2019-06-28 09:54:55.842235625,99824,100,99561,254,99879,354,99443,249,99951,249,99339,249,99958,249,99305,100,99986,100,99274,100,100020,100,99239,100,100045,100,99176,100,100081,100,99149,100,100086,100,98369,100,100090,100,,
2019-06-28 09:55:00.000000000,99824,553,99561,553,99879,200,99443,100,99951,100,99339,100,99958,100,99305,100,99986,100,99274,100,100020,100,99239,100,100045,100,99176,100,100081,100,99149,100,100086,100,98369,100,100090,100,,
2019-06-28 09:55:07.914803568,99824,553,99561,553,99879,200,99443,100,99951,100,99339,100,99958,100,99305,100,99986,100,99274,100,100020,100,99239,100,100024,100,99176,100,100045,100,99149,100,100081,100,98369,100,100086,100,,
2019-06-28 09:55:10.000000000,99824,213,99561,213,99879,313,99443,213,99951,213,99339,213,99958,213,99305,213,99986,100,99274,100,100020,100,99239,100,100024,100,99176,100,100045,100,99149,100,100081,100,98369,100,100086,100,,
2019-06-28 09:55:11.022422649,99824,213,99561,213,99879,313,99443,213,99948,100,99339,213,99951,213,99305,213,99958,213,99274,100,99986,100,99239,100,100020,100,99176,100,100045,100,99149,100,100081,100,98369,100,100086,100,,
2019-06-28 09:55:20.000000000,99824,254,99561,254,99879,349,99443,249,99948,249,99339,249,99951,100,99305,100,99958,100,99274,100,99986,100,99239,100,100020,100,99176,100,100045,100,99149,100,100081,100,98369,100,100086,100,,
2019-06-28 09:55:30.000000000,99824,191,99561,191,99879,291,99443,191,99948,191,99339,191,99951,191,99305,191,99958,191,99274,191,99986,100,99239,100,100020,100,99176,100,100045,100,99149,100,100081,100,98369,100,100086,100,,
2019-06-28 09:55:39.847265940,99824,191,99563,100,99879,291,99561,191,99948,191,99443,191,99951,191,99339,191,99958,191,99305,191,99986,100,99274,191,100020,100,99239,100,100045,100,99176,100,100081,100,99149,100,100090,100,98369,100
2019-06-28 09:55:40.000000000,99824,191,99563,191,99879,291,99561,191,99948,191,99443,191,99951,191,99339,191,99958,191,99305,191,99986,100,99274,100,100020,100,99239,100,100045,100,99176,100,100081,100,99149,100,100090,100,98369,100
2019-06-28 09:55:50.000000000,99824,326,99563,326,99879,426,99561,326,99948,100,99443,100,99951,100,99339,100,99958,100,99305,100,99986,100,99274,100,100020,100,99239,100,100045,100,99176,100,100081,100,99149,100,100090,100,98369,100
2019-06-28 09:56:00.000000000,99824,191,99563,191,99879,291,99561,191,99948,191,99443,191,99951,191,99339,191,99958,191,99305,191,99986,100,99274,100,100020,100,99239,100,100045,100,99176,100,100081,100,99149,100,100090,100,98369,100
2019-06-28 09:56:06.765210749,99824,191,99563,191,99879,291,99561,191,99948,191,99443,191,99951,191,99339,191,99958,191,99305,191,99986,100,99274,100,100020,100,99239,100,100045,100,99176,100,100081,100,99149,100,100090,100,98369,100
2019-06-28 09:56:10.000000000,99824,213,99563,213,99879,313,99561,213,99948,213,99443,213,99951,213,99339,213,99958,100,99305,100,99986,100,99274,100,100020,100,99239,100,100045,100,99176,100,100081,100,99149,100,100090,100,98369,100
2019-06-28 09:56:10.741915758,99824,213,99563,313,99879,213,99561,213,99948,213,99443,213,99951,213,99339,213,99958,100,99305,100,99986,100,99274,100,100020,100,99239,100,100045,100,99176,100,100081,100,99149,100,100090,100,98369,100
2019-06-28 09:56:20.000000000,99824,254,99563,354,99879,249,99561,249,99948,249,99443,249,99951,100,99339,100,99958,100,99305,100,99986,100,99274,100,100020,100,99239,100,100045,100,99176,100,100081,100,99149,100,100090,100,98369,100
2019-06-28 09:56:25.534715856,99824,254,99563,354,99879,249,99561,249,99948,249,99443,249,99951,100,99339,100,99958,100,99305,100,99986,100,99274,100,100020,100,99239,100,100045,100,99176,100,100081,100,99149,100,100090,100,98369,100
2019-06-28 09:56:30.000000000,99824,553,99563,653,99879,100,99561,100,99948,100,99443,100,99951,100,99339,100,99958,100,99305,100,99986,100,99274,100,100020,100,99239,100,100045,100,99176,100,100081,100,99149,100,100090,100,98369,100
2019-06-28 09:56:40.000000000,99824,553,99563,653,99879,100,99561,100,99948,100,99443,100,99951,100,99339,100,99958,100,99305,100,99986,100,99274,100,100020,100,99239,100,100045,100,99176,100,100081,100,99149,100,100090,100,98369,100
2019-06-28 09:56:50.000000000,99824,553,99563,653,99879,100,99561,100,99948,100,99443,100,99951,100,99339,100,99958,100,99305,100,99986,100,99274,100,100020,100,99239,100,100045,100,99176,100,100081,100,99149,100,100090,100,98369,100
2019-06-28 09:56:52.335616519,99824,553,99563,653,99879,100,99561,100,99948,100,99443,100,99951,100,99339,100,99958,100,99305,100,99986,100,99274,100,100020,100,99239,100,100045,100,99176,100,100081,100,99149,100,100090,100,98369,100
2019-06-28 09:57:00.000000000,99824,326,99563,426,99879,326,99561,326,99948,100,99443,100,99951,100,99339,100,99958,100,99305,100,99986,100,99274,100,100020,100,99239,100,100045,100,99176,100,100081,100,99149,100,100090,100,98369,100
2019-06-28 09:57:03.641958954,99824,226,99563,426,99879,326,99561,326,99948,100,99443,100,99951,100,99339,100,99958,100,99305,100,99986,100,99274,100,100020,100,99176,100,100045,100,99149,100,100081,100,98369,100,100090,100,,
2019-06-28 09:57:10.000000000,99879,553,99563,653,99948,100,99561,100,99951,100,99443,100,99958,100,99339,100,99986,100,99305,100,100020,100,99274,100,100045,100,99176,100,100081,100,99149,100,100090,100,98369,100,100119,100,,
2019-06-28 09:57:20.000000000,99879,553,99563,653,99948,100,99561,100,99951,100,99443,100,99958,100,99339,100,99986,100,99305,100,100020,100,99274,100,100045,100,99176,100,100081,100,99149,100,100090,100,98369,100,100119,100,,
2019-06-28 09:57:30.000000000,99879,553,99563,653,99948,100,99561,100,99951,100,99443,100,99958,100,99339,100,99986,100,99305,100,100020,100,99274,100,100045,100,99176,100,100081,100,99149,100,100090,100,98369,100,100119,100,,
2019-06-28 09:57:40.000000000,99879,254,99563,354,99948,249,99561,249,99951,249,99443,249,99958,100,99339,100,99986,100,99305,100,100020,100,99274,100,100045,100,99176,100,100081,100,99149,100,100090,100,98369,100,100119,100,,
2019-06-28 09:57:44.038940953,99879,254,99563,354,99948,249,99561,249,99951,249,99443,249,99958,100,99339,100,99986,100,99305,100,100020,100,99274,100,100045,100,99176,100,100081,100,99149,100,100090,100,98369,100,100119,100,,
2019-06-28 09:57:50.000000000,99879,553,99563,653,99948,100,99561,100,99951,100,99443,100,99958,100,99339,100,99986,100,99305,100,100020,100,99274,100,100045,100,99176,100,100081,100,99149,100,100090,100,98369,100,100119,100,,
2019-06-28 09:57:57.165810633,99879,453,99563,653,99948,100,99561,100,99951,100,99443,100,99958,100,99339,100,99986,100,99305,100,100020,100,99274,100,100045,100,99176,100,100081,100,99149,100,100090,100,98369,100,100119,100,,
2019-06-28 09:58:00.000000000,99948,254,99563,354,99951,249,99561,249,99958,249,99443,249,99986,100,99339,100,100020,100,99305,100,100045,100,99274,100,100081,100,99176,100,100090,100,99149,100,100119,100,98369,100,100151,100,,
2019-06-28 09:58:10.000000000,99948,326,99563,426,99951,326,99561,326,99958,100,99443,100,99986,100,99339,100,100020,100,99305,100,100045,100,99274,100,100081,100,99176,100,100090,100,99149,100,100119,100,98369,100,100151,100,,
2019-06-28 09:58:20.000000000,99948,213,99563,313,99951,213,99561,213,99958,213,99443,213,99986,213,99339,213,100020,100,99305,100,100045,100,99274,100,100081,100,99176,100,100090,100,99149,100,100119,100,98369,100,100151,100,,
2019-06-28 09:58:30.000000000,99948,191,99563,291,99951,191,99561,191,99958,191,99443,191,99986,191,99339,191,100020,191,99305,191,100045,100,99274,100,100081,100,99176,100,100090,100,99149,100,100119,100,98369,100,100151,100,,
2019-06-28 09:58:40.000000000,99948,254,99563,354,99951,249,99561,249,99958,249,99443,249,99986,100,99339,100,100020,100,99305,100,100045,100,99274,100,100081,100,99176,100,100090,100,99149,100,100119,100,98369,100,100151,100,,
2019-06-28 09:58:41.986011876,99948,254,99824,100,99951,249,99563,354,99958,249,99561,249,99986,100,99443,249,100020,100,99339,100,100045,100,99305,100,100081,100,99274,100,100090,100,99176,100,100119,100,99149,100,100151,100,98369,100
2019-06-28 09:58:48.608833141,99948,254,99824,100,99951,249,99563,354,99958,249,99561,249,99986,100,99443,249,100020,100,99339,100,100045,100,99305,100,100081,100,99274,100,100090,100,99176,100,100119,100,99149,100,100151,100,98369,100
2019-06-28 09:58:50.000000000,99948,553,99824,553,99951,100,99563,200,99958,100,99561,100,99986,100,99443,100,100020,100,99339,100,100045,100,99305,100,100081,100,99274,100,100090,100,99176,100,100119,100,99149,100,100151,100,98369,100
2019-06-28 09:58:51.115675507,99948,553,99824,553,99951,100,99563,200,99958,100,99561,100,99986,100,99443,100,100020,100,99339,100,100045,100,99305,100,100081,100,99274,100,100090,100,99149,100,100119,100,98369,100,100151,100,,
2019-06-28 09:59:00.000000000,99948,254,99824,254,99951,249,99563,349,99958,249,99561,249,99986,100,99443,100,100020,100,99339,100,100045,100,99305,100,100081,100,99274,100,100090,100,99149,100,100119,100,98369,100,100151,100,,
2019-06-28 09:59:10.000000000,99948,191,99824,191,99951,191,99563,291,99958,191,99561,191,99986,191,99443,191,100020,191,99339,191,100045,100,99305,100,100081,100,99274,100,100090,100,99149,100,100119,100,98369,100,100151,100,,
2019-06-28 09:59:14.976440965,99948,191,99824,191,99951,191,99563,291,99958,191,99561,191,99986,191,99443,191,100020,191,99339,191,100045,100,99305,100,100081,100,99274,100,100090,100,99149,100,100119,100,98369,100,100151,100,,
2019-06-28 09:59:20.000000000,99948,326,99824,326,99951,326,99563,426,99958,100,99561,100,99986,100,99443,100,100020,100,99339,100,100045,100,99305,100,100081,100,99274,100,100090,100,99149,100,100119,100,98369,100,100151,100,,
2019-06-28 09:59:30.000000000,99948,326,99824,326,99951,326,99563,426,99958,100,99561,100,99986,100,99443,100,100020,100,99339,100,100045,100,99305,100,100081,100,99274,100,100090,100,99149,100,100119,100,98369,100,100151,100,,
2019-06-28 09:59:30.777420685,99948,326,99824,426,99951,326,99563,426,99958,100,99561,100,99986,100,99443,100,100020,100,99339,100,100045,100,99305,100,100081,100,99274,100,100090,100,99149,100,100119,100,98369,100,100151,100,,
2019-06-28 09:59:40.000000000,99948,213,99824,313,99951,213,99563,313,99958,213,99561,213,99986,213,99443,213,100020,100,99339,100,100045,100,99305,100,100081,100,99274,100,100090,100,99149,100,100119,100,98369,100,100151,100,,
2019-06-28 09:59:44.503227765,99948,213,99824,413,99951,213,99563,313,99958,213,99561,213,99986,213,99443,213,100020,100,99339,100,100045,100,99305,100,100081,100,99274,100,100090,100,99149,100,100119,100,98369,100,100151,100,,
2019-06-28 09:59:50.000000000,99948,326,99824,526,99951,326,99563,426,99958,100,99561,100,99986,100,99443,100,100020,100,99339,100,100045,100,99305,100,100081,100,99274,100,100090,100,99149,100,100119,100,98369,100,100151,100,,
2019-06-28 10:00:00.000000000,99948,254,99824,454,99951,249,99563,349,99958,249,99561,249,99986,100,99443,100,100020,100,99339,100,100045,100,99305,100,100081,100,99274,100,100090,100,99149,100,100119,100,98369,100,100151,100,,
2019-06-28 10:00:10.000000000,99948,254,99824,454,99951,249,99563,349,99958,249,99561,249,99986,100,99443,100,100020,100,99339,100,100045,100,99305,100,100081,100,99274,100,100090,100,99149,100,100119,100,98369,100,100151,100,,
2019-06-28 10:00:20.000000000,99948,326,99824,526,99951,326,99563,426,99958,100,99561,100,99986,100,99443,100,100020,100,99339,100,100045,100,99305,100,100081,100,99274,100,100090,100,99149,100,100119,100,98369,100,100151,100,,
2019-06-28 10:00:30.000000000,99948,213,99824,413,99951,213,99563,313,99958,213,99561,213,99986,213,99443,213,100020,100,99339,100,100045,100,99305,100,100081,100,99274,100,100090,100,99149,100,100119,100,98369,100,100151,100,,
2019-06-28 10:00:34.301725242,99948,113,99824,413,99951,213,99563,313,99958,213,99561,213,99986,213,99443,213,100020,100,99339,100,100045,100,99305,100,100081,100,99274,100,100090,100,99149,100,100119,100,98369,100,100151,100,,
2019-06-28 10:00:40.000000000,99951,254,99824,454,99958,249,99563,349,99986,249,99561,249,100020,100,99443,100,100045,100,99339,100,100081,100,99305,100,100090,100,99274,100,100119,100,99149,100,100151,100,98369,100,100200,100,,
2019-06-28 10:00:42.385125276,99951,254,99824,454,99958,249,99563,349,99986,249,99561,249,100020,100,99443,100,100045,100,99339,100,100081,100,99305,100,100090,100,99274,100,100119,100,99149,100,100151,100,98369,100,100200,100,,
2019-06-28 10:00:49.986918792,99951,154,99824,454,99958,249,99563,349,99986,249,99561,249,100020,100,99443,100,100045,100,99339,100,100081,100,99305,100,100090,100,99274,100,100119,100,99149,100,100151,100,98369,100,100200,100,,
2019-06-28 10:00:50.000000000,99958,254,99824,454,99986,249,99563,349,100020,249,99561,249,100045,100,99443,100,100081,100,99339,100,100090,100,99305,100,100119,100,99274,100,100151,100,99149,100,100200,100,98369,100,100269,100,,
2019-06-28 10:00:50.794172768,99958,254,99948,100,99986,249,99824,354,100020,249,99563,349,100045,100,99561,249,100081,100,99443,100,100090,100,99339,100,100119,100,99305,100,100151,100,99274,100,100200,100,99149,100,100269,100,98369,100
2019-06-28 10:01:00.000000000,99958,326,99948,326,99986,326,99824,426,100020,100,99563,200,100045,100,99561,100,100081,100,99443,100,100090,100,99339,100,100119,100,99305,100,100151,100,99274,100,100200,100,99149,100,100269,100,98369,100
2019-06-28 10:01:04.125832297,99958,326,99948,326,99986,326,99824,426,100020,100,99563,200,100045,100,99561,100,100081,100,99443,100,100090,100,99339,100,100119,100,99305,100,100151,100,99274,100,100200,100,99149,100,100269,100,98369,100
2019-06-28 10:01:08.808172903,99958,226,99948,326,99986,326,99824,426,100020,100,99563,200,100045,100,99561,100,100081,100,99443,100,100090,100,99339,100,100119,100,99305,100,100151,100,99274,100,100200,100,99149,100,100269,100,98369,100
2019-06-28 10:01:10.000000000,99986,191,99948,191,100020,191,99824,291,100045,191,99563,291,100081,191,99561,191,100090,191,99443,191,100119,100,99339,100,100151,100,99305,100,100200,100,99274,100,100269,100,99149,100,100285,100,98369,100
2019-06-28 10:01:20.000000000,99986,254,99948,254,100020,249,99824,349,100045,249,99563,349,100081,100,99561,100,100090,100,99443,100,100119,100,99339,100,100151,100,99305,100,100200,100,99274,100,100269,100,99149,100,100285,100,98369,100
2019-06-28 10:01:21.657891970,99986,254,99948,254,100020,249,99824,349,100045,249,99563,249,100081,100,99561,100,100090,100,99443,100,100119,100,99339,100,100151,100,99305,100,100200,100,99274,100,100269,100,99149,100,100285,100,98369,100
2019-06-28 10:01:23.891013149,99986,254,99948,254,100020,249,99824,349,100045,149,99563,249,100081,100,99561,100,100090,100,99443,100,100119,100,99339,100,100151,100,99305,100,100200,100,99274,100,100269,100,99149,100,100285,100,98369,100
2019-06-28 10:01:29.421091853,99986,254,99948,254,100020,249,99824,349,100045,149,99563,249,100081,100,99561,100,100090,100,99443,100,100119,100,99339,100,100151,100,99305,100,100200,100,99274,100,100269,100,99149,100,100285,100,98369,100
2019-06-28 10:01:30.000000000,99986,213,99948,213,100020,213,99824,313,100081,213,99563,213,100090,213,99561,213,100119,100,99443,100,100151,100,99339,100,100200,100,99305,100,100269,100,99274,100,100285,100,99149,100,100299,100,98369,100
2019-06-28 10:01:40.000000000,99986,326,99948,326,100020,326,99824,426,100081,100,99563,100,100090,100,99561,100,100119,100,99443,100,100151,100,99339,100,100200,100,99305,100,100269,100,99274,100,100285,100,99149,100,100299,100,98369,100
2019-06-28 10:01:50.000000000,99986,326,99948,326,100020,326,99824,426,100081,100,99563,100,100090,100,99561,100,100119,100,99443,100,100151,100,99339,100,100200,100,99305,100,100269,100,99274,100,100285,100,99149,100,100299,100,98369,100
2019-06-28 10:01:51.466589554,99986,226,99948,326,100020,326,99824,426,100081,100,99563,100,100090,100,99561,100,100119,100,99339,100,100151,100,99305,100,100200,100,99274,100,100269,100,99149,100,100285,100,98369,100,100299,100,,
2019-06-28 10:01:53.644378548,99986,226,99958,100,100020,326,99948,326,100081,100,99824,426,100090,100,99563,100,100119,100,99561,100,100151,100,99339,100,100200,100,99305,100,100269,100,99274,100,100285,100,99149,100,100299,100,98369,100
2019-06-28 10:01:56.006977620,99986,126,99958,100,100020,326,99948,326,100081,100,99824,426,100090,100,99563,100,100119,100,99561,100,100151,100,99339,100,100200,100,99305,100,100269,100,99274,100,100285,100,99149,100,100299,100,98369,100
2019-06-28 10:01:56.850923611,99986,126,99958,100,100020,326,99948,326,100081,100,99824,426,100090,100,99563,100,100119,100,99561,100,100151,100,99339,100,100200,100,99305,100,100269,100,99274,100,100285,100,99149,100,100299,100,98369,100
2019-06-28 10:02:00.000000000,100020,213,99958,213,100081,213,99948,213,100090,213,99824,313,100119,213,99563,213,100151,100,99561,100,100200,100,99339,100,100269,100,99305,100,100285,100,99274,100,100299,100,99149,100,100337,100,98369,100
2019-06-28 10:02:10.000000000,100020,191,99958,191,100081,191,99948,191,100090,191,99824,291,100119,191,99563,191,100151,191,99561,191,100200,100,99339,100,100269,100,99305,100,100285,100,99274,100,100299,100,99149,100,100337,100,98369,100
2019-06-28 10:02:14.642711830,100020,191,99958,191,100081,191,99948,191,100090,191,99824,291,100119,191,99563,191,100151,191,99561,191,100200,100,99339,100,100261,100,99305,100,100269,100,99274,100,100285,100,99149,100,100299,100,98369,100
2019-06-28 10:02:17.779962170,100020,91,99958,191,100081,191,99948,191,100090,191,99824,291,100119,191,99563,191,100151,191,99561,191,100200,100,99339,100,100261,100,99305,100,100269,100,99274,100,100285,100,99149,100,100299,100,98369,100
2019-06-28 10:02:19.935039872,100081,191,100020,9,100090,191,99958,191,100119,191,99948,191,100151,191,99824,291,100200,100,99563,191,100261,100,99561,191,100269,100,99339,100,100285,100,99274,100,100299,100,99149,100,100337,100,98369,100
2019-06-28 10:02:20.000000000,100081,326,100020,235,100090,326,99958,326,100119,100,99948,100,100151,100,99824,200,100200,100,99563,100,100261,100,99561,100,100269,100,99339,100,100285,100,99274,100,100299,100,99149,100,100337,100,98369,100
2019-06-28 10:02:30.000000000,100081,326,100020,235,100090,326,99958,326,100119,100,99948,100,100151,100,99824,200,100200,100,99563,100,100261,100,99561,100,100269,100,99339,100,100285,100,99274,100,100299,100,99149,100,100337,100,98369,100
2019-06-28 10:02:40.000000000,100081,553,100020,462,100090,100,99958,100,100119,100,99948,100,100151,100,99824,200,100200,100,99563,100,100261,100,99561,100,100269,100,99339,100,100285,100,99274,100,100299,100,99149,100,100337,100,98369,100
2019-06-28 10:02:50.000000000,100081,191,100020,100,100090,191,99958,191,100119,191,99948,191,100151,191,99824,291,100200,191,99563,191,100261,100,99561,100,100269,100,99339,100,100285,100,99274,100,100299,100,99149,100,100337,100,98369,100
2019-06-28 10:02:50.256138708,100081,91,100020,100,100090,191,99958,191,100119,191,99948,191,100151,191,99824,291,100200,191,99563,191,100261,100,99561,100,100269,100,99339,100,100285,100,99274,100,100299,100,99149,100,100337,100,98369,100
2019-06-28 10:03:00.000000000,100090,191,100020,100,100119,191,99958,191,100151,191,99948,191,100200,191,99824,291,100261,191,99563,191,100269,100,99561,100,100285,100,99339,100,100299,100,99274,100,100337,100,99149,100,100365,100,98369,100
2019-06-28 10:03:10.000000000,100090,191,100020,100,100119,191,99958,191,100151,191,99948,191,100200,191,99824,291,100261,191,99563,191,100269,100,99561,100,100285,100,99339,100,100299,100,99274,100,100337,100,99149,100,100365,100,98369,100
2019-06-28 10:03:10.229970235,100090,191,100021,100,100119,191,100020,100,100151,191,99958,191,100200,191,99948,191,100261,191,99824,291,100269,100,99563,191,100285,100,99561,100,100299,100,99339,100,100337,100,99274,100,100365,100,99149,100
2019-06-28 10:03:19.567857186,100090,91,100021,100,100119,191,100020,100,100151,191,99958,191,100200,191,99948,191,100261,191,99824,291,100269,100,99563,191,100285,100,99561,100,100299,100,99339,100,100337,100,99274,100,100365,100,99149,100
2019-06-28 10:03:20.000000000,100119,213,100021,213,100151,213,100020,122,100200,213,99958,213,100261,213,99948,213,100269,100,99824,200,100285,100,99563,100,100299,100,99561,100,100337,100,99339,100,100365,100,99274,100,100399,100,99149,100
2019-06-28 10:03:27.019253696,100119,113,100021,213,100151,213,100020,122,100200,213,99958,213,100261,213,99948,213,100269,100,99824,200,100285,100,99563,100,100299,100,99561,100,100337,100,99339,100,100365,100,99274,100,100399,100,99149,100
2019-06-28 10:03:30.000000000,100151,326,100021,326,100200,326,100020,235,100261,100,99958,100,100269,100,99948,100,100285,100,99824,200,100299,100,99563,100,100337,100,99561,100,100365,100,99339,100,100399,100,99274,100,100486,100,99149,100
2019-06-28 10:03:40.000000000,100151,326,100021,326,100200,326,100020,235,100261,100,99958,100,100269,100,99948,100,100285,100,99824,200,100299,100,99563,100,100337,100,99561,100,100365,100,99339,100,100399,100,99274,100,100486,100,99149,100
2019-06-28 10:03:48.122741285,100151,226,100021,326,100200,326,100020,235,100261,100,99958,100,100269,100,99948,100,100285,100,99824,200,100299,100,99563,100,100337,100,99561,100,100365,100,99339,100,100399,100,99274,100,100486,100,99149,100
2019-06-28 10:03:50.000000000,100200,213,100021,213,100261,213,100020,122,100269,213,99958,213,100285,213,99948,213,100299,100,99824,200,100337,100,99563,100,100365,100,99561,100,100399,100,99339,100,100486,100,99274,100,100494,100,99149,100
2019-06-28 10:04:00.000000000,100200,191,100021,191,100261,191,100020,100,100269,191,99958,191,100285,191,99948,191,100299,191,99824,291,100337,100,99563,100,100365,100,99561,100,100399,100,99339,100,100486,100,99274,100,100494,100,99149,100
2019-06-28 10:04:06.322006004,100200,191,100119,100,100261,191,100021,191,100269,191,100020,100,100285,191,99958,191,100299,191,99948,191,100337,100,99824,291,100365,100,99563,100,100399,100,99561,100,100486,100,99339,100,100494,100,99274,100
2019-06-28 10:04:10.000000000,100200,213,100119,213,100261,213,100021,213,100269,213,100020,122,100285,213,99958,213,100299,100,99948,100,100337,100,99824,200,100365,100,99563,100,100399,100,99561,100,100486,100,99339,100,100494,100,99274,100
2019-06-28 10:04:18.272723578,100200,213,100119,313,100261,213,100021,213,100269,213,100020,122,100285,213,99958,213,100299,100,99948,100,100337,100,99824,100,100365,100,99563,100,100399,100,99561,100,100486,100,99339,100,100494,100,99274,100
2019-06-28 10:04:20.000000000,100200,213,100119,313,100261,213,100021,213,100269,213,100020,122,100285,213,99958,213,100299,100,99948,100,100337,100,99824,100,100365,100,99563,100,100399,100,99561,100,100486,100,99339,100,100494,100,99274,100
2019-06-28 10:04:30.000000000,100200,553,100119,653,100261,100,100021,100,100269,100,100020,9,100285,100,99958,100,100299,100,99948,100,100337,100,99824,100,100365,100,99563,100,100399,100,99561,100,100486,100,99339,100,100494,100,99274,100
2019-06-28 10:04:36.466145643,100200,453,100119,653,100269,100,100021,100,100285,100,100020,9,100299,100,99958,100,100337,100,99948,100,100365,100,99824,100,100399,100,99563,100,100486,100,99561,100,100494,100,99339,100,100505,100,99274,100
2019-06-28 10:04:37.796523230,100200,353,100119,653,100269,100,100021,100,100285,100,100020,9,100299,100,99958,100,100337,100,99948,100,100365,100,99824,100,100399,100,99563,100,100486,100,99561,100,100494,100,99339,100,100505,100,99274,100
2019-06-28 10:04:40.000000000,100269,213,100119,313,100285,213,100021,213,100299,213,100020,122,100337,213,99958,213,100365,100,99948,100,100399,100,99824,100,100486,100,99563,100,100494,100,99561,100,100505,100,99339,100,100554,100,99274,100
2019-06-28 10:04:41.486129788,100269,113,100119,313,100285,213,100021,213,100299,213,100020,122,100337,213,99958,213,100365,100,99948,100,100399,100,99824,100,100486,100,99563,100,100494,100,99561,100,100505,100,99339,100,100554,100,99274,100
2019-06-28 10:04:43.476683504,100269,13,100119,313,100285,213,100021,213,100299,213,100020,122,100337,213,99958,213,100365,100,99948,100,100399,100,99824,100,100486,100,99563,100,100494,100,99561,100,100505,100,99339,100,100554,100,99274,100
2019-06-28 10:04:50.000000000,100285,213,100119,313,100299,213,100021,213,100337,213,100020,122,100365,213,99958,213,100399,100,99948,100,100486,100,99824,100,100494,100,99563,100,100505,100,99561,100,100554,100,99339,100,,,99274,100
2019-06-28 10:04:56.072821000,100285,213,100119,313,100299,213,100021,213,100337,213,100020,122,100365,213,99958,213,100399,100,99948,100,100486,100,99824,100,100494,100,99563,100,100505,100,99561,100,100554,100,99339,100,100563,100,99274,100
2019-06-28 10:05:00.000000000,100285,553,100119,653,100299,100,100021,100,100337,100,100020,9,100365,100,99958,100,100399,100,99948,100,100486,100,99824,100,100494,100,99563,100,100505,100,99561,100,100554,100,99339,100,100563,100,99274,100
2019-06-28 10:05:03.730531461,100285,553,100119,653,100299,100,100021,100,100337,100,100020,9,100365,100,99958,100,100399,100,99948,100,100486,100,99824,100,100494,100,99563,100,100505,100,99561,100,100554,100,99339,100,100563,100,99274,100
2019-06-28 10:05:10.000000000,100285,213,100119,313,100299,213,100021,213,100337,213,100020,122,100365,213,99958,213,100399,100,99948,100,100486,100,99824,100,100494,100,99563,100,100505,100,99561,100,100554,100,99339,100,100563,100,99274,100
2019-06-28 10:05:20.000000000,100285,553,100119,653,100299,100,100021,100,100337,100,100020,9,100365,100,99958,100,100399,100,99948,100,100486,100,99824,100,100494,100,99563,100,100505,100,99561,100,100554,100,99339,100,100563,100,99274,100
2019-06-28 10:05:30.000000000,100285,326,100119,426,100299,326,100021,326,100337,100,100020,9,100365,100,99958,100,100399,100,99948,100,100486,100,99824,100,100494,100,99563,100,100505,100,99561,100,100554,100,99339,100,100563,100,99274,100
2019-06-28 10:05:32.283136167,100285,326,100269,100,100299,326,100119,426,100337,100,100021,326,100365,100,100020,9,100399,100,99958,100,100486,100,99824,100,100494,100,99563,100,100505,100,99561,100,100554,100,99339,100,100563,100,99274,100
2019-06-28 10:05:40.000000000,100285,213,100269,213,100299,213,100119,313,100337,213,100021,213,100365,213,100020,122,100399,100,99958,100,100486,100,99824,100,100494,100,99563,100,100505,100,99561,100,100554,100,99339,100,100563,100,99274,100
2019-06-28 10:05:50.000000000,100285,191,100269,191,100299,191,100119,291,100337,191,100021,191,100365,191,100020,100,100399,191,99958,191,100486,100,99824,100,100494,100,99563,100,100505,100,99561,100,100554,100,99339,100,100563,100,99274,100
2019-06-28 10:05:51.547809516,100285,191,100269,191,100299,191,100193,100,100337,191,100119,291,100365,191,100021,191,100399,191,100020,100,100486,100,99958,191,100494,100,99824,100,100505,100,99563,100,100554,100,99561,100,100563,100,99339,100
2019-06-28 10:05:55.093904329,100285,191,100269,191,100299,191,100193,100,100337,191,100119,291,100354,100,100021,191,100365,191,100020,100,100399,191,99958,191,100486,100,99824,100,100494,100,99563,100,100505,100,99561,100,100554,100,99339,100
2019-06-28 10:06:00.000000000,100285,213,100269,213,100299,213,100193,213,100337,213,100119,313,100354,213,100021,213,100365,100,100020,9,100399,100,99958,100,100486,100,99824,100,100494,100,99563,100,100505,100,99561,100,100554,100,99339,100
2019-06-28 10:06:00.298957469,100285,113,100269,213,100299,213,100193,213,100337,213,100119,313,100354,213,100021,213,100365,100,100020,9,100399,100,99958,100,100486,100,99824,100,100494,100,99563,100,100505,100,99561,100,100554,100,99339,100
2019-06-28 10:06:04.672208885,100285,113,100269,213,100299,213,100193,213,100337,213,100119,313,100354,213,100021,213,100365,100,100020,9,100399,100,99958,100,100486,100,99824,100,100494,100,99563,100,100505,100,99561,100,100554,100,99339,100
2019-06-28 10:06:10.000000000,100299,254,100269,254,100337,249,100193,249,100354,249,100119,349,100365,100,100021,100,100399,100,100020,9,100486,100,99958,100,100494,100,99824,100,100505,100,99563,100,100554,100,99561,100,100563,100,99339,100
2019-06-28 10:06:19.206988801,100299,254,100269,254,100337,249,100193,249,100354,249,100119,349,100365,100,100021,100,100399,100,100020,9,100486,100,99824,100,100494,100,99563,100,100505,100,99561,100,100554,100,99339,100,100563,100,99274,100
2019-06-28 10:06:20.000000000,100299,254,100269,254,100337,249,100193,249,100354,249,100119,349,100365,100,100021,100,100399,100,100020,9,100486,100,99824,100,100494,100,99563,100,100505,100,99561,100,100554,100,99339,100,100563,100,99274,100
2019-06-28 10:06:30.000000000,100299,213,100269,213,100337,213,100193,213,100354,213,100119,313,100365,213,100021,213,100399,100,100020,9,100486,100,99824,100,100494,100,99563,100,100505,100,99561,100,100554,100,99339,100,100563,100,99274,100
2019-06-28 10:06:40.000000000,100299,191,100269,191,100337,191,100193,191,100354,191,100119,291,100365,191,100021,191,100399,191,100020,100,100486,100,99824,100,100494,100,99563,100,100505,100,99561,100,100554,100,99339,100,100563,100,99274,100
2019-06-28 10:06:50.000000000,100299,191,100269,191,100337,191,100193,191,100354,191,100119,291,100365,191,100021,191,100399,191,100020,100,100486,100,99824,100,100494,100,99563,100,100505,100,99561,100,100554,100,99339,100,100563,100,99274,100
2019-06-28 10:07:00.000000000,100299,191,100269,191,100337,191,100193,191,100354,191,100119,291,100365,191,100021,191,100399,191,100020,100,100486,100,99824,100,100494,100,99563,100,100505,100,99561,100,100554,100,99339,100,100563,100,99274,100
2019-06-28 10:07:10.000000000,100299,326,100269,326,100337,326,100193,326,100354,100,100119,200,100365,100,100021,100,100399,100,100020,9,100486,100,99824,100,100494,100,99563,100,100505,100,99561,100,100554,100,99339,100,100563,100,99274,100
2019-06-28 10:07:11.206558202,100299,226,100269,326,100337,326,100193,326,100354,100,100119,200,100365,100,100021,100,100399,100,100020,9,100486,100,99824,100,100494,100,99563,100,100505,100,99561,100,100554,100,99339,100,100563,100,99274,100
2019-06-28 10:07:20.000000000,100337,213,100269,213,100354,213,100193,213,100365,213,100119,313,100399,213,100021,213,100486,100,100020,9,100494,100,99824,100,100505,100,99563,100,100554,100,99561,100,100563,100,99339,100,100593,100,99274,100
