,ask_price_1,ask_size_1,bid_price_1,bid_size_1,ask_price_2,ask_size_2,bid_price_2,bid_size_2,ask_price_3,ask_size_3,bid_price_3,bid_size_3,ask_price_4,ask_size_4,bid_price_4,bid_size_4,ask_price_5,ask_size_5,bid_price_5,bid_size_5,ask_price_6,ask_size_6,bid_price_6,bid_size_6,ask_price_7,ask_size_7,bid_price_7,bid_size_7,ask_price_8,ask_size_8,bid_price_8,bid_size_8,ask_price_9,ask_size_9,bid_price_9,bid_size_9,ask_price_10,ask_size_10,bid_price_10,bid_size_10
2019-06-28 09:30:00.000000000,99993,100,,,,,,,,,,,,,,,,,,,,,,,,,,,,,,,,,,,,,,
2019-06-28 09:30:00.000000001,99993,100,99878,100,100115,100,,,,,,,,,,,,,,,,,,,,,,,,,,,,,,,,,,
2019-06-28 09:30:00.000000003,99993,100,99958,100,100042,100,99878,100,100115,100,99874,100,,,,,,,,,,,,,,,,,,,,,,,,,,,,
2019-06-28 09:30:00.000000008,99993,100,99958,100,100042,100,99880,100,100115,100,99878,100,,,99874,100,,,,,,,,,,,,,,,,,,,,,,,,
2019-06-28 09:30:00.000000011,99993,100,99958,100,100042,100,99950,100,100115,100,99921,100,,,99880,100,,,99878,100,,,99874,100,,,,,,,,,,,,,,,,
2019-06-28 09:30:00.000000013,99993,100,99992,100,100042,100,99958,100,100115,100,99950,100,,,99921,100,,,99880,100,,,99878,100,,,99874,100,,,,,,,,,,,,
2019-06-28 09:30:00.000000016,99993,100,99992,100,100042,100,99958,100,100059,100,99950,100,100115,100,99921,100,,,99880,100,,,99878,100,,,99874,100,,,99833,100,,,,,,,,
2019-06-28 09:30:00.000000018,99993,100,99992,100,100042,100,99960,100,100059,100,99958,100,100115,100,99950,100,,,99929,100,,,99921,100,,,99880,100,,,99878,100,,,99874,100,,,99833,100
2019-06-28 09:30:00.000000021,99993,100,99992,100,100042,100,99986,100,100059,100,99960,100,100115,100,99958,100,,,99950,100,,,99929,100,,,99921,100,,,99880,100,,,99878,100,,,99874,100
2019-06-28 09:30:00.000000022,99993,100,99992,100,99996,100,99986,100,100042,100,99960,100,100059,100,99958,100,100115,100,99950,100,,,99929,100,,,99921,100,,,99880,100,,,99878,100,,,99874,100
2019-06-28 09:30:00.000000023,99993,100,99992,100,99996,100,99986,100,100042,100,99960,100,100059,100,99958,100,100115,100,99950,100,,,99930,100,,,99929,100,,,99921,100,,,99880,100,,,99878,100
2019-06-28 09:30:00.000000024,99993,100,99992,100,99996,100,99986,100,100042,100,99960,100,100059,100,99958,100,100115,100,99950,100,100124,100,99930,100,,,99929,100,,,99921,100,,,99880,100,,,99878,100
2019-06-28 09:30:00.000000025,99993,100,99992,100,99996,100,99986,100,100042,100,99960,100,100059,100,99958,100,100115,100,99950,100,100124,100,99930,100,,,99929,100,,,99925,100,,,99921,100,,,99880,100
2019-06-28 09:30:00.000000026,99993,100,99992,100,99996,100,99986,100,100042,100,99966,100,100059,100,99960,100,100115,100,99958,100,100124,100,99950,100,,,99937,100,,,99930,100,,,99929,100,,,99925,100
2019-06-28 09:30:00.000000028,99996,100,99992,100,100042,100,99986,100,100059,100,99966,100,100115,100,99960,100,100124,100,99958,100,,,99950,100,,,99937,100,,,99930,100,,,99929,100,,,99925,100
2019-06-28 09:30:00.000000029,99996,100,99992,100,100042,100,99986,100,100059,100,99966,100,100115,100,99960,100,100124,100,99958,100,,,99950,100,,,99937,100,,,99930,100,,,99929,100,,,99925,100
2019-06-28 09:30:00.000000030,99996,100,99992,100,100038,100,99986,100,100042,100,99966,100,100059,100,99960,100,100115,100,99958,100,100124,100,99950,100,,,99937,100,,,99930,100,,,99929,100,,,99925,100
2019-06-28 09:30:00.000000031,99996,100,99992,100,100038,100,99986,100,100042,100,99966,100,100059,100,99964,100,100115,100,99960,100,100124,100,99958,100,,,99950,100,,,99937,100,,,99930,100,,,99929,100
2019-06-28 09:30:00.000000034,99996,100,99992,100,100008,100,99986,100,100038,100,99966,100,100042,100,99964,100,100059,100,99960,100,100115,100,99958,100,100124,100,99950,100,100144,100,99937,100,,,99930,100,,,99929,100
2019-06-28 09:30:00.000000037,100008,100,99992,100,100038,100,99986,100,100042,100,99966,100,100059,100,99964,100,100115,100,99960,100,100124,100,99958,100,100144,100,99950,100,,,99937,100,,,99930,100,,,99929,100
2019-06-28 09:30:00.000000041,100008,100,99992,100,100038,100,99986,100,100042,100,99966,100,100059,100,99964,100,100115,100,99960,100,100124,100,99958,100,100144,100,99950,100,,,99937,100,,,99930,100,,,99929,100
2019-06-28 09:30:00.000000043,100008,100,99992,100,100038,100,99986,100,100042,100,99966,100,100059,100,99964,100,100115,100,99960,100,100124,100,99958,100,100144,100,99957,100,,,99950,100,,,99937,100,,,99930,100
2019-06-28 09:30:00.000000045,100008,100,99992,100,100038,100,99986,100,100042,100,99966,100,100059,100,99964,100,100115,100,99960,100,100124,100,99958,100,100137,100,99957,100,100144,100,99950,100,,,99937,100,,,99930,100
2019-06-28 09:30:00.000000046,100008,100,99993,100,100038,100,99992,100,100042,100,99986,100,100059,100,99966,100,100115,100,99964,100,100124,100,99960,100,100137,100,99958,100,100144,100,99957,100,,,99950,100,,,99937,100
2019-06-28 09:30:00.000000051,99996,100,99993,100,100008,100,99992,100,100038,100,99986,100,100042,100,99966,100,100059,100,99964,100,100115,100,99960,100,100124,100,99958,100,100137,100,99957,100,100144,100,99950,100,,,99937,100
2019-06-28 09:30:00.000000052,100008,100,99993,100,100038,100,99992,100,100042,100,99986,100,100059,100,99966,100,100115,100,99964,100,100124,100,99960,100,100137,100,99958,100,100144,100,99957,100,,,99950,100,,,99937,100
2019-06-28 09:30:00.000000053,100008,100,99992,100,100038,100,99986,100,100042,100,99966,100,100059,100,99964,100,100115,100,99960,100,100124,100,99958,100,100137,100,99957,100,100144,100,99950,100,,,99937,100,,,99930,100
2019-06-28 09:30:00.000000057,100008,100,99986,100,100038,100,99966,100,100042,100,99964,100,100059,100,99960,100,100075,100,99958,100,100115,100,99957,100,100124,100,99950,100,100137,100,99937,100,100144,100,99930,100,,,99929,100
2019-06-28 09:30:00.000000059,100038,100,99966,100,100042,100,99964,100,100059,100,99960,100,100075,100,99958,100,100115,100,99957,100,100124,100,99950,100,100137,100,99937,100,100144,100,99930,100,,,99929,100,,,99926,100
2019-06-28 09:30:00.000000064,100038,100,99986,100,100042,100,99966,100,100059,100,99964,100,100075,100,99960,100,100115,100,99958,100,100124,100,99957,100,100137,100,99950,100,100144,100,99937,100,,,99930,100,,,99929,100
2019-06-28 09:30:00.000000065,100038,100,99986,100,100042,100,99966,100,100059,100,99964,100,100075,100,99960,100,100095,100,99958,100,100115,100,99957,100,100124,100,99950,100,100137,100,99937,100,100144,100,99930,100,,,99929,100
2019-06-28 09:30:00.000000067,100038,100,99986,100,100042,100,99966,100,100059,100,99964,100,100075,100,99960,100,100095,100,99958,100,100115,100,99957,100,100124,100,99950,100,100137,100,99937,100,100144,100,99930,100,,,99929,100
2019-06-28 09:30:00.000000069,100038,100,99986,100,100042,100,99970,100,100059,100,99966,100,100075,100,99964,100,100095,100,99960,100,100115,100,99958,100,100124,100,99957,100,100137,100,99950,100,100144,100,99937,100,,,99930,100
2019-06-28 09:30:00.000000070,100038,100,99986,100,100042,100,99970,100,100059,100,99966,100,100075,100,99964,100,100078,100,99960,100,100095,100,99958,100,100115,100,99957,100,100124,100,99950,100,100137,100,99937,100,100144,100,99930,100
2019-06-28 09:30:00.000000073,100038,100,99986,100,100042,100,99970,100,100059,100,99966,100,100075,100,99964,100,100078,100,99960,100,100095,100,99958,100,100115,100,99957,100,100124,100,99950,100,100137,100,99937,100,100144,100,99930,100
2019-06-28 09:30:00.000000074,100038,100,99986,100,100042,100,99970,100,100059,100,99966,100,100075,100,99964,100,100078,100,99960,100,100095,100,99958,100,100115,100,99957,100,100124,100,99950,100,100137,100,99937,100,100144,100,99930,100
2019-06-28 09:30:00.000000075,100038,100,99986,100,100042,100,99970,100,100059,100,99966,100,100066,100,99964,100,100075,100,99960,100,100078,100,99958,100,100095,100,99957,100,100115,100,99950,100,100124,100,99937,100,100137,100,99930,100
2019-06-28 09:30:00.000000076,100038,100,99970,100,100042,100,99966,100,100059,100,99964,100,100066,100,99960,100,100075,100,99958,100,100078,100,99957,100,100095,100,99950,100,100115,100,99937,100,100124,100,99930,100,100137,100,99929,100
2019-06-28 09:30:00.000000077,100038,100,99970,100,100042,100,99966,100,100059,100,99964,100,100066,100,99960,100,100075,100,99958,100,100078,100,99957,100,100095,100,99950,100,100115,100,99937,100,100124,100,99930,100,100137,100,99929,100
2019-06-28 09:30:00.000000080,100038,100,99970,100,100042,100,99966,100,100059,100,99964,100,100066,100,99960,100,100075,100,99958,100,100078,100,99957,100,100095,100,99950,100,100115,100,99937,100,100124,100,99930,100,100137,100,99929,100
2019-06-28 09:30:00.000000081,100038,100,99970,100,100042,100,99966,100,100059,100,99964,100,100066,100,99960,100,100075,100,99958,100,100078,100,99957,100,100095,100,99950,100,100115,100,99937,100,100124,100,99930,100,100137,100,99929,100
2019-06-28 09:30:00.000000083,100013,100,99986,100,100038,100,99970,100,100042,100,99966,100,100059,100,99964,100,100066,100,99960,100,100075,100,99958,100,100078,100,99957,100,100095,100,99950,100,100115,100,99937,100,100124,100,99930,100
2019-06-28 09:30:00.000000085,100013,100,99986,100,100028,100,99970,100,100038,100,99966,100,100042,100,99964,100,100059,100,99960,100,100066,100,99958,100,100075,100,99957,100,100078,100,99950,100,100095,100,99937,100,100115,100,99930,100
2019-06-28 09:30:00.000000087,100013,100,100008,100,100028,100,99986,100,100038,100,99970,100,100042,100,99966,100,100059,100,99964,100,100066,100,99960,100,100075,100,99958,100,100078,100,99957,100,100095,100,99950,100,100115,100,99937,100
2019-06-28 09:30:00.000000089,100013,100,100008,100,100028,100,99986,100,100038,100,99970,100,100042,100,99966,100,100059,100,99964,100,100066,100,99960,100,100075,100,99958,100,100078,100,99957,100,100083,100,99950,100,100095,100,99937,100
2019-06-28 09:30:00.000000090,100028,100,100008,100,100038,100,99986,100,100042,100,99970,100,100059,100,99966,100,100066,100,99964,100,100075,100,99960,100,100078,100,99958,100,100083,100,99957,100,100095,100,99950,100,100115,100,99937,100
2019-06-28 09:30:00.000000091,100013,100,100008,100,100028,100,99986,100,100038,100,99984,100,100042,100,99970,100,100059,100,99966,100,100066,100,99964,100,100075,100,99960,100,100078,100,99958,100,100083,100,99957,100,100095,100,99950,100
2019-06-28 09:30:00.000000096,100013,100,100008,100,100028,100,99986,100,100038,100,99984,100,100042,100,99970,100,100059,100,99966,100,100066,100,99964,100,100075,100,99960,100,100078,100,99958,100,100083,100,99957,100,100090,100,99950,100
2019-06-28 09:30:00.000000097,100013,100,100008,100,100028,100,99986,100,100038,100,99984,100,100042,100,99970,100,100059,100,99966,100,100066,100,99964,100,100075,100,99960,100,100078,100,99958,100,100083,100,99957,100,100090,100,99950,100
2019-06-28 09:30:00.000000098,100013,200,100008,100,100028,100,99986,100,100038,100,99984,100,100042,100,99970,100,100059,100,99966,100,100066,100,99964,100,100075,100,99960,100,100078,100,99958,100,100083,100,99957,100,100090,100,99950,100
2019-06-28 09:30:10.000000000,100013,318,100008,218,100028,218,99986,218,100038,218,99984,218,100042,218,99970,218,100059,100,99966,100,100066,100,99964,100,100075,100,99960,100,100078,100,99958,100,100083,100,99957,100,100090,100,99950,100
2019-06-28 09:30:20.000000000,100013,436,100008,336,100028,336,99986,336,100038,100,99984,100,100042,100,99970,100,100059,100,99966,100,100066,100,99964,100,100075,100,99960,100,100078,100,99958,100,100083,100,99957,100,100090,100,99950,100
2019-06-28 09:30:22.909141207,100013,436,100009,100,100028,336,100008,336,100038,100,99986,336,100042,100,99984,100,100059,100,99970,100,100066,100,99966,100,100075,100,99964,100,100078,100,99960,100,100083,100,99958,100,100090,100,99957,100
2019-06-28 09:30:30.000000000,100013,294,100009,194,100028,194,100008,194,100038,194,99986,194,100042,194,99984,194,100059,194,99970,194,100066,100,99966,100,100075,100,99964,100,100078,100,99960,100,100083,100,99958,100,100090,100,99957,100
2019-06-28 09:30:37.663733075,100013,294,100009,194,100028,194,100008,194,100038,194,99986,194,100042,194,99984,194,100059,194,99970,94,100066,100,99966,100,100075,100,99964,100,100078,100,99960,100,100083,100,99958,100,100090,100,99957,100
2019-06-28 09:30:40.000000000,100013,671,100009,571,100028,100,100008,100,100038,100,99986,100,100042,100,99984,100,100059,100,99966,100,100066,100,99964,100,100075,100,99960,100,100078,100,99958,100,100083,100,99957,100,100090,100,99950,100
2019-06-28 09:30:50.000000000,100013,294,100009,194,100028,194,100008,194,100038,194,99986,194,100042,194,99984,194,100059,194,99966,194,100066,100,99964,100,100075,100,99960,100,100078,100,99958,100,100083,100,99957,100,100090,100,99950,100
2019-06-28 09:31:00.000000000,100013,294,100009,194,100028,194,100008,194,100038,194,99986,194,100042,194,99984,194,100059,194,99966,194,100066,100,99964,100,100075,100,99960,100,100078,100,99958,100,100083,100,99957,100,100090,100,99950,100
2019-06-28 09:31:10.000000000,100013,671,100009,571,100028,100,100008,100,100038,100,99986,100,100042,100,99984,100,100059,100,99966,100,100066,100,99964,100,100075,100,99960,100,100078,100,99958,100,100083,100,99957,100,100090,100,99950,100
2019-06-28 09:31:20.000000000,100013,671,100009,571,100028,100,100008,100,100038,100,99986,100,100042,100,99984,100,100059,100,99966,100,100066,100,99964,100,100075,100,99960,100,100078,100,99958,100,100083,100,99957,100,100090,100,99950,100
2019-06-28 09:31:30.000000000,100013,294,100009,194,100028,194,100008,194,100038,194,99986,194,100042,194,99984,194,100059,194,99966,194,100066,100,99964,100,100075,100,99960,100,100078,100,99958,100,100083,100,99957,100,100090,100,99950,100
2019-06-28 09:31:33.010194230,100013,194,100009,194,100028,194,100008,194,100038,194,99986,194,100042,194,99984,194,100059,194,99966,194,100066,100,99964,100,100075,100,99960,100,100078,100,99958,100,100083,100,99957,100,100090,100,99950,100
2019-06-28 09:31:40.000000000,100013,336,100009,336,100028,336,100008,336,100038,100,99986,100,100042,100,99984,100,100059,100,99966,100,100066,100,99964,100,100075,100,99960,100,100078,100,99958,100,100083,100,99957,100,100090,100,99950,100
2019-06-28 09:31:48.473559842,100013,336,100009,336,100028,336,100008,336,100038,100,99986,100,100042,100,99984,100,100059,100,99966,100,100066,100,99964,100,100075,100,99960,100,100078,100,99958,100,100083,100,99957,100,100090,100,99950,100
2019-06-28 09:31:50.000000000,100013,260,100009,260,100028,255,100008,255,100038,255,99986,255,100042,100,99984,100,100059,100,99966,100,100066,100,99964,100,100075,100,99960,100,100078,100,99958,100,100083,100,99957,100,100090,100,99950,100
2019-06-28 09:32:00.000000000,100013,336,100009,336,100028,336,100008,336,100038,100,99986,100,100042,100,99984,100,100059,100,99966,100,100066,100,99964,100,100075,100,99960,100,100078,100,99958,100,100083,100,99957,100,100090,100,99950,100
2019-06-28 09:32:00.926264351,100013,336,100009,336,100028,336,100008,336,100038,100,99986,100,100042,100,99984,100,100059,100,99966,100,100066,100,99964,100,100075,100,99960,100,100083,100,99958,100,100090,100,99957,100,100095,100,99950,100
2019-06-28 09:32:10.000000000,100013,336,100009,336,100028,336,100008,336,100038,100,99986,100,100042,100,99984,100,100059,100,99966,100,100066,100,99964,100,100075,100,99960,100,100083,100,99958,100,100090,100,99957,100,100095,100,99950,100
2019-06-28 09:32:17.621646459,100013,236,100009,336,100028,336,100008,336,100038,100,99986,100,100042,100,99984,100,100059,100,99966,100,100066,100,99964,100,100075,100,99960,100,100083,100,99958,100,100090,100,99957,100,100095,100,99950,100
2019-06-28 09:32:20.000000000,100028,571,100009,571,100038,100,100008,100,100042,100,99986,100,100059,100,99984,100,100066,100,99966,100,100075,100,99964,100,100083,100,99960,100,100090,100,99958,100,100095,100,99957,100,100115,100,99950,100
2019-06-28 09:32:27.549509713,100028,571,100009,571,100042,100,100008,100,100059,100,99986,100,100066,100,99984,100,100075,100,99966,100,100083,100,99964,100,100090,100,99960,100,100095,100,99958,100,100115,100,99957,100,100124,100,99950,100
2019-06-28 09:32:30.000000000,100028,336,100009,336,100042,336,100008,336,100059,100,99986,100,100066,100,99984,100,100075,100,99966,100,100083,100,99964,100,100090,100,99960,100,100095,100,99958,100,100115,100,99957,100,100124,100,99950,100
2019-06-28 09:32:40.000000000,100028,194,100009,194,100042,194,100008,194,100059,194,99986,194,100066,194,99984,194,100075,194,99966,194,100083,100,99964,100,100090,100,99960,100,100095,100,99958,100,100115,100,99957,100,100124,100,99950,100
2019-06-28 09:32:47.275569331,100028,194,100009,194,100042,194,100008,194,100059,194,99986,194,100066,194,99984,194,100075,194,99966,94,100083,100,99964,100,100090,100,99960,100,100095,100,99958,100,100115,100,99957,100,100124,100,99950,100
2019-06-28 09:32:47.312191176,100028,194,100013,100,100042,194,100009,194,100059,194,100008,194,100066,194,99986,194,100075,194,99984,194,100083,100,99966,94,100090,100,99964,100,100095,100,99960,100,100115,100,99958,100,100124,100,99957,100
2019-06-28 09:32:50.000000000,100028,571,100013,571,100042,100,100009,100,100059,100,100008,100,100066,100,99986,100,100075,100,99984,100,100083,100,99964,100,100090,100,99960,100,100095,100,99958,100,100115,100,99957,100,100124,100,99950,100
2019-06-28 09:32:54.823994574,100028,471,100013,571,100042,100,100009,100,100059,100,100008,100,100066,100,99986,100,100075,100,99984,100,100083,100,99964,100,100090,100,99960,100,100095,100,99958,100,100115,100,99957,100,100124,100,99950,100
2019-06-28 09:33:00.000000000,100042,571,100013,571,100059,100,100009,100,100066,100,100008,100,100075,100,99986,100,100083,100,99984,100,100090,100,99964,100,100095,100,99960,100,100115,100,99958,100,100124,100,99957,100,100137,100,99950,100
2019-06-28 09:33:10.000000000,100042,218,100013,218,100059,218,100009,218,100066,218,100008,218,100075,218,99986,218,100083,100,99984,100,100090,100,99964,100,100095,100,99960,100,100115,100,99958,100,100124,100,99957,100,100137,100,99950,100
2019-06-28 09:33:10.425889435,100042,218,100013,218,100059,218,100009,218,100066,218,100008,218,100075,218,99986,218,100083,100,99984,100,100090,100,99964,100,100095,100,99960,100,100115,100,99958,100,100124,100,99957,100,100137,100,99950,100
2019-06-28 09:33:10.562052814,100042,118,100013,218,100059,218,100009,218,100066,218,100008,218,100075,218,99986,218,100083,100,99984,100,100090,100,99964,100,100095,100,99960,100,100115,100,99958,100,100124,100,99957,100,100137,100,99950,100
2019-06-28 09:33:20.000000000,100059,336,100013,336,100066,336,100009,336,100075,100,100008,100,100083,100,99986,100,100090,100,99984,100,100095,100,99964,100,100115,100,99960,100,100124,100,99958,100,100137,100,99957,100,100144,100,99950,100
2019-06-28 09:33:28.833621492,100059,236,100013,336,100066,236,100009,336,100075,100,100008,100,100083,100,99986,100,100090,100,99984,100,100095,100,99964,100,100115,100,99960,100,100124,100,99958,100,100137,100,99957,100,100144,100,99950,100
2019-06-28 09:33:30.000000000,100075,260,100013,260,100083,255,100009,255,100090,255,100008,255,100095,100,99986,100,100115,100,99984,100,100124,100,99964,100,100137,100,99960,100,100144,100,99958,100,100151,100,99957,100,100268,100,99950,100
2019-06-28 09:33:40.000000000,100075,571,100013,571,100083,100,100009,100,100090,100,100008,100,100095,100,99986,100,100115,100,99984,100,100124,100,99964,100,100137,100,99960,100,100144,100,99958,100,100151,100,99957,100,100268,100,99950,100
2019-06-28 09:33:44.427374510,100075,471,100013,571,100083,100,100009,100,100090,100,100008,100,100095,100,99986,100,100115,100,99984,100,100124,100,99964,100,100137,100,99960,100,100144,100,99958,100,100151,100,99957,100,100268,100,99950,100
2019-06-28 09:33:44.961052346,100075,471,100013,571,100083,100,100009,100,100090,100,100008,100,100095,100,99986,100,100115,100,99984,100,100124,100,99960,100,100137,100,99958,100,100144,100,99957,100,100151,100,99950,100,100268,100,99937,100
2019-06-28 09:33:50.000000000,100083,194,100013,194,100090,194,100009,194,100095,194,100008,194,100115,194,99986,194,100124,194,99984,194,100137,100,99960,100,100144,100,99958,100,100151,100,99957,100,100268,100,99950,100,100318,100,99937,100
2019-06-28 09:33:56.870344349,100083,94,100013,194,100090,194,100009,194,100095,194,100008,194,100115,194,99986,194,100124,194,99984,194,100137,100,99960,100,100144,100,99958,100,100151,100,99957,100,100268,100,99950,100,100318,100,99937,100
2019-06-28 09:34:00.000000000,100090,218,100013,218,100095,218,100009,218,100115,218,100008,218,100124,218,99986,218,100137,100,99984,100,100144,100,99960,100,100151,100,99958,100,100268,100,99957,100,100318,100,99950,100,100347,100,99937,100
2019-06-28 09:34:10.000000000,100090,571,100013,571,100095,100,100009,100,100115,100,100008,100,100124,100,99986,100,100137,100,99984,100,100144,100,99960,100,100151,100,99958,100,100268,100,99957,100,100318,100,99950,100,100347,100,99937,100
2019-06-28 09:34:12.474880129,100090,471,100013,571,100095,100,100009,100,100115,100,100008,100,100124,100,99986,100,100137,100,99984,100,100144,100,99960,100,100151,100,99958,100,100268,100,99957,100,100318,100,99950,100,100470,100,99937,100
2019-06-28 09:34:20.000000000,100095,260,100013,260,100115,255,100009,255,100124,255,100008,255,100137,100,99986,100,100144,100,99984,100,100151,100,99960,100,100268,100,99958,100,100318,100,99957,100,100470,100,99950,100,100475,100,99937,100
2019-06-28 09:34:30.000000000,100095,336,100013,336,100115,336,100009,336,100124,100,100008,100,100137,100,99986,100,100144,100,99984,100,100151,100,99960,100,100268,100,99958,100,100318,100,99957,100,100470,100,99950,100,100475,100,99937,100
2019-06-28 09:34:35.693534826,100095,336,100083,100,100115,336,100013,336,100124,100,100009,336,100137,100,100008,100,100144,100,99986,100,100151,100,99984,100,100268,100,99960,100,100318,100,99958,100,100470,100,99957,100,100475,100,99950,100
2019-06-28 09:34:40.000000000,100095,260,100083,260,100115,255,100013,255,100124,255,100009,255,100137,100,100008,100,100144,100,99986,100,100151,100,99984,100,100268,100,99960,100,100318,100,99958,100,100470,100,99957,100,100475,100,99950,100
2019-06-28 09:34:45.228041791,100095,160,100083,260,100115,255,100013,255,100124,255,100009,255,100137,100,100008,100,100144,100,99986,100,100151,100,99984,100,100268,100,99960,100,100318,100,99958,100,100470,100,99950,100,100475,100,99937,100
2019-06-28 09:34:50.000000000,100115,194,100083,194,100124,194,100013,194,100137,194,100009,194,100144,194,100008,194,100151,194,99986,194,100268,100,99984,100,100318,100,99960,100,100470,100,99958,100,100475,100,99950,100,100591,100,99937,100
2019-06-28 09:35:00.000000000,100115,336,100083,336,100124,336,100013,336,100137,100,100009,100,100144,100,100008,100,100151,100,99986,100,100268,100,99984,100,100318,100,99960,100,100470,100,99958,100,100475,100,99950,100,100591,100,99937,100
2019-06-28 09:35:10.000000000,100115,194,100083,194,100124,194,100013,194,100137,194,100009,194,100144,194,100008,194,100151,194,99986,194,100268,100,99984,100,100318,100,99960,100,100470,100,99958,100,100475,100,99950,100,100591,100,99937,100
2019-06-28 09:35:13.811810922,100115,194,100083,194,100124,194,100013,194,100137,194,100009,194,100144,194,100008,194,100151,194,99986,194,100268,100,99984,100,100318,100,99960,100,100470,100,99958,100,100475,100,99950,100,100591,100,99937,100
2019-06-28 09:35:20.000000000,100115,218,100083,218,100124,218,100013,218,100137,218,100009,218,100144,218,100008,218,100151,100,99986,100,100268,100,99984,100,100318,100,99960,100,100470,100,99958,100,100475,100,99950,100,100591,100,99937,100
2019-06-28 09:35:20.930181010,100115,218,100083,218,100124,218,100013,218,100137,218,100009,218,100144,218,100008,218,100151,100,99986,100,100268,100,99984,100,100318,100,99960,100,100470,100,99958,100,100475,100,99950,100,100508,100,99937,100
2019-06-28 09:35:30.000000000,100115,571,100083,571,100124,100,100013,100,100137,100,100009,100,100144,100,100008,100,100151,100,99986,100,100268,100,99984,100,100318,100,99960,100,100470,100,99958,100,100475,100,99950,100,100508,100,99937,100
2019-06-28 09:35:36.647355887,100115,571,100083,571,100124,100,100013,100,100137,100,100009,100,100144,100,100008,100,100151,100,99986,100,100268,100,99984,100,100318,100,99960,100,100395,100,99958,100,100470,100,99950,100,100475,100,99937,100
2019-06-28 09:35:40.000000000,100115,260,100083,260,100124,255,100013,255,100137,255,100009,255,100144,100,100008,100,100151,100,99986,100,100268,100,99984,100,100318,100,99960,100,100395,100,99958,100,100470,100,99950,100,100475,100,99937,100
2019-06-28 09:35:50.000000000,100115,571,100083,571,100124,100,100013,100,100137,100,100009,100,100144,100,100008,100,100151,100,99986,100,100268,100,99984,100,100318,100,99960,100,100395,100,99958,100,100470,100,99950,100,100475,100,99937,100
2019-06-28 09:35:50.664271939,100115,471,100083,571,100124,100,100013,100,100137,100,100009,100,100144,100,100008,100,100151,100,99986,100,100268,100,99984,100,100318,100,99960,100,100395,100,99958,100,100470,100,99950,100,100475,100,99929,100
2019-06-28 09:35:53.519846356,100115,471,100083,471,100124,100,100013,100,100137,100,100009,100,100144,100,100008,100,100151,100,99986,100,100268,100,99984,100,100318,100,99960,100,100395,100,99958,100,100470,100,99950,100,100475,100,99929,100
2019-06-28 09:36:00.000000000,100124,218,100013,218,100137,218,100009,218,100144,218,100008,218,100151,218,99986,218,100268,100,99984,100,100318,100,99960,100,100395,100,99958,100,100470,100,99950,100,100475,100,99929,100,100508,100,99926,100
2019-06-28 09:36:10.000000000,100124,336,100013,336,100137,336,100009,336,100144,100,100008,100,100151,100,99986,100,100268,100,99984,100,100318,100,99960,100,100395,100,99958,100,100470,100,99950,100,100475,100,99929,100,100508,100,99926,100
2019-06-28 09:36:10.094692613,100124,336,100111,100,100137,336,100013,336,100144,100,100009,336,100151,100,100008,100,100268,100,99986,100,100318,100,99984,100,100395,100,99960,100,100470,100,99958,100,100475,100,99950,100,100508,100,99929,100
2019-06-28 09:36:20.000000000,100124,260,100111,260,100137,255,100013,255,100144,255,100009,255,100151,100,100008,100,100268,100,99986,100,100318,100,99984,100,100395,100,99960,100,100470,100,99958,100,100475,100,99950,100,100508,100,99929,100
2019-06-28 09:36:26.345323203,100124,260,100111,260,100137,255,100013,255,100144,255,100009,255,100151,100,100008,100,100268,100,99986,100,100318,100,99984,100,100395,100,99960,100,100470,100,99958,100,100475,100,99950,100,100508,100,99929,100
2019-06-28 09:36:30.000000000,100124,571,100111,571,100137,100,100013,100,100144,100,100009,100,100151,100,100008,100,100268,100,99986,100,100318,100,99984,100,100395,100,99960,100,100470,100,99958,100,100475,100,99950,100,100508,100,99929,100
2019-06-28 09:36:36.759352430,100124,571,100111,571,100137,100,100013,100,100144,100,100008,100,100151,100,99986,100,100268,100,99984,100,100318,100,99960,100,100395,100,99958,100,100470,100,99950,100,100475,100,99929,100,100508,100,99926,100
2019-06-28 09:36:37.632830980,100124,571,100111,571,100133,100,100013,100,100137,100,100008,100,100144,100,99986,100,100151,100,99984,100,100268,100,99960,100,100318,100,99958,100,100395,100,99950,100,100470,100,99929,100,100475,100,99926,100
2019-06-28 09:36:40.000000000,100124,336,100111,336,100133,336,100013,336,100137,100,100008,100,100144,100,99986,100,100151,100,99984,100,100268,100,99960,100,100318,100,99958,100,100395,100,99950,100,100470,100,99929,100,100475,100,99926,100
2019-06-28 09:36:41.592875207,100124,336,100111,336,100133,336,100063,100,100137,100,100013,336,100144,100,100008,100,100151,100,99986,100,100268,100,99984,100,100318,100,99960,100,100395,100,99958,100,100470,100,99950,100,100475,100,99929,100
2019-06-28 09:36:42.666662611,100124,336,100111,336,100133,336,100084,100,100137,100,100063,100,100144,100,100013,236,100151,100,100008,100,100268,100,99986,100,100318,100,99984,100,100395,100,99960,100,100470,100,99958,100,100475,100,99950,100
2019-06-28 09:36:45.923832419,100124,336,100111,336,100133,336,100084,100,100137,100,100063,100,100144,100,100014,100,100151,100,100013,236,100268,100,100008,100,100318,100,99986,100,100395,100,99984,100,100470,100,99960,100,100475,100,99958,100
2019-06-28 09:36:50.000000000,100124,336,100111,336,100133,336,100084,336,100137,100,100063,100,100144,100,100014,100,100151,100,100008,100,100268,100,99986,100,100318,100,99984,100,100395,100,99960,100,100470,100,99958,100,100475,100,99950,100
2019-06-28 09:37:00.000000000,100124,336,100111,336,100133,336,100084,336,100137,100,100063,100,100144,100,100014,100,100151,100,100008,100,100268,100,99986,100,100318,100,99984,100,100395,100,99960,100,100470,100,99958,100,100475,100,99950,100
2019-06-28 09:37:10.000000000,100124,218,100111,218,100133,218,100084,218,100137,218,100063,218,100144,218,100014,218,100151,100,100008,100,100268,100,99986,100,100318,100,99984,100,100395,100,99960,100,100470,100,99958,100,100475,100,99950,100
2019-06-28 09:37:20.000000000,100124,194,100111,194,100133,194,100084,194,100137,194,100063,194,100144,194,100014,194,100151,194,100008,194,100268,100,99986,100,100318,100,99984,100,100395,100,99960,100,100470,100,99958,100,100475,100,99950,100
2019-06-28 09:37:30.000000000,100124,218,100111,218,100133,218,100084,218,100137,218,100063,218,100144,218,100014,218,100151,100,100008,100,100268,100,99986,100,100318,100,99984,100,100395,100,99960,100,100470,100,99958,100,100475,100,99950,100
2019-06-28 09:37:40.000000000,100124,194,100111,194,100133,194,100084,194,100137,194,100063,194,100144,194,100014,194,100151,194,100008,194,100268,100,99986,100,100318,100,99984,100,100395,100,99960,100,100470,100,99958,100,100475,100,99950,100
2019-06-28 09:37:50.000000000,100124,218,100111,218,100133,218,100084,218,100137,218,100063,218,100144,218,100014,218,100151,100,100008,100,100268,100,99986,100,100318,100,99984,100,100395,100,99960,100,100470,100,99958,100,100475,100,99950,100
2019-06-28 09:38:00.000000000,100124,336,100111,336,100133,336,100084,336,100137,100,100063,100,100144,100,100014,100,100151,100,100008,100,100268,100,99986,100,100318,100,99984,100,100395,100,99960,100,100470,100,99958,100,100475,100,99950,100
2019-06-28 09:38:00.377297854,100124,336,100111,236,100133,336,100084,336,100137,100,100063,100,100144,100,100014,100,100151,100,100008,100,100268,100,99986,100,100318,100,99984,100,100395,100,99960,100,100470,100,99958,100,100475,100,99950,100
2019-06-28 09:38:10.000000000,100124,194,100084,194,100133,194,100063,194,100137,194,100014,194,100144,194,100008,194,100151,194,99986,194,100268,100,99984,100,100318,100,99960,100,100395,100,99958,100,100470,100,99950,100,100475,100,99929,100
2019-06-28 09:38:14.082133837,100124,194,100084,194,100133,194,100063,194,100137,194,100014,194,100144,194,100008,194,100151,194,99986,194,100268,100,99984,100,100318,100,99960,100,100395,100,99958,100,100470,100,99950,100,100475,100,99929,100
2019-06-28 09:38:20.000000000,100124,218,100084,218,100133,218,100063,218,100137,218,100014,218,100144,218,100008,218,100151,100,99986,100,100268,100,99984,100,100318,100,99960,100,100395,100,99958,100,100470,100,99950,100,100475,100,99929,100
2019-06-28 09:38:23.387091406,100124,218,100084,218,100133,218,100063,118,100137,218,100014,218,100144,218,100008,218,100151,100,99986,100,100268,100,99984,100,100318,100,99960,100,100395,100,99958,100,100470,100,99950,100,100475,100,99929,100
2019-06-28 09:38:23.671427891,100111,100,100084,218,100124,218,100063,118,100133,218,100014,218,100137,218,100008,218,100144,218,99986,100,100151,100,99984,100,100268,100,99960,100,100318,100,99958,100,100395,100,99950,100,100470,100,99929,100
2019-06-28 09:38:26.742753364,100111,100,100084,118,100124,218,100063,118,100133,218,100014,218,100137,218,100008,218,100144,218,99986,100,100151,100,99984,100,100268,100,99960,100,100318,100,99958,100,100395,100,99950,100,100470,100,99929,100
2019-06-28 09:38:30.000000000,100111,218,100014,218,100124,218,100008,218,100133,218,99986,218,100137,218,99984,218,100144,100,99960,100,100151,100,99958,100,100268,100,99950,100,100318,100,99929,100,100395,100,99926,100,100470,100,99915,100
2019-06-28 09:38:39.021909775,100110,100,100014,218,100111,218,100008,218,100124,218,99986,218,100133,218,99984,218,100137,218,99960,100,100144,100,99958,100,100151,100,99950,100,100268,100,99929,100,100318,100,99926,100,100395,100,99915,100
2019-06-28 09:38:40.000000000,100110,336,100014,336,100111,336,100008,336,100124,100,99986,100,100133,100,99984,100,100137,100,99960,100,100144,100,99958,100,100151,100,99950,100,100268,100,99929,100,100318,100,99926,100,100395,100,99915,100
2019-06-28 09:38:42.199514550,100110,436,100014,336,100111,336,100008,336,100124,100,99986,100,100133,100,99984,100,100137,100,99960,100,100151,100,99958,100,100268,100,99950,100,100318,100,99929,100,100395,100,99926,100,100470,100,99915,100
2019-06-28 09:38:45.453508783,100110,336,100014,336,100111,336,100008,336,100124,100,99986,100,100133,100,99984,100,100137,100,99960,100,100151,100,99958,100,100268,100,99950,100,100318,100,99929,100,100395,100,99926,100,100470,100,99915,100
2019-06-28 09:38:50.000000000,100110,336,100014,336,100111,336,100008,336,100124,100,99986,100,100133,100,99984,100,100137,100,99960,100,100151,100,99958,100,100268,100,99950,100,100318,100,99929,100,100395,100,99926,100,100470,100,99915,100
2019-06-28 09:38:51.580792771,100110,436,100014,336,100111,336,100008,336,100124,100,99986,100,100133,100,99984,100,100137,100,99960,100,100151,100,99958,100,100268,100,99950,100,100318,100,99929,100,100395,100,99926,100,100470,100,99915,100
2019-06-28 09:39:00.000000000,100110,318,100014,218,100111,218,100008,218,100124,218,99986,218,100133,218,99984,218,100137,100,99960,100,100151,100,99958,100,100268,100,99950,100,100318,100,99929,100,100395,100,99926,100,100470,100,99915,100
2019-06-28 09:39:10.000000000,100110,360,100014,260,100111,255,100008,255,100124,255,99986,255,100133,100,99984,100,100137,100,99960,100,100151,100,99958,100,100268,100,99950,100,100318,100,99929,100,100395,100,99926,100,100470,100,99915,100
2019-06-28 09:39:11.549239510,100110,360,100014,260,100111,255,100008,255,100124,255,99986,255,100133,100,99984,100,100137,100,99960,100,100151,100,99958,100,100268,100,99950,100,100318,100,99926,100,100395,100,99915,100,100470,100,99909,100
2019-06-28 09:39:20.000000000,100110,294,100014,194,100111,194,100008,194,100124,194,99986,194,100133,194,99984,194,100137,194,99960,194,100151,100,99958,100,100268,100,99950,100,100318,100,99926,100,100395,100,99915,100,100470,100,99909,100
2019-06-28 09:39:30.000000000,100110,360,100014,260,100111,255,100008,255,100124,255,99986,255,100133,100,99984,100,100137,100,99960,100,100151,100,99958,100,100268,100,99950,100,100318,100,99926,100,100395,100,99915,100,100470,100,99909,100
2019-06-28 09:39:38.844439892,100110,460,100014,260,100111,255,100008,255,100124,255,99986,255,100133,100,99984,100,100137,100,99960,100,100151,100,99958,100,100268,100,99950,100,100318,100,99926,100,100395,100,99915,100,100470,100,99909,100
2019-06-28 09:39:40.000000000,100110,536,100014,336,100111,336,100008,336,100124,100,99986,100,100133,100,99984,100,100137,100,99960,100,100151,100,99958,100,100268,100,99950,100,100318,100,99926,100,100395,100,99915,100,100470,100,99909,100
2019-06-28 09:39:50.000000000,100110,460,100014,260,100111,255,100008,255,100124,255,99986,255,100133,100,99984,100,100137,100,99960,100,100151,100,99958,100,100268,100,99950,100,100318,100,99926,100,100395,100,99915,100,100470,100,99909,100
2019-06-28 09:39:55.664866306,100110,460,100014,260,100111,255,100008,255,100124,255,99986,255,100133,100,99984,100,100137,100,99960,100,100151,100,99958,100,100268,100,99950,100,100318,100,99926,100,100395,100,99915,100,100470,100,99909,100
2019-06-28 09:40:00.000000000,100110,460,100014,260,100111,255,100008,255,100124,255,99986,255,100133,100,99984,100,100137,100,99960,100,100151,100,99958,100,100268,100,99950,100,100318,100,99926,100,100395,100,99915,100,100470,100,99909,100
2019-06-28 09:40:10.000000000,100110,536,100014,336,100111,336,100008,336,100124,100,99986,100,100133,100,99984,100,100137,100,99960,100,100151,100,99958,100,100268,100,99950,100,100318,100,99926,100,100395,100,99915,100,100470,100,99909,100
2019-06-28 09:40:20.000000000,100110,394,100014,194,100111,194,100008,194,100124,194,99986,194,100133,194,99984,194,100137,194,99960,194,100151,100,99958,100,100268,100,99950,100,100318,100,99926,100,100395,100,99915,100,100470,100,99909,100
2019-06-28 09:40:30.000000000,100110,536,100014,336,100111,336,100008,336,100124,100,99986,100,100133,100,99984,100,100137,100,99960,100,100151,100,99958,100,100268,100,99950,100,100318,100,99926,100,100395,100,99915,100,100470,100,99909,100
2019-06-28 09:40:40.000000000,100110,394,100014,194,100111,194,100008,194,100124,194,99986,194,100133,194,99984,194,100137,194,99960,194,100151,100,99958,100,100268,100,99950,100,100318,100,99926,100,100395,100,99915,100,100470,100,99909,100
2019-06-28 09:40:40.990143150,100110,394,100014,94,100111,194,100008,194,100124,194,99986,194,100133,194,99984,194,100137,194,99960,194,100151,100,99958,100,100268,100,99950,100,100318,100,99926,100,100395,100,99915,100,100470,100,99909,100
2019-06-28 09:40:50.000000000,100110,394,100008,194,100111,194,99986,194,100124,194,99984,194,100133,194,99960,194,100137,194,99958,194,100151,100,99950,100,100268,100,99926,100,100318,100,99915,100,100395,100,99909,100,100470,100,99898,100
2019-06-28 09:41:00.000000000,100110,536,100008,336,100111,336,99986,336,100124,100,99984,100,100133,100,99960,100,100137,100,99958,100,100151,100,99950,100,100268,100,99926,100,100318,100,99915,100,100395,100,99909,100,100470,100,99898,100
2019-06-28 09:41:10.000000000,100110,536,100008,336,100111,336,99986,336,100124,100,99984,100,100133,100,99960,100,100137,100,99958,100,100151,100,99950,100,100268,100,99926,100,100318,100,99915,100,100395,100,99909,100,100470,100,99898,100
2019-06-28 09:41:20.000000000,100110,460,100008,260,100111,255,99986,255,100124,255,99984,255,100133,100,99960,100,100137,100,99958,100,100151,100,99950,100,100268,100,99926,100,100318,100,99915,100,100395,100,99909,100,100470,100,99898,100
2019-06-28 09:41:21.165125161,100110,460,100008,160,100111,255,99986,255,100124,255,99984,255,100133,100,99960,100,100137,100,99958,100,100151,100,99950,100,100268,100,99926,100,100318,100,99915,100,100395,100,99909,100,100470,100,99898,100
2019-06-28 09:41:30.000000000,100110,418,99986,218,100111,218,99984,218,100124,218,99960,218,100133,218,99958,218,100137,100,99950,100,100151,100,99926,100,100268,100,99915,100,100318,100,99909,100,100395,100,99898,100,100470,100,99895,100
2019-06-28 09:41:30.169995551,100110,418,99986,118,100111,218,99984,218,100124,218,99960,218,100133,218,99958,218,100137,100,99950,100,100151,100,99926,100,100268,100,99915,100,100318,100,99909,100,100395,100,99898,100,100470,100,99895,100
2019-06-28 09:41:40.000000000,100110,394,99984,194,100111,194,99960,194,100124,194,99958,194,100133,194,99950,194,100137,194,99926,194,100151,100,99915,100,100268,100,99909,100,100318,100,99898,100,100395,100,99895,100,100470,100,99881,100
2019-06-28 09:41:50.000000000,100110,771,99984,571,100111,100,99960,100,100124,100,99958,100,100133,100,99950,100,100137,100,99926,100,100151,100,99915,100,100268,100,99909,100,100318,100,99898,100,100395,100,99895,100,100470,100,99881,100
2019-06-28 09:41:50.921871684,100110,771,99984,571,100111,100,99960,100,100124,100,99958,100,100133,100,99950,100,100137,100,99926,100,100151,100,99915,100,100268,100,99909,100,100318,100,99898,100,100395,100,99895,100,100470,100,99878,100
2019-06-28 09:42:00.000000000,100110,771,99984,571,100111,100,99960,100,100124,100,99958,100,100133,100,99950,100,100137,100,99926,100,100151,100,99915,100,100268,100,99909,100,100318,100,99898,100,100395,100,99895,100,100470,100,99878,100
2019-06-28 09:42:02.783076615,100110,671,99987,100,100111,100,99984,571,100124,100,99960,100,100133,100,99958,100,100137,100,99950,100,100151,100,99926,100,100268,100,99915,100,100318,100,99909,100,100395,100,99898,100,100470,100,99895,100
2019-06-28 09:42:10.000000000,100110,436,99987,336,100111,336,99984,336,100124,100,99960,100,100133,100,99958,100,100137,100,99950,100,100151,100,99926,100,100268,100,99915,100,100318,100,99909,100,100395,100,99898,100,100470,100,99895,100
2019-06-28 09:42:20.000000000,100110,318,99987,218,100111,218,99984,218,100124,218,99960,218,100133,218,99958,218,100137,100,99950,100,100151,100,99926,100,100268,100,99915,100,100318,100,99909,100,100395,100,99898,100,100470,100,99895,100
2019-06-28 09:42:23.129853652,100110,218,99987,218,100111,218,99984,218,100124,218,99960,218,100133,218,99958,218,100137,100,99950,100,100151,100,99926,100,100268,100,99915,100,100318,100,99909,100,100395,100,99898,100,100470,100,99895,100
2019-06-28 09:42:24.489296962,100110,218,99987,218,100111,218,99984,218,100124,218,99960,218,100133,218,99958,218,100137,100,99950,100,100151,100,99926,100,100268,100,99915,100,100318,100,99909,100,100395,100,99898,100,100470,100,99896,100
2019-06-28 09:42:30.000000000,100110,571,99987,571,100111,100,99984,100,100124,100,99960,100,100133,100,99958,100,100137,100,99950,100,100151,100,99926,100,100268,100,99915,100,100318,100,99909,100,100395,100,99898,100,100470,100,99896,100
2019-06-28 09:42:40.000000000,100110,336,99987,336,100111,336,99984,336,100124,100,99960,100,100133,100,99958,100,100137,100,99950,100,100151,100,99926,100,100268,100,99915,100,100318,100,99909,100,100395,100,99898,100,100470,100,99896,100
2019-06-28 09:42:50.000000000,100110,194,99987,194,100111,194,99984,194,100124,194,99960,194,100133,194,99958,194,100137,194,99950,194,100151,100,99926,100,100268,100,99915,100,100318,100,99909,100,100395,100,99898,100,100470,100,99896,100
2019-06-28 09:43:00.000000000,100110,194,99987,194,100111,194,99984,194,100124,194,99960,194,100133,194,99958,194,100137,194,99950,194,100151,100,99926,100,100268,100,99915,100,100318,100,99909,100,100395,100,99898,100,100470,100,99896,100
2019-06-28 09:43:10.000000000,100110,194,99987,194,100111,194,99984,194,100124,194,99960,194,100133,194,99958,194,100137,194,99950,194,100151,100,99926,100,100268,100,99915,100,100318,100,99909,100,100395,100,99898,100,100470,100,99896,100
2019-06-28 09:43:18.251699460,100110,194,99988,100,100111,194,99987,194,100124,194,99984,194,100133,194,99960,194,100137,194,99958,194,100151,100,99950,194,100268,100,99926,100,100318,100,99915,100,100395,100,99909,100,100470,100,99898,100
2019-06-28 09:43:19.257130897,100110,94,99988,100,100111,194,99987,194,100124,194,99984,194,100133,194,99960,194,100137,194,99958,194,100151,100,99950,194,100268,100,99926,100,100318,100,99915,100,100395,100,99909,100,100470,100,99898,100
2019-06-28 09:43:20.000000000,100111,571,99988,571,100124,100,99987,100,100133,100,99984,100,100137,100,99960,100,100151,100,99958,100,100268,100,99950,100,100318,100,99926,100,100395,100,99915,100,100470,100,99909,100,100475,100,99898,100
2019-06-28 09:43:30.000000000,100111,571,99988,571,100124,100,99987,100,100133,100,99984,100,100137,100,99960,100,100151,100,99958,100,100268,100,99950,100,100318,100,99926,100,100395,100,99915,100,100470,100,99909,100,100475,100,99898,100
2019-06-28 09:43:40.000000000,100111,336,99988,336,100124,336,99987,336,100133,100,99984,100,100137,100,99960,100,100151,100,99958,100,100268,100,99950,100,100318,100,99926,100,100395,100,99915,100,100470,100,99909,100,100475,100,99898,100
2019-06-28 09:43:46.447447649,100111,236,99988,336,100124,336,99987,336,100133,100,99984,100,100137,100,99960,100,100151,100,99958,100,100268,100,99950,100,100318,100,99926,100,100395,100,99915,100,100470,100,99909,100,100475,100,99898,100
2019-06-28 09:43:50.000000000,100124,218,99988,218,100133,218,99987,218,100137,218,99984,218,100151,218,99960,218,100268,100,99958,100,100318,100,99950,100,100395,100,99926,100,100470,100,99915,100,100475,100,99909,100,100508,100,99898,100
2019-06-28 09:43:54.834746158,100109,100,99988,218,100124,218,99987,218,100133,218,99984,218,100137,218,99960,218,100151,218,99958,100,100268,100,99950,100,100318,100,99926,100,100395,100,99915,100,100470,100,99909,100,100475,100,99898,100
2019-06-28 09:44:00.000000000,100109,571,99988,571,100124,100,99987,100,100133,100,99984,100,100137,100,99960,100,100151,100,99958,100,100268,100,99950,100,100318,100,99926,100,100395,100,99915,100,100470,100,99909,100,100475,100,99898,100
2019-06-28 09:44:06.722108798,100109,571,99988,571,100124,100,99987,100,100133,100,99984,100,100137,100,99960,100,100151,100,99958,100,100268,100,99950,100,100318,100,99926,100,100395,100,99915,100,100470,100,99909,100,100475,100,99898,100
2019-06-28 09:44:10.000000000,100109,571,99988,571,100124,100,99987,100,100133,100,99984,100,100137,100,99960,100,100151,100,99958,100,100268,100,99950,100,100318,100,99926,100,100395,100,99915,100,100470,100,99909,100,100475,100,99898,100
2019-06-28 09:44:15.523100127,100109,571,100041,100,100124,100,99988,571,100133,100,99987,100,100137,100,99984,100,100151,100,99960,100,100268,100,99958,100,100318,100,99950,100,100395,100,99926,100,100470,100,99915,100,100475,100,99909,100
2019-06-28 09:44:20.000000000,100109,194,100041,194,100124,194,99988,194,100133,194,99987,194,100137,194,99984,194,100151,194,99960,194,100268,100,99958,100,100318,100,99950,100,100395,100,99926,100,100470,100,99915,100,100475,100,99909,100
2019-06-28 09:44:30.000000000,100109,571,100041,571,100124,100,99988,100,100133,100,99987,100,100137,100,99984,100,100151,100,99960,100,100268,100,99958,100,100318,100,99950,100,100395,100,99926,100,100470,100,99915,100,100475,100,99909,100
2019-06-28 09:44:40.000000000,100109,260,100041,260,100124,255,99988,255,100133,255,99987,255,100137,100,99984,100,100151,100,99960,100,100268,100,99958,100,100318,100,99950,100,100395,100,99926,100,100470,100,99915,100,100475,100,99909,100
2019-06-28 09:44:50.000000000,100109,218,100041,218,100124,218,99988,218,100133,218,99987,218,100137,218,99984,218,100151,100,99960,100,100268,100,99958,100,100318,100,99950,100,100395,100,99926,100,100470,100,99915,100,100475,100,99909,100
2019-06-28 09:44:50.544722368,100109,118,100041,218,100124,218,99988,218,100133,218,99987,218,100137,218,99984,218,100151,100,99960,100,100268,100,99958,100,100318,100,99950,100,100395,100,99926,100,100470,100,99915,100,100475,100,99909,100
2019-06-28 09:45:00.000000000,100124,571,100041,571,100133,100,99988,100,100137,100,99987,100,100151,100,99984,100,100268,100,99960,100,100318,100,99958,100,100395,100,99950,100,100470,100,99926,100,100475,100,99915,100,100508,100,99909,100
2019-06-28 09:45:10.000000000,100124,260,100041,260,100133,255,99988,255,100137,255,99987,255,100151,100,99984,100,100268,100,99960,100,100318,100,99958,100,100395,100,99950,100,100470,100,99926,100,100475,100,99915,100,100508,100,99909,100
2019-06-28 09:45:10.288029996,100124,260,100041,260,100133,255,99988,255,100137,255,99987,255,100151,100,99984,100,100268,100,99960,100,100318,100,99958,100,100395,100,99950,100,100470,100,99926,100,100475,100,99915,100,100508,100,99909,100
2019-06-28 09:45:20.000000000,100124,194,100041,194,100133,194,99988,194,100137,194,99987,194,100151,194,99984,194,100268,194,99960,194,100318,100,99958,100,100395,100,99950,100,100470,100,99926,100,100475,100,99915,100,100508,100,99909,100
2019-06-28 09:45:20.257023083,100124,194,100041,194,100133,194,99988,194,100137,194,99987,194,100151,194,99984,194,100230,100,99960,94,100268,194,99958,100,100318,100,99950,100,100395,100,99926,100,100470,100,99915,100,100475,100,99909,100
2019-06-28 09:45:29.686259496,100124,194,100109,100,100133,194,100041,194,100137,194,99988,194,100151,194,99987,194,100230,100,99984,194,100268,194,99960,94,100318,100,99958,100,100395,100,99950,100,100470,100,99926,100,100475,100,99915,100
2019-06-28 09:45:30.000000000,100124,260,100109,260,100133,255,100041,255,100137,255,99988,255,100151,100,99987,100,100230,100,99984,100,100268,100,99958,100,100318,100,99950,100,100395,100,99926,100,100470,100,99915,100,100475,100,99909,100
2019-06-28 09:45:40.000000000,100124,194,100109,194,100133,194,100041,194,100137,194,99988,194,100151,194,99987,194,100230,194,99984,194,100268,100,99958,100,100318,100,99950,100,100395,100,99926,100,100470,100,99915,100,100475,100,99909,100
2019-06-28 09:45:50.000000000,100124,571,100109,571,100133,100,100041,100,100137,100,99988,100,100151,100,99987,100,100230,100,99984,100,100268,100,99958,100,100318,100,99950,100,100395,100,99926,100,100470,100,99915,100,100475,100,99909,100
2019-06-28 09:46:00.000000000,100124,571,100109,571,100133,100,100041,100,100137,100,99988,100,100151,100,99987,100,100230,100,99984,100,100268,100,99958,100,100318,100,99950,100,100395,100,99926,100,100470,100,99915,100,100475,100,99909,100
2019-06-28 09:46:01.971718628,100124,471,100109,571,100133,100,100041,100,100137,100,99988,100,100230,100,99987,100,100268,100,99984,100,100318,100,99958,100,100395,100,99950,100,100470,100,99926,100,100475,100,99915,100,100508,100,99909,100
2019-06-28 09:46:10.000000000,100133,218,100109,218,100137,218,100041,218,100230,218,99988,218,100268,218,99987,218,100318,100,99984,100,100395,100,99958,100,100470,100,99950,100,100475,100,99926,100,100508,100,99915,100,,,99909,100
2019-06-28 09:46:16.555261254,100133,118,100109,218,100137,218,100041,218,100230,218,99988,218,100268,218,99987,218,100318,100,99984,100,100395,100,99958,100,100470,100,99950,100,100475,100,99926,100,100508,100,99915,100,,,99909,100
2019-06-28 09:46:20.000000000,100137,218,100109,218,100230,218,100041,218,100268,218,99988,218,100318,218,99987,218,100395,100,99984,100,100470,100,99958,100,100475,100,99950,100,100508,100,99926,100,,,99915,100,,,99909,100
2019-06-28 09:46:30.000000000,100137,194,100109,194,100230,194,100041,194,100268,194,99988,194,100318,194,99987,194,100395,194,99984,194,100470,100,99958,100,100475,100,99950,100,100508,100,99926,100,,,99915,100,,,99909,100
2019-06-28 09:46:34.923952072,100137,194,100109,194,100230,194,100041,194,100268,194,99988,194,100318,194,99987,194,100395,194,99984,194,100470,100,99958,100,100475,100,99950,100,100508,100,99926,100,100571,100,99909,100,,,99898,100
2019-06-28 09:46:40.000000000,100137,260,100109,260,100230,255,100041,255,100268,255,99988,255,100318,100,99987,100,100395,100,99984,100,100470,100,99958,100,100475,100,99950,100,100508,100,99926,100,100571,100,99909,100,,,99898,100
2019-06-28 09:46:50.000000000,100137,260,100109,260,100230,255,100041,255,100268,255,99988,255,100318,100,99987,100,100395,100,99984,100,100470,100,99958,100,100475,100,99950,100,100508,100,99926,100,100571,100,99909,100,,,99898,100
2019-06-28 09:46:54.619058059,100137,260,100109,260,100230,255,100041,255,100268,255,99988,255,100318,100,99987,100,100395,100,99984,100,100470,100,99958,100,100475,100,99950,100,100508,100,99926,100,100571,100,99909,100,100583,100,99898,100
2019-06-28 09:46:54.771802859,100137,260,100109,260,100230,255,100041,255,100268,255,99988,255,100318,100,99987,100,100395,100,99984,100,100470,100,99958,100,100475,100,99950,100,100508,100,99926,100,100565,100,99909,100,100571,100,99898,100
2019-06-28 09:46:58.895141286,100137,260,100109,260,100230,255,100041,255,100268,255,99988,255,100318,100,99987,100,100395,100,99984,100,100470,100,99958,100,100475,100,99950,100,100508,100,99926,100,100565,100,99909,100,100571,100,99898,100
2019-06-28 09:47:00.000000000,100137,218,100109,218,100230,218,100041,218,100268,218,99988,218,100318,218,99987,218,100395,100,99984,100,100470,100,99958,100,100475,100,99950,100,100508,100,99926,100,100565,100,99909,100,100571,100,99898,100
2019-06-28 09:47:08.661238792,100137,218,100109,218,100230,218,100041,218,100268,218,99988,218,100318,218,99987,218,100395,100,99984,100,100468,100,99958,100,100470,100,99950,100,100508,100,99926,100,100565,100,99909,100,100571,100,99898,100
2019-06-28 09:47:10.000000000,100137,571,100109,571,100230,100,100041,100,100268,100,99988,100,100318,100,99987,100,100395,100,99984,100,100468,100,99958,100,100470,100,99950,100,100508,100,99926,100,100565,100,99909,100,100571,100,99898,100
2019-06-28 09:47:20.000000000,100137,336,100109,336,100230,336,100041,336,100268,100,99988,100,100318,100,99987,100,100395,100,99984,100,100468,100,99958,100,100470,100,99950,100,100508,100,99926,100,100565,100,99909,100,100571,100,99898,100
2019-06-28 09:47:30.000000000,100137,194,100109,194,100230,194,100041,194,100268,194,99988,194,100318,194,99987,194,100395,194,99984,194,100468,100,99958,100,100470,100,99950,100,100508,100,99926,100,100565,100,99909,100,100571,100,99898,100
2019-06-28 09:47:33.532492972,100137,94,100109,194,100230,194,100041,194,100268,194,99988,194,100318,194,99987,194,100395,194,99984,194,100468,100,99958,100,100470,100,99950,100,100508,100,99926,100,100565,100,99909,100,100571,100,99898,100
2019-06-28 09:47:36.290339421,100230,194,100137,6,100268,194,100109,194,100318,194,100041,194,100395,194,99988,194,100468,100,99987,194,100470,100,99984,194,100508,100,99958,100,100565,100,99950,100,100571,100,99926,100,100583,100,99909,100
2019-06-28 09:47:37.850762696,100230,194,100137,6,100268,194,100109,194,100318,194,100041,194,100395,194,99988,194,100468,100,99987,194,100470,100,99984,194,100508,100,99958,100,100565,100,99950,100,100571,100,99926,100,100583,100,99909,100
2019-06-28 09:47:40.000000000,100230,260,100137,166,100268,255,100109,255,100318,255,100041,255,100395,100,99988,100,100468,100,99987,100,100470,100,99984,100,100508,100,99958,100,100565,100,99950,100,100571,100,99926,100,100583,100,99909,100
2019-06-28 09:47:47.535599338,100230,260,100137,166,100268,255,100109,255,100318,255,100041,255,100395,100,99987,100,100468,100,99984,100,100470,100,99958,100,100508,100,99950,100,100565,100,99926,100,100571,100,99909,100,100583,100,99898,100
2019-06-28 09:47:50.000000000,100230,194,100137,100,100268,194,100109,194,100318,194,100041,194,100395,194,99987,194,100468,194,99984,194,100470,100,99958,100,100508,100,99950,100,100565,100,99926,100,100571,100,99909,100,100583,100,99898,100
2019-06-28 09:47:53.116298674,100230,94,100137,100,100268,194,100109,194,100318,194,100041,194,100395,194,99987,194,100468,194,99984,194,100470,100,99958,100,100508,100,99950,100,100565,100,99926,100,100571,100,99909,100,100583,100,99898,100
2019-06-28 09:48:00.000000000,100268,336,100137,242,100318,336,100109,336,100395,100,100041,100,100468,100,99987,100,100470,100,99984,100,100508,100,99958,100,100565,100,99950,100,100571,100,99926,100,100583,100,99909,100,100726,100,99898,100
2019-06-28 09:48:01.771593210,100268,236,100137,242,100318,336,100109,336,100395,100,100041,100,100468,100,99987,100,100470,100,99984,100,100508,100,99958,100,100565,100,99950,100,100571,100,99926,100,100583,100,99909,100,100726,100,99898,100
2019-06-28 09:48:10.000000000,100318,571,100137,477,100395,100,100109,100,100468,100,100041,100,100470,100,99987,100,100508,100,99984,100,100565,100,99958,100,100571,100,99950,100,100583,100,99926,100,100726,100,99909,100,100765,100,99898,100
2019-06-28 09:48:16.479745227,100318,571,100137,477,100395,100,100109,100,100468,100,100041,100,100470,100,99987,100,100508,100,99984,100,100565,100,99958,100,100571,100,99950,100,100583,100,99926,100,100620,100,99909,100,100726,100,99898,100
2019-06-28 09:48:20.000000000,100318,218,100137,124,100395,218,100109,218,100468,218,100041,218,100470,218,99987,218,100508,100,99984,100,100565,100,99958,100,100571,100,99950,100,100583,100,99926,100,100620,100,99909,100,100726,100,99898,100
2019-06-28 09:48:30.000000000,100318,260,100137,166,100395,255,100109,255,100468,255,100041,255,100470,100,99987,100,100508,100,99984,100,100565,100,99958,100,100571,100,99950,100,100583,100,99926,100,100620,100,99909,100,100726,100,99898,100
2019-06-28 09:48:40.000000000,100318,260,100137,166,100395,255,100109,255,100468,255,100041,255,100470,100,99987,100,100508,100,99984,100,100565,100,99958,100,100571,100,99950,100,100583,100,99926,100,100620,100,99909,100,100726,100,99898,100
2019-06-28 09:48:46.330589669,100318,160,100137,166,100395,255,100109,255,100468,255,100041,255,100470,100,99987,100,100508,100,99984,100,100565,100,99958,100,100571,100,99950,100,100583,100,99926,100,100620,100,99909,100,100726,100,99898,100
2019-06-28 09:48:50.000000000,100395,336,100137,242,100468,336,100109,336,100470,100,100041,100,100508,100,99987,100,100565,100,99984,100,100571,100,99958,100,100583,100,99950,100,100620,100,99926,100,100726,100,99909,100,100765,100,99898,100
2019-06-28 09:48:51.496634455,100375,100,100137,242,100395,336,100109,336,100468,336,100041,100,100470,100,99987,100,100508,100,99984,100,100565,100,99958,100,100571,100,99950,100,100583,100,99926,100,100620,100,99909,100,100726,100,99898,100
2019-06-28 09:48:57.647471648,100375,100,100137,242,100395,336,100118,100,100468,336,100109,336,100470,100,100041,100,100508,100,99987,100,100565,100,99984,100,100571,100,99958,100,100583,100,99950,100,100620,100,99926,100,100726,100,99898,100
2019-06-28 09:48:59.018608678,100298,100,100137,242,100375,100,100118,100,100395,336,100109,336,100468,336,100041,100,100470,100,99987,100,100508,100,99984,100,100565,100,99958,100,100571,100,99950,100,100583,100,99926,100,100620,100,99898,100
2019-06-28 09:49:00.000000000,100298,336,100137,242,100375,336,100118,336,100395,100,100109,100,100468,100,100041,100,100470,100,99987,100,100508,100,99984,100,100565,100,99958,100,100571,100,99950,100,100583,100,99926,100,100620,100,99898,100
2019-06-28 09:49:01.723315922,100298,336,100137,242,100330,100,100118,336,100375,336,100109,100,100395,100,100041,100,100468,100,99987,100,100470,100,99984,100,100508,100,99958,100,100565,100,99950,100,100571,100,99926,100,100583,100,99898,100
2019-06-28 09:49:03.075191213,100298,336,100137,242,100330,100,100118,336,100375,336,100109,100,100395,100,100073,100,100468,100,100041,100,100470,100,99987,100,100508,100,99984,100,100565,100,99958,100,100571,100,99950,100,100583,100,99926,100
2019-06-28 09:49:10.000000000,100298,336,100137,242,100330,336,100118,336,100375,100,100109,100,100395,100,100073,100,100468,100,100041,100,100470,100,99987,100,100508,100,99984,100,100565,100,99958,100,100571,100,99950,100,100583,100,99926,100
2019-06-28 09:49:20.000000000,100298,260,100137,166,100330,255,100118,255,100375,255,100109,255,100395,100,100073,100,100468,100,100041,100,100470,100,99987,100,100508,100,99984,100,100565,100,99958,100,100571,100,99950,100,100583,100,99926,100
2019-06-28 09:49:25.595508634,100267,100,100137,166,100298,260,100118,255,100330,255,100109,255,100375,255,100073,100,100395,100,100041,100,100468,100,99987,100,100470,100,99984,100,100508,100,99958,100,100565,100,99950,100,100571,100,99926,100
2019-06-28 09:49:30.000000000,100267,260,100137,166,100298,255,100118,255,100330,255,100109,255,100375,100,100073,100,100395,100,100041,100,100468,100,99987,100,100470,100,99984,100,100508,100,99958,100,100565,100,99950,100,100571,100,99926,100
2019-06-28 09:49:40.000000000,100267,218,100137,124,100298,218,100118,218,100330,218,100109,218,100375,218,100073,218,100395,100,100041,100,100468,100,99987,100,100470,100,99984,100,100508,100,99958,100,100565,100,99950,100,100571,100,99926,100
2019-06-28 09:49:48.748074421,100267,218,100137,124,100298,218,100118,218,100330,218,100109,218,100375,218,100073,218,100395,100,100041,100,100468,100,99987,100,100470,100,99984,100,100500,100,99958,100,100508,100,99950,100,100565,100,99926,100
2019-06-28 09:49:50.000000000,100267,218,100137,124,100298,218,100118,218,100330,218,100109,218,100375,218,100073,218,100395,100,100041,100,100468,100,99987,100,100470,100,99984,100,100500,100,99958,100,100508,100,99950,100,100565,100,99926,100
2019-06-28 09:49:53.981664890,100267,218,100137,124,100298,218,100118,218,100330,218,100109,218,100375,218,100073,118,100395,100,100062,100,100468,100,100041,100,100470,100,99987,100,100500,100,99984,100,100508,100,99958,100,100565,100,99950,100
2019-06-28 09:50:00.000000000,100267,571,100137,477,100298,100,100118,100,100330,100,100109,100,100375,100,100062,100,100395,100,100041,100,100468,100,99987,100,100470,100,99984,100,100500,100,99958,100,100508,100,99950,100,100565,100,99926,100
2019-06-28 09:50:04.075682877,100267,571,100137,477,100298,100,100118,100,100330,100,100109,100,100375,100,100062,100,100395,100,100041,100,100468,100,100000,100,100470,100,99987,100,100500,100,99984,100,100508,100,99958,100,100565,100,99950,100
2019-06-28 09:50:10.000000000,100267,571,100137,477,100298,100,100118,100,100330,100,100109,100,100375,100,100062,100,100395,100,100041,100,100468,100,100000,100,100470,100,99987,100,100500,100,99984,100,100508,100,99958,100,100565,100,99950,100
2019-06-28 09:50:20.000000000,100267,194,100137,100,100298,194,100118,194,100330,194,100109,194,100375,194,100062,194,100395,194,100041,194,100468,100,100000,100,100470,100,99987,100,100500,100,99984,100,100508,100,99958,100,100565,100,99950,100
2019-06-28 09:50:25.101508189,100267,294,100137,100,100298,194,100118,194,100330,194,100109,194,100375,194,100062,194,100395,194,100041,194,100468,100,100000,100,100470,100,99987,100,100500,100,99984,100,100508,100,99958,100,100565,100,99950,100
2019-06-28 09:50:30.000000000,100267,294,100137,100,100298,194,100118,194,100330,194,100109,194,100375,194,100062,194,100395,194,100041,194,100468,100,100000,100,100470,100,99987,100,100500,100,99984,100,100508,100,99958,100,100565,100,99950,100
2019-06-28 09:50:40.000000000,100267,360,100137,166,100298,255,100118,255,100330,255,100109,255,100375,100,100062,100,100395,100,100041,100,100468,100,100000,100,100470,100,99987,100,100500,100,99984,100,100508,100,99958,100,100565,100,99950,100
2019-06-28 09:50:50.000000000,100267,294,100137,100,100298,194,100118,194,100330,194,100109,194,100375,194,100062,194,100395,194,100041,194,100468,100,100000,100,100470,100,99987,100,100500,100,99984,100,100508,100,99958,100,100565,100,99950,100
2019-06-28 09:50:50.021914190,100267,294,100137,100,100298,194,100118,194,100330,194,100109,194,100375,194,100062,194,100395,194,100041,194,100468,100,100036,100,100500,100,100000,100,100508,100,99987,100,100565,100,99984,100,100571,100,99958,100
2019-06-28 09:50:55.068428279,100267,194,100137,100,100298,194,100118,194,100330,194,100109,194,100375,194,100062,194,100395,194,100041,194,100468,100,100036,100,100500,100,100000,100,100508,100,99987,100,100565,100,99984,100,100571,100,99958,100
2019-06-28 09:51:00.000000000,100267,260,100137,166,100298,255,100118,255,100330,255,100109,255,100375,100,100062,100,100395,100,100041,100,100468,100,100036,100,100500,100,100000,100,100508,100,99987,100,100565,100,99984,100,100571,100,99958,100
2019-06-28 09:51:01.902201051,100267,260,100137,166,100298,255,100118,255,100330,255,100109,255,100375,100,100062,100,100395,100,100041,100,100468,100,100036,100,100500,100,100000,100,100508,100,99987,100,100565,100,99984,100,100583,100,99958,100
2019-06-28 09:51:09.023283092,100267,260,100137,166,100298,255,100118,255,100330,255,100109,255,100375,100,100062,100,100395,100,100041,100,100468,100,100036,100,100500,100,100000,100,100508,100,99987,100,100565,100,99984,100,100583,100,99958,100
2019-06-28 09:51:10.000000000,100267,571,100137,477,100298,100,100118,100,100330,100,100109,100,100375,100,100062,100,100395,100,100041,100,100468,100,100036,100,100500,100,100000,100,100508,100,99987,100,100565,100,99984,100,100583,100,99958,100
2019-06-28 09:51:20.000000000,100267,260,100137,166,100298,255,100118,255,100330,255,100109,255,100375,100,100062,100,100395,100,100041,100,100468,100,100036,100,100500,100,100000,100,100508,100,99987,100,100565,100,99984,100,100583,100,99958,100
2019-06-28 09:51:30.000000000,100267,571,100137,477,100298,100,100118,100,100330,100,100109,100,100375,100,100062,100,100395,100,100041,100,100468,100,100036,100,100500,100,100000,100,100508,100,99987,100,100565,100,99984,100,100583,100,99958,100
2019-06-28 09:51:34.160753879,100267,571,100137,477,100298,100,100118,100,100330,100,100109,100,100375,100,100062,100,100395,100,100041,100,100500,100,100036,100,100508,100,100000,100,100565,100,99987,100,100583,100,99984,100,100620,100,99958,100
2019-06-28 09:51:40.000000000,100267,260,100137,166,100298,255,100118,255,100330,255,100109,255,100375,100,100062,100,100395,100,100041,100,100500,100,100036,100,100508,100,100000,100,100565,100,99987,100,100583,100,99984,100,100620,100,99958,100
2019-06-28 09:51:41.581306351,100267,260,100137,166,100298,255,100118,255,100330,255,100109,255,100375,100,100062,100,100395,100,100041,100,100500,100,100036,100,100508,100,100000,100,100565,100,99987,100,100583,100,99984,100,100620,100,99958,100
2019-06-28 09:51:48.480548844,100267,260,100137,66,100298,255,100118,255,100330,255,100109,255,100375,100,100062,100,100395,100,100041,100,100500,100,100036,100,100508,100,100000,100,100565,100,99987,100,100583,100,99984,100,100620,100,99958,100
2019-06-28 09:51:50.000000000,100267,194,100118,194,100298,194,100109,194,100330,194,100062,194,100375,194,100041,194,100395,194,100036,194,100500,100,100000,100,100508,100,99987,100,100565,100,99984,100,100583,100,99958,100,100620,100,99950,100
2019-06-28 09:51:51.049781309,100267,194,100118,94,100298,194,100109,194,100330,194,100062,194,100375,194,100041,194,100395,194,100036,194,100500,100,100000,100,100508,100,99987,100,100565,100,99984,100,100583,100,99958,100,100620,100,99950,100
2019-06-28 09:51:53.526963698,100118,6,100109,194,100267,194,100062,194,100298,194,100041,194,100330,194,100036,194,100375,194,100000,100,100395,194,99987,100,100500,100,99984,100,100508,100,99958,100,100565,100,99950,100,100583,100,99926,100
2019-06-28 09:51:57.885539555,100118,106,100109,194,100267,94,100062,194,100298,194,100041,194,100330,194,100036,194,100375,194,100000,100,100395,194,99987,100,100500,100,99984,100,100508,100,99958,100,100565,100,99950,100,100583,100,99926,100
2019-06-28 09:52:00.000000000,100118,224,100109,218,100298,218,100062,218,100330,218,100041,218,100375,218,100036,218,100395,100,100000,100,100500,100,99987,100,100508,100,99984,100,100565,100,99958,100,100583,100,99950,100,100620,100,99926,100
2019-06-28 09:52:09.438483855,100118,224,100109,118,100298,218,100062,218,100330,218,100041,218,100375,218,100036,218,100395,100,100000,100,100500,100,99987,100,100508,100,99958,100,100565,100,99950,100,100583,100,99926,100,100620,100,99913,100
2019-06-28 09:52:10.000000000,100118,266,100062,260,100298,255,100041,255,100330,255,100036,255,100375,100,100000,100,100395,100,99987,100,100500,100,99958,100,100508,100,99950,100,100565,100,99926,100,100583,100,99913,100,100620,100,99895,100
2019-06-28 09:52:20.000000000,100118,200,100062,194,100298,194,100041,194,100330,194,100036,194,100375,194,100000,194,100395,194,99987,194,100500,100,99958,100,100508,100,99950,100,100565,100,99926,100,100583,100,99913,100,100620,100,99895,100
2019-06-28 09:52:30.000000000,100118,224,100062,218,100298,218,100041,218,100330,218,100036,218,100375,218,100000,218,100395,100,99987,100,100500,100,99958,100,100508,100,99950,100,100565,100,99926,100,100583,100,99913,100,100620,100,99895,100
2019-06-28 09:52:40.000000000,100118,342,100062,336,100298,336,100041,336,100330,100,100036,100,100375,100,100000,100,100395,100,99987,100,100500,100,99958,100,100508,100,99950,100,100565,100,99926,100,100583,100,99913,100,100620,100,99895,100
2019-06-28 09:52:48.015641537,100117,100,100062,336,100118,342,100041,336,100298,336,100036,100,100330,100,100000,100,100375,100,99987,100,100395,100,99958,100,100500,100,99950,100,100508,100,99926,100,100565,100,99913,100,100583,100,99895,100
2019-06-28 09:52:50.000000000,100117,260,100062,260,100118,261,100041,255,100298,255,100036,255,100330,100,100000,100,100375,100,99987,100,100395,100,99958,100,100500,100,99950,100,100508,100,99926,100,100565,100,99913,100,100583,100,99895,100
2019-06-28 09:53:00.000000000,100117,218,100062,218,100118,224,100041,218,100298,218,100036,218,100330,218,100000,218,100375,100,99987,100,100395,100,99958,100,100500,100,99950,100,100508,100,99926,100,100565,100,99913,100,100583,100,99895,100
2019-06-28 09:53:10.000000000,100117,260,100062,260,100118,261,100041,255,100298,255,100036,255,100330,100,100000,100,100375,100,99987,100,100395,100,99958,100,100500,100,99950,100,100508,100,99926,100,100565,100,99913,100,100583,100,99895,100
2019-06-28 09:53:20.000000000,100117,194,100062,194,100118,200,100041,194,100298,194,100036,194,100330,194,100000,194,100375,194,99987,194,100395,100,99958,100,100500,100,99950,100,100508,100,99926,100,100565,100,99913,100,100583,100,99895,100
2019-06-28 09:53:30.000000000,100117,336,100062,336,100118,342,100041,336,100298,100,100036,100,100330,100,100000,100,100375,100,99987,100,100395,100,99958,100,100500,100,99950,100,100508,100,99926,100,100565,100,99913,100,100583,100,99895,100
2019-06-28 09:53:30.851645783,100117,336,100062,236,100118,342,100041,336,100298,100,100036,100,100330,100,100000,100,100375,100,99987,100,100395,100,99958,100,100500,100,99950,100,100508,100,99926,100,100565,100,99913,100,100583,100,99895,100
2019-06-28 09:53:33.018138430,100109,100,100062,236,100117,336,100041,336,100118,342,100036,100,100298,100,100000,100,100330,100,99958,100,100375,100,99950,100,100395,100,99926,100,100500,100,99913,100,100508,100,99895,100,100565,100,99879,100
2019-06-28 09:53:40.000000000,100109,194,100041,194,100117,194,100036,194,100118,200,100000,194,100298,194,99958,194,100330,194,99950,194,100375,100,99926,100,100395,100,99913,100,100500,100,99895,100,100508,100,99879,100,100565,100,99874,100
2019-06-28 09:53:50.000000000,100109,260,100041,260,100117,255,100036,255,100118,261,100000,255,100298,100,99958,100,100330,100,99950,100,100375,100,99926,100,100395,100,99913,100,100500,100,99895,100,100508,100,99879,100,100565,100,99874,100
2019-06-28 09:54:00.000000000,100109,336,100041,336,100117,336,100036,336,100118,106,100000,100,100298,100,99958,100,100330,100,99950,100,100375,100,99926,100,100395,100,99913,100,100500,100,99895,100,100508,100,99879,100,100565,100,99874,100
2019-06-28 09:54:10.000000000,100109,571,100041,571,100117,100,100036,100,100118,106,100000,100,100298,100,99958,100,100330,100,99950,100,100375,100,99926,100,100395,100,99913,100,100500,100,99895,100,100508,100,99879,100,100565,100,99874,100
2019-06-28 09:54:11.777323898,100109,571,100041,571,100117,100,100036,100,100118,106,100000,100,100298,100,99958,100,100330,100,99950,100,100375,100,99926,100,100395,100,99913,100,100500,100,99895,100,100508,100,99879,100,100565,100,99874,100
2019-06-28 09:54:20.000000000,100109,571,100041,571,100117,100,100036,100,100118,106,100000,100,100298,100,99958,100,100330,100,99950,100,100375,100,99926,100,100395,100,99913,100,100500,100,99895,100,100508,100,99879,100,100565,100,99874,100
2019-06-28 09:54:30.000000000,100109,571,100041,571,100117,100,100036,100,100118,106,100000,100,100298,100,99958,100,100330,100,99950,100,100375,100,99926,100,100395,100,99913,100,100500,100,99895,100,100508,100,99879,100,100565,100,99874,100
2019-06-28 09:54:36.472594012,100109,571,100041,471,100117,100,100036,100,100118,106,100000,100,100298,100,99958,100,100330,100,99950,100,100375,100,99926,100,100395,100,99913,100,100500,100,99895,100,100508,100,99879,100,100565,100,99874,100
2019-06-28 09:54:40.000000000,100109,260,100036,260,100117,255,100000,255,100118,261,99958,255,100298,100,99950,100,100330,100,99926,100,100375,100,99913,100,100395,100,99895,100,100500,100,99879,100,100508,100,99874,100,100565,100,99776,100
2019-06-28 09:54:47.159579826,100109,260,100036,160,100117,255,100000,155,100118,261,99958,255,100298,100,99950,100,100330,100,99926,100,100375,100,99913,100,100395,100,99895,100,100500,100,99879,100,100508,100,99874,100,100565,100,99776,100
2019-06-28 09:54:50.000000000,100109,194,99958,194,100117,194,99950,194,100118,200,99926,194,100298,194,99913,194,100330,194,99895,194,100375,100,99879,100,100395,100,99874,100,100500,100,99776,100,100508,100,99754,100,100565,100,99725,100
2019-06-28 09:54:51.423390756,100109,194,99958,194,100117,94,99950,194,100118,200,99926,194,100298,194,99913,194,100330,194,99895,194,100375,100,99879,100,100395,100,99874,100,100500,100,99776,100,100508,100,99754,100,100565,100,99725,100
2019-06-28 09:55:00.000000000,100109,571,99958,571,100118,106,99950,100,100298,100,99926,100,100330,100,99913,100,100375,100,99895,100,100395,100,99879,100,100500,100,99874,100,100508,100,99776,100,100565,100,99754,100,100726,100,99725,100
2019-06-28 09:55:06.193504733,100041,100,99958,571,100109,571,99950,100,100118,106,99926,100,100298,100,99913,100,100330,100,99895,100,100375,100,99879,100,100395,100,99874,100,100500,100,99776,100,100508,100,99754,100,100565,100,99725,100
2019-06-28 09:55:10.000000000,100041,260,99958,260,100109,255,99950,255,100118,261,99926,255,100298,100,99913,100,100330,100,99895,100,100375,100,99879,100,100395,100,99874,100,100500,100,99776,100,100508,100,99754,100,100565,100,99725,100
2019-06-28 09:55:15.050614501,100041,360,99958,260,100109,255,99950,255,100118,261,99926,255,100298,100,99913,100,100330,100,99895,100,100375,100,99879,100,100395,100,99874,100,100500,100,99776,100,100508,100,99754,100,100565,100,99725,100
2019-06-28 09:55:20.000000000,100041,436,99958,336,100109,336,99950,336,100118,106,99926,100,100298,100,99913,100,100330,100,99895,100,100375,100,99879,100,100395,100,99874,100,100500,100,99776,100,100508,100,99754,100,100565,100,99725,100
2019-06-28 09:55:30.000000000,100041,294,99958,194,100109,194,99950,194,100118,200,99926,194,100298,194,99913,194,100330,194,99895,194,100375,100,99879,100,100395,100,99874,100,100500,100,99776,100,100508,100,99754,100,100565,100,99725,100
2019-06-28 09:55:37.117063045,100041,394,99958,194,100109,194,99950,194,100118,200,99926,194,100298,194,99913,194,100330,194,99895,194,100375,100,99879,100,100395,100,99874,100,100500,100,99776,100,100508,100,99754,100,100565,100,99725,100
2019-06-28 09:55:40.000000000,100041,771,99958,571,100109,100,99950,100,100118,106,99926,100,100298,100,99913,100,100330,100,99895,100,100375,100,99879,100,100395,100,99874,100,100500,100,99776,100,100508,100,99754,100,100565,100,99725,100
2019-06-28 09:55:50.000000000,100041,771,99958,571,100109,100,99950,100,100118,106,99926,100,100298,100,99913,100,100330,100,99895,100,100375,100,99879,100,100395,100,99874,100,100500,100,99776,100,100508,100,99754,100,100565,100,99725,100
2019-06-28 09:55:55.136887097,100041,771,99958,571,100109,100,99950,100,100118,106,99926,100,100298,100,99913,100,100330,100,99895,100,100375,100,99879,100,100395,100,99874,100,100500,100,99776,100,100508,100,99754,100,100565,100,99725,100
2019-06-28 09:56:00.000000000,100041,771,99958,571,100109,100,99950,100,100118,106,99926,100,100298,100,99913,100,100330,100,99895,100,100375,100,99879,100,100395,100,99874,100,100500,100,99776,100,100508,100,99754,100,100565,100,99725,100
2019-06-28 09:56:10.000000000,100041,418,99958,218,100109,218,99950,218,100118,224,99926,218,100298,218,99913,218,100330,100,99895,100,100375,100,99879,100,100395,100,99874,100,100500,100,99776,100,100508,100,99754,100,100565,100,99725,100
2019-06-28 09:56:20.000000000,100041,394,99958,194,100109,194,99950,194,100118,200,99926,194,100298,194,99913,194,100330,194,99895,194,100375,100,99879,100,100395,100,99874,100,100500,100,99776,100,100508,100,99754,100,100565,100,99725,100
2019-06-28 09:56:26.139540389,100041,394,99958,194,100109,194,99950,194,100118,200,99926,194,100298,194,99913,194,100330,194,99895,194,100375,100,99879,100,100395,100,99874,100,100500,100,99776,100,100508,100,99754,100,100565,100,99725,100
2019-06-28 09:56:30.000000000,100041,460,99958,260,100109,255,99950,255,100118,261,99926,255,100298,100,99913,100,100330,100,99895,100,100375,100,99879,100,100395,100,99874,100,100500,100,99776,100,100508,100,99754,100,100565,100,99725,100
2019-06-28 09:56:40.000000000,100041,394,99958,194,100109,194,99950,194,100118,200,99926,194,100298,194,99913,194,100330,194,99895,194,100375,100,99879,100,100395,100,99874,100,100500,100,99776,100,100508,100,99754,100,100565,100,99725,100
2019-06-28 09:56:47.478897672,100041,494,99958,194,100109,194,99950,194,100118,200,99926,194,100298,194,99913,194,100330,194,99895,194,100375,100,99879,100,100395,100,99874,100,100500,100,99776,100,100508,100,99754,100,100565,100,99725,100
2019-06-28 09:56:50.000000000,100041,518,99958,218,100109,218,99950,218,100118,224,99926,218,100298,218,99913,218,100330,100,99895,100,100375,100,99879,100,100395,100,99874,100,100500,100,99776,100,100508,100,99754,100,100565,100,99725,100
2019-06-28 09:57:00.000000000,100041,518,99958,218,100109,218,99950,218,100118,224,99926,218,100298,218,99913,218,100330,100,99895,100,100375,100,99879,100,100395,100,99874,100,100500,100,99776,100,100508,100,99754,100,100565,100,99725,100
2019-06-28 09:57:08.197182966,100041,518,99958,218,100109,218,99950,218,100118,224,99926,218,100298,218,99913,218,100330,100,99895,100,100375,100,99879,100,100395,100,99874,100,100500,100,99776,100,100508,100,99754,100,100565,100,99725,100
2019-06-28 09:57:10.000000000,100041,871,99958,571,100109,100,99950,100,100118,106,99926,100,100298,100,99913,100,100330,100,99895,100,100375,100,99879,100,100395,100,99874,100,100500,100,99776,100,100508,100,99754,100,100565,100,99725,100
2019-06-28 09:57:19.079570212,100041,871,99958,571,100109,100,99950,100,100118,106,99926,100,100298,100,99913,100,100330,100,99895,100,100375,100,99879,100,100395,100,99874,100,100500,100,99776,100,100508,100,99754,100,100565,100,99725,100
2019-06-28 09:57:20.000000000,100041,871,99958,571,100109,100,99950,100,100118,106,99926,100,100298,100,99913,100,100330,100,99895,100,100375,100,99879,100,100395,100,99874,100,100500,100,99776,100,100508,100,99754,100,100565,100,99725,100
2019-06-28 09:57:21.639072002,100041,871,99958,471,100109,100,99950,100,100118,106,99926,100,100298,100,99913,100,100330,100,99895,100,100375,100,99879,100,100395,100,99874,100,100500,100,99776,100,100508,100,99754,100,100565,100,99725,100
2019-06-28 09:57:30.000000000,100041,871,99950,571,100109,100,99926,100,100118,106,99913,100,100298,100,99895,100,100330,100,99879,100,100375,100,99874,100,100395,100,99776,100,100500,100,99754,100,100508,100,99725,100,100565,100,99311,100
2019-06-28 09:57:35.664557629,100041,871,99950,571,100109,100,99926,100,100118,106,99913,100,100298,100,99895,100,100330,100,99879,100,100375,100,99874,100,100395,100,99776,100,100500,100,99754,100,100508,100,99725,100,100565,100,99311,100
2019-06-28 09:57:40.000000000,100041,871,99950,571,100109,100,99926,100,100118,106,99913,100,100298,100,99895,100,100330,100,99879,100,100375,100,99874,100,100395,100,99776,100,100500,100,99754,100,100508,100,99725,100,100565,100,99311,100
2019-06-28 09:57:50.000000000,100041,518,99950,218,100109,218,99926,218,100118,224,99913,218,100298,218,99895,218,100330,100,99879,100,100375,100,99874,100,100395,100,99776,100,100500,100,99754,100,100508,100,99725,100,100565,100,99311,100
2019-06-28 09:58:00.000000000,100041,518,99950,218,100109,218,99926,218,100118,224,99913,218,100298,218,99895,218,100330,100,99879,100,100375,100,99874,100,100395,100,99776,100,100500,100,99754,100,100508,100,99725,100,100565,100,99311,100
2019-06-28 09:58:10.000000000,100041,518,99950,218,100109,218,99926,218,100118,224,99913,218,100298,218,99895,218,100330,100,99879,100,100375,100,99874,100,100395,100,99776,100,100500,100,99754,100,100508,100,99725,100,100565,100,99311,100
2019-06-28 09:58:20.000000000,100041,560,99950,260,100109,255,99926,255,100118,261,99913,255,100298,100,99895,100,100330,100,99879,100,100375,100,99874,100,100395,100,99776,100,100500,100,99754,100,100508,100,99725,100,100565,100,99311,100
2019-06-28 09:58:30.000000000,100041,636,99950,336,100109,336,99926,336,100118,106,99913,100,100298,100,99895,100,100330,100,99879,100,100375,100,99874,100,100395,100,99776,100,100500,100,99754,100,100508,100,99725,100,100565,100,99311,100
2019-06-28 09:58:40.000000000,100041,636,99950,336,100109,336,99926,336,100118,106,99913,100,100298,100,99895,100,100330,100,99879,100,100375,100,99874,100,100395,100,99776,100,100500,100,99754,100,100508,100,99725,100,100565,100,99311,100
2019-06-28 09:58:45.880265061,100041,636,99950,236,100109,336,99926,336,100118,106,99913,100,100298,100,99879,100,100330,100,99874,100,100375,100,99776,100,100395,100,99754,100,100500,100,99725,100,100508,100,99311,100,100565,100,99126,100
2019-06-28 09:58:50.000000000,100041,871,99926,571,100109,100,99913,100,100118,106,99879,100,100298,100,99874,100,100330,100,99776,100,100375,100,99754,100,100395,100,99725,100,100500,100,99311,100,100508,100,99126,100,100565,100,98917,100
2019-06-28 09:58:59.850949348,100041,871,99926,471,100109,100,99913,100,100118,106,99879,100,100298,100,99874,100,100375,100,99776,100,100395,100,99754,100,100500,100,99725,100,100508,100,99311,100,100565,100,99126,100,100726,100,98917,100
2019-06-28 09:59:00.000000000,100041,871,99913,571,100109,100,99879,100,100118,106,99874,100,100298,100,99776,100,100375,100,99754,100,100395,100,99725,100,100500,100,99311,100,100508,100,99126,100,100565,100,98917,100,100726,100,98885,100
2019-06-28 09:59:10.000000000,100041,636,99913,336,100109,336,99879,336,100118,106,99874,100,100298,100,99776,100,100375,100,99754,100,100395,100,99725,100,100500,100,99311,100,100508,100,99126,100,100565,100,98917,100,100726,100,98885,100
2019-06-28 09:59:20.000000000,100041,636,99913,336,100109,336,99879,336,100118,106,99874,100,100298,100,99776,100,100375,100,99754,100,100395,100,99725,100,100500,100,99311,100,100508,100,99126,100,100565,100,98917,100,100726,100,98885,100
2019-06-28 09:59:24.212873723,100041,636,99913,336,100109,336,99879,336,100118,106,99874,100,100298,100,99776,100,100375,100,99754,100,100395,100,99725,100,100500,100,99126,100,100508,100,98917,100,100565,100,98885,100,100726,100,98563,100
2019-06-28 09:59:30.000000000,100041,871,99913,571,100109,100,99879,100,100118,106,99874,100,100298,100,99776,100,100375,100,99754,100,100395,100,99725,100,100500,100,99126,100,100508,100,98917,100,100565,100,98885,100,100726,100,98563,100
2019-06-28 09:59:40.000000000,100041,494,99913,194,100109,194,99879,194,100118,200,99874,194,100298,194,99776,194,100375,194,99754,194,100395,100,99725,100,100500,100,99126,100,100508,100,98917,100,100565,100,98885,100,100726,100,98563,100
2019-06-28 09:59:50.000000000,100041,494,99913,194,100109,194,99879,194,100118,200,99874,194,100298,194,99776,194,100375,194,99754,194,100395,100,99725,100,100500,100,99126,100,100508,100,98917,100,100565,100,98885,100,100726,100,98563,100
2019-06-28 10:00:00.000000000,100041,871,99913,571,100109,100,99879,100,100118,106,99874,100,100298,100,99776,100,100375,100,99754,100,100395,100,99725,100,100500,100,99126,100,100508,100,98917,100,100565,100,98885,100,100726,100,98563,100
2019-06-28 10:00:10.000000000,100041,636,99913,336,100109,336,99879,336,100118,106,99874,100,100298,100,99776,100,100375,100,99754,100,100395,100,99725,100,100500,100,99126,100,100508,100,98917,100,100565,100,98885,100,100726,100,98563,100
2019-06-28 10:00:11.855041512,100041,536,99913,336,100109,336,99879,336,100118,106,99874,100,100298,100,99776,100,100375,100,99754,100,100395,100,99725,100,100500,100,99126,100,100508,100,98917,100,100565,100,98885,100,100726,100,98563,100
2019-06-28 10:00:14.102167789,100041,536,99913,236,100109,336,99879,336,100118,106,99874,100,100298,100,99776,100,100375,100,99754,100,100395,100,99725,100,100500,100,99126,100,100508,100,98917,100,100565,100,98885,100,100726,100,98563,100
2019-06-28 10:00:20.000000000,100041,394,99879,194,100109,194,99874,194,100118,200,99776,194,100298,194,99754,194,100375,194,99725,194,100395,100,99126,100,100500,100,98917,100,100508,100,98885,100,100565,100,98563,100,100726,100,98539,100
2019-06-28 10:00:21.826215688,100041,394,99879,94,100109,194,99874,194,100118,200,99776,194,100298,194,99754,194,100375,194,99725,194,100395,100,99126,100,100500,100,98917,100,100508,100,98563,100,100565,100,98539,100,100726,100,98523,100
2019-06-28 10:00:30.000000000,100041,418,99874,218,100109,218,99776,218,100118,224,99754,218,100298,218,99725,218,100375,100,99126,100,100395,100,98917,100,100500,100,98563,100,100508,100,98539,100,100565,100,98523,100,100726,100,,
2019-06-28 10:00:40.000000000,100041,418,99874,218,100109,218,99776,218,100118,224,99754,218,100298,218,99725,218,100375,100,99126,100,100395,100,98917,100,100500,100,98563,100,100508,100,98539,100,100565,100,98523,100,100726,100,,
2019-06-28 10:00:43.922159900,100041,418,99874,218,100109,218,99776,218,100118,224,99754,218,100298,218,99725,218,100375,100,99126,100,100395,100,98917,100,100508,100,98563,100,100565,100,98539,100,100726,100,98523,100,100765,100,98458,100
2019-06-28 10:00:45.643159235,100041,418,99874,118,100109,218,99776,118,100118,224,99754,218,100298,218,99725,218,100375,100,99126,100,100395,100,98917,100,100508,100,98563,100,100565,100,98539,100,100726,100,98523,100,100765,100,98458,100
2019-06-28 10:00:50.000000000,100041,394,99754,194,100109,194,99725,194,100118,200,99126,194,100298,194,98917,194,100375,194,98563,194,100395,100,98539,100,100508,100,98523,100,100565,100,98458,100,100726,100,,,100765,100,,
2019-06-28 10:01:00.000000000,100041,460,99754,260,100109,255,99725,255,100118,261,99126,255,100298,100,98917,100,100375,100,98563,100,100395,100,98539,100,100508,100,98523,100,100565,100,98458,100,100726,100,,,100765,100,,
2019-06-28 10:01:10.000000000,100041,536,99754,336,100109,336,99725,336,100118,106,99126,100,100298,100,98917,100,100375,100,98563,100,100395,100,98539,100,100508,100,98523,100,100565,100,98458,100,100726,100,,,100765,100,,
2019-06-28 10:01:13.633171968,100041,536,99754,236,100109,336,99725,336,100118,106,99126,100,100298,100,98917,100,100375,100,98563,100,100395,100,98539,100,100508,100,98523,100,100565,100,98458,100,100726,100,,,,,,
2019-06-28 10:01:20.000000000,100041,771,99725,571,100109,100,99126,100,100118,106,98917,100,100298,100,98563,100,100375,100,98539,100,100395,100,98523,100,100508,100,98458,100,100565,100,,,100726,100,,,,,,
2019-06-28 10:01:27.588619546,100041,771,99725,571,100109,100,99126,100,100118,106,98917,100,100298,100,98563,100,100375,100,98539,100,100395,100,98523,100,100508,100,98487,100,100565,100,98458,100,100726,100,,,,,,
2019-06-28 10:01:30.000000000,100041,418,99725,218,100109,218,99126,218,100118,224,98917,218,100298,218,98563,218,100375,100,98539,100,100395,100,98523,100,100508,100,98487,100,100565,100,98458,100,100726,100,,,,,,
2019-06-28 10:01:40.000000000,100041,394,99725,194,100109,194,99126,194,100118,200,98917,194,100298,194,98563,194,100375,194,98539,194,100395,100,98523,100,100508,100,98487,100,100565,100,98458,100,100726,100,,,,,,
2019-06-28 10:01:45.829362976,100041,394,99725,94,100109,194,99126,194,100118,200,98917,194,100298,194,98563,194,100375,194,98539,194,100395,100,98523,100,100508,100,98487,100,100565,100,98458,100,100726,100,,,,,,
2019-06-28 10:01:50.000000000,100041,460,99126,260,100109,255,98917,255,100118,261,98563,255,100298,100,98539,100,100375,100,98523,100,100395,100,98487,100,100508,100,98458,100,100565,100,,,100726,100,,,,,,
2019-06-28 10:01:56.793159284,99754,100,99126,260,100041,460,98917,255,100109,255,98563,255,100118,261,98539,100,100298,100,98523,100,100375,100,98487,100,100395,100,98458,100,100508,100,,,100565,100,,,100726,100,,
2019-06-28 10:02:00.000000000,99754,194,99126,194,100041,394,98917,194,100109,194,98563,194,100118,200,98539,194,100298,194,98523,194,100375,100,98487,100,100395,100,98458,100,100508,100,,,100565,100,,,100726,100,,
2019-06-28 10:02:10.000000000,99754,218,99126,218,100041,418,98917,218,100109,218,98563,218,100118,224,98539,218,100298,100,98523,100,100375,100,98487,100,100395,100,98458,100,100508,100,,,100565,100,,,100726,100,,
2019-06-28 10:02:19.959675904,99754,318,99126,218,100041,318,98917,218,100109,218,98563,218,100118,224,98539,218,100298,100,98523,100,100375,100,98487,100,100395,100,98458,100,100508,100,,,100565,100,,,100726,100,,
2019-06-28 10:02:20.000000000,99754,436,99126,336,100041,436,98917,336,100109,100,98563,100,100118,106,98539,100,100298,100,98523,100,100375,100,98487,100,100395,100,98458,100,100508,100,,,100565,100,,,100726,100,,
2019-06-28 10:02:30.000000000,99754,671,99126,571,100041,200,98917,100,100109,100,98563,100,100118,106,98539,100,100298,100,98523,100,100375,100,98487,100,100395,100,98458,100,100508,100,,,100565,100,,,100726,100,,
2019-06-28 10:02:36.253232287,99754,671,99126,571,100041,200,98917,100,100109,100,98563,100,100118,6,98539,100,100298,100,98523,100,100375,100,98487,100,100395,100,98458,100,100508,100,,,100565,100,,,100726,100,,
2019-06-28 10:02:37.503933842,99754,771,99126,571,100041,100,98917,100,100109,100,98563,100,100118,6,98539,100,100298,100,98523,100,100375,100,98487,100,100395,100,98458,100,100508,100,,,100565,100,,,100726,100,,
2019-06-28 10:02:39.324089364,99754,771,99126,471,100041,100,98917,100,100109,100,98563,100,100118,6,98539,100,100298,100,98487,100,100375,100,98458,100,100395,100,,,100508,100,,,100565,100,,,100726,100,,
2019-06-28 10:02:39.612437996,99754,771,99126,371,100041,100,98917,100,100109,100,98563,100,100118,6,98539,100,100298,100,98487,100,100375,100,98458,100,100395,100,,,100508,100,,,100565,100,,,100726,100,,
2019-06-28 10:02:40.000000000,99754,771,98917,571,100041,100,98563,100,100109,100,98539,100,100118,6,98487,100,100298,100,98458,100,100375,100,,,100395,100,,,100508,100,,,100565,100,,,100726,100,,
2019-06-28 10:02:43.662125001,99754,771,98917,471,100041,100,98563,100,100109,100,98539,100,100118,6,98487,100,100298,100,98458,100,100375,100,,,100395,100,,,100508,100,,,100565,100,,,100726,100,,
2019-06-28 10:02:46.606384061,99754,771,98917,371,100041,100,98563,100,100109,100,98539,100,100118,6,98487,100,100375,100,98458,100,100395,100,,,100508,100,,,100565,100,,,100726,100,,,,,,
2019-06-28 10:02:50.000000000,99754,771,98563,571,100041,100,98539,100,100109,100,98487,100,100118,6,98458,100,100375,100,,,100395,100,,,100508,100,,,100565,100,,,100726,100,,,,,,
2019-06-28 10:02:50.778951727,99754,771,98563,471,100041,100,98539,100,100109,100,98487,100,100118,6,98458,100,100375,100,,,100395,100,,,100508,100,,,100565,100,,,100726,100,,,,,,
2019-06-28 10:03:00.000000000,99754,536,98539,336,100041,336,98487,336,100109,100,98458,100,100118,6,,,100375,100,,,100395,100,,,100508,100,,,100565,100,,,100726,100,,,,,,
2019-06-28 10:03:10.000000000,99754,536,98539,336,100041,336,98487,336,100109,100,98458,100,100118,6,,,100375,100,,,100395,100,,,100508,100,,,100565,100,,,100726,100,,,,,,
2019-06-28 10:03:20.000000000,99754,460,98539,260,100041,255,98487,255,100109,255,98458,255,100118,6,,,100375,100,,,100395,100,,,100508,100,,,100565,100,,,100726,100,,,,,,
2019-06-28 10:03:30.000000000,99754,460,98539,260,100041,255,98487,255,100109,255,98458,255,100118,6,,,100375,100,,,100395,100,,,100508,100,,,100565,100,,,100726,100,,,,,,
2019-06-28 10:03:40.000000000,99754,394,98539,194,100041,194,98487,194,100109,194,98458,194,100118,100,98457,94,100375,194,,,100395,100,,,100508,100,,,100565,100,,,100726,100,,,,,,
2019-06-28 10:03:50.000000000,99754,394,98539,194,100041,194,98487,194,100109,194,98458,194,100118,100,98457,94,100375,194,,,100395,100,,,100508,100,,,100565,100,,,100726,100,,,,,,
2019-06-28 10:03:57.096469100,98917,100,98539,194,99754,294,98487,194,100041,194,98458,194,100109,194,98457,94,100118,100,,,100375,194,,,100395,100,,,100508,100,,,100565,100,,,100726,100,,
2019-06-28 10:04:00.000000000,98917,194,98539,194,99754,294,98487,194,100041,194,98458,194,100109,194,98457,94,100118,100,,,100375,100,,,100395,100,,,100508,100,,,100565,100,,,100726,100,,
2019-06-28 10:04:10.000000000,98917,260,98539,260,99754,355,98487,255,100041,255,98458,255,100109,100,,,100118,6,,,100375,100,,,100395,100,,,100508,100,,,100565,100,,,100726,100,,
2019-06-28 10:04:14.585085864,98687,100,98539,260,98917,260,98487,255,99754,355,98458,255,100041,255,,,100109,100,,,100118,6,,,100375,100,,,100395,100,,,100508,100,,,100726,100,,
2019-06-28 10:04:16.730163109,98687,100,98539,260,98917,360,98487,255,99754,355,98458,255,100041,255,,,100109,100,,,100118,6,,,100375,100,,,100395,100,,,100508,100,,,100726,100,,
2019-06-28 10:04:20.000000000,98687,571,98539,571,98917,200,98487,100,99754,200,98458,100,100041,100,,,100109,100,,,100118,6,,,100375,100,,,100395,100,,,100508,100,,,100726,100,,
2019-06-28 10:04:20.107157252,98687,571,98539,471,98917,200,98487,100,99754,200,98458,100,100041,100,98341,100,100109,100,,,100118,6,,,100375,100,,,100395,100,,,100508,100,,,100726,100,,
2019-06-28 10:04:29.654263167,98687,571,98539,471,98917,200,98487,100,99754,200,98458,100,100041,100,98341,100,100109,100,,,100118,6,,,100375,100,,,100395,100,,,100508,100,,,100726,100,,
2019-06-28 10:04:30.000000000,98687,218,98487,218,98917,318,98458,218,99754,318,98341,218,100041,218,98340,118,100109,100,,,100118,6,,,100375,100,,,100395,100,,,100508,100,,,100726,100,,
2019-06-28 10:04:40.000000000,98687,194,98487,194,98917,294,98458,194,99754,294,98341,194,100041,194,98340,94,100109,194,,,100118,6,,,100375,100,,,100395,100,,,100508,100,,,100726,100,,
2019-06-28 10:04:50.000000000,98687,218,98487,218,98917,318,98458,218,99754,318,98341,218,100041,218,98340,118,100109,100,,,100118,6,,,100375,100,,,100395,100,,,100508,100,,,100726,100,,
2019-06-28 10:05:00.000000000,98687,194,98487,194,98917,294,98458,194,99754,294,98341,194,100041,194,98340,94,100109,194,,,100118,6,,,100375,100,,,100395,100,,,100508,100,,,100726,100,,
2019-06-28 10:05:10.000000000,98687,336,98487,336,98917,436,98458,336,99754,200,98341,100,100041,100,,,100109,100,,,100118,6,,,100375,100,,,100395,100,,,100508,100,,,100726,100,,
2019-06-28 10:05:11.282153063,98687,236,98487,336,98917,436,98458,336,99754,200,98341,100,100041,100,,,100109,100,,,100118,6,,,100375,100,,,100395,100,,,100508,100,,,100726,100,,
2019-06-28 10:05:20.000000000,98917,294,98487,194,99754,294,98458,194,100041,194,98341,194,100109,194,98340,94,100118,100,,,100375,100,,,100395,100,,,100508,100,,,100726,100,,,,,,
2019-06-28 10:05:30.000000000,98917,436,98487,336,99754,436,98458,336,100041,100,98341,100,100109,100,,,100118,6,,,100375,100,,,100395,100,,,100508,100,,,100726,100,,,,,,
2019-06-28 10:05:40.000000000,98917,436,98487,336,99754,436,98458,336,100041,100,98341,100,100109,100,,,100118,6,,,100375,100,,,100395,100,,,100508,100,,,100726,100,,,,,,
2019-06-28 10:05:45.474202452,98917,436,98487,336,99754,436,98458,336,99906,100,98341,100,100041,100,,,100109,100,,,100118,6,,,100375,100,,,100395,100,,,100508,100,,,100726,100,,
2019-06-28 10:05:49.698982720,98917,436,98564,100,99754,436,98487,336,99906,100,98458,336,100041,100,98341,100,100109,100,,,100118,6,,,100375,100,,,100395,100,,,100508,100,,,100726,100,,
2019-06-28 10:05:50.000000000,98917,294,98564,194,99754,294,98487,194,99906,194,98458,194,100041,194,98341,194,100109,194,98340,94,100118,6,,,100375,100,,,100395,100,,,100508,100,,,100726,100,,
2019-06-28 10:05:54.060967418,98917,294,98564,194,99659,100,98487,194,99754,294,98458,194,99906,194,98341,194,100041,194,98340,94,100109,194,,,100118,6,,,100375,100,,,100395,100,,,100508,100,,
2019-06-28 10:06:00.000000000,98917,436,98564,336,99659,336,98487,336,99754,200,98458,100,99906,100,98341,100,100041,100,,,100109,100,,,100118,6,,,100375,100,,,100395,100,,,100508,100,,
2019-06-28 10:06:10.000000000,98917,360,98564,260,99659,255,98487,255,99754,355,98458,255,99906,100,98341,100,100041,100,,,100109,100,,,100118,6,,,100375,100,,,100395,100,,,100508,100,,
2019-06-28 10:06:20.000000000,98917,436,98564,336,99659,336,98487,336,99754,200,98458,100,99906,100,98341,100,100041,100,,,100109,100,,,100118,6,,,100375,100,,,100395,100,,,100508,100,,
2019-06-28 10:06:30.000000000,98917,436,98564,336,99659,336,98487,336,99754,200,98458,100,99906,100,98341,100,100041,100,,,100109,100,,,100118,6,,,100375,100,,,100395,100,,,100508,100,,
2019-06-28 10:06:40.000000000,98917,671,98564,571,99659,100,98487,100,99754,200,98458,100,99906,100,98341,100,100041,100,,,100109,100,,,100118,6,,,100375,100,,,100395,100,,,100508,100,,
2019-06-28 10:06:41.880904751,98917,571,98564,571,99659,100,98487,100,99754,200,98458,100,99906,100,98341,100,100041,100,,,100109,100,,,100118,6,,,100375,100,,,100395,100,,,100508,100,,
2019-06-28 10:06:50.000000000,98917,571,98564,571,99659,100,98487,100,99754,200,98458,100,99906,100,98341,100,100041,100,,,100109,100,,,100118,6,,,100375,100,,,100395,100,,,100508,100,,
2019-06-28 10:07:00.000000000,98917,571,98564,571,99659,100,98487,100,99754,200,98458,100,99906,100,98341,100,100041,100,,,100109,100,,,100118,6,,,100375,100,,,100395,100,,,100508,100,,
2019-06-28 10:07:04.919827446,98917,571,98687,100,99659,100,98564,571,99754,200,98487,100,99906,100,98458,100,100041,100,98341,100,100109,100,,,100118,6,,,100375,100,,,100395,100,,,100508,100,,
2019-06-28 10:07:10.000000000,98917,571,98687,571,99659,100,98564,100,99754,200,98487,100,99906,100,98458,100,100041,100,98341,100,100109,100,,,100118,6,,,100375,100,,,100395,100,,,100508,100,,
2019-06-28 10:07:20.000000000,98917,336,98687,336,99659,336,98564,336,99754,200,98487,100,99906,100,98458,100,100041,100,98341,100,100109,100,,,100118,6,,,100375,100,,,100395,100,,,100508,100,,
2019-06-28 10:07:30.000000000,98917,194,98687,194,99659,194,98564,194,99754,294,98487,194,99906,194,98458,194,100041,194,98341,194,100109,100,,,100118,6,,,100375,100,,,100395,100,,,100508,100,,
2019-06-28 10:07:40.000000000,98917,194,98687,194,99659,194,98564,194,99754,294,98487,194,99906,194,98458,194,100041,194,98341,194,100109,100,,,100118,6,,,100375,100,,,100395,100,,,100508,100,,
2019-06-28 10:07:50.000000000,98917,260,98687,260,99659,255,98564,255,99754,355,98487,255,99906,100,98458,100,100041,100,98341,100,100109,100,,,100118,6,,,100375,100,,,100395,100,,,100508,100,,
2019-06-28 10:08:00.000000000,98917,260,98687,260,99659,255,98564,255,99754,355,98487,255,99906,100,98458,100,100041,100,98341,100,100109,100,,,100118,6,,,100375,100,,,100395,100,,,100508,100,,
2019-06-28 10:08:08.135033646,98917,260,98687,260,99659,255,98564,255,99754,355,98487,255,99906,100,98458,100,100040,100,,,100041,100,,,100109,100,,,100118,6,,,100375,100,,,100395,100,,
2019-06-28 10:08:10.000000000,98917,260,98687,260,99659,255,98564,255,99754,355,98487,255,99906,100,98458,100,100040,100,,,100041,100,,,100109,100,,,100118,6,,,100375,100,,,100395,100,,
2019-06-28 10:08:16.762105724,98917,160,98687,260,99659,255,98564,255,99754,355,98487,255,99906,100,98458,100,100040,100,,,100041,100,,,100109,100,,,100118,6,,,100375,100,,,100395,100,,
2019-06-28 10:08:20.000000000,99659,336,98687,336,99754,436,98564,336,99906,100,98487,100,100040,100,98458,100,100041,100,,,100109,100,,,100118,6,,,100375,100,,,100395,100,,,100508,100,,
2019-06-28 10:08:24.259332081,99659,336,98687,336,99754,336,98564,336,99906,100,98487,100,100040,100,98458,100,100041,100,,,100109,100,,,100118,6,,,100375,100,,,100395,100,,,100508,100,,
2019-06-28 10:08:25.658373608,99659,336,98687,336,99754,336,98564,336,99906,100,98487,100,100003,100,98458,100,100040,100,,,100041,100,,,100109,100,,,100118,6,,,100375,100,,,100395,100,,
2019-06-28 10:08:30.000000000,99659,336,98687,336,99754,336,98564,336,99906,100,98487,100,100003,100,98458,100,100040,100,,,100041,100,,,100109,100,,,100118,6,,,100375,100,,,100395,100,,
2019-06-28 10:08:30.701366331,99659,336,98917,100,99754,336,98687,336,99906,100,98564,336,100003,100,98487,100,100040,100,98458,100,100041,100,,,100109,100,,,100118,6,,,100375,100,,,100395,100,,
2019-06-28 10:08:40.000000000,99659,336,98917,336,99754,336,98687,336,99906,100,98564,100,100003,100,98487,100,100040,100,98458,100,100041,100,,,100109,100,,,100118,6,,,100375,100,,,100395,100,,
2019-06-28 10:08:48.625006257,99659,336,98917,436,99754,336,98687,336,99906,100,98564,100,100003,100,98487,100,100040,100,98458,100,100041,100,,,100118,6,,,100375,100,,,100395,100,,,100508,100,,
2019-06-28 10:08:49.473370165,99659,336,98917,436,99754,336,98687,336,99906,100,98564,100,100003,100,98487,100,100040,100,98458,100,100041,100,,,100049,100,,,100118,6,,,100375,100,,,100395,100,,
