,ask_price_1,ask_size_1,bid_price_1,bid_size_1,ask_price_2,ask_size_2,bid_price_2,bid_size_2,ask_price_3,ask_size_3,bid_price_3,bid_size_3,ask_price_4,ask_size_4,bid_price_4,bid_size_4,ask_price_5,ask_size_5,bid_price_5,bid_size_5,ask_price_6,ask_size_6,bid_price_6,bid_size_6,ask_price_7,ask_size_7,bid_price_7,bid_size_7,ask_price_8,ask_size_8,bid_price_8,bid_size_8,ask_price_9,ask_size_9,bid_price_9,bid_size_9,ask_price_10,ask_size_10,bid_price_10,bid_size_10
2019-06-28 09:30:00.000000000,100114,100,,,,,,,,,,,,,,,,,,,,,,,,,,,,,,,,,,,,,,
2019-06-28 09:30:00.000000001,100114,100,99885,100,,,,,,,,,,,,,,,,,,,,,,,,,,,,,,,,,,,,
2019-06-28 09:30:00.000000002,100114,100,99885,100,100129,100,,,,,,,,,,,,,,,,,,,,,,,,,,,,,,,,,,
2019-06-28 09:30:00.000000003,100114,100,100016,100,100129,100,99960,100,,,99885,100,,,,,,,,,,,,,,,,,,,,,,,,,,,,
2019-06-28 09:30:00.000000005,100114,100,100016,100,100129,100,99960,100,,,99895,100,,,99885,100,,,,,,,,,,,,,,,,,,,,,,,,
2019-06-28 09:30:00.000000011,100114,100,100016,100,100129,100,99999,100,,,99960,100,,,99895,100,,,99885,100,,,,,,,,,,,,,,,,,,,,
2019-06-28 09:30:00.000000013,100114,100,100016,100,100129,100,99999,100,,,99960,100,,,99915,100,,,99895,100,,,99885,100,,,,,,,,,,,,,,,,
2019-06-28 09:30:00.000000015,100114,100,100016,100,100129,100,100012,100,100237,100,99999,100,,,99960,100,,,99915,100,,,99895,100,,,99885,100,,,,,,,,,,,,
2019-06-28 09:30:00.000000016,100114,100,100012,100,100129,100,99999,100,100237,100,99960,100,,,99915,100,,,99895,100,,,99885,100,,,,,,,,,,,,,,,,
2019-06-28 09:30:00.000000017,100114,100,100012,100,100129,100,100007,100,100237,100,99999,100,,,99960,100,,,99915,100,,,99895,100,,,99885,100,,,,,,,,,,,,
2019-06-28 09:30:00.000000020,100114,100,100007,100,100129,100,99999,100,100237,100,99960,100,,,99915,100,,,99895,100,,,99885,100,,,,,,,,,,,,,,,,
2019-06-28 09:30:00.000000021,100012,100,99999,100,100114,100,99960,100,100129,100,99915,100,100237,100,99895,100,,,99885,100,,,,,,,,,,,,,,,,,,,,
2019-06-28 09:30:00.000000022,100012,100,99999,100,100048,100,99960,100,100114,100,99915,100,100129,100,99895,100,100237,100,99885,100,,,,,,,,,,,,,,,,,,,,
2019-06-28 09:30:00.000000023,100012,200,99999,100,100019,100,99960,100,100048,100,99915,100,100114,100,99895,100,100129,100,99885,100,100237,100,,,,,,,,,,,,,,,,,,
2019-06-28 09:30:00.000000026,100012,100,99999,100,100019,100,99960,100,100048,100,99915,100,100114,100,99895,100,100129,100,99885,100,100237,100,,,,,,,,,,,,,,,,,,
2019-06-28 09:30:00.000000031,100012,100,99999,100,100019,100,99960,100,100048,100,99915,100,100066,100,99895,100,100114,100,99885,100,100129,100,,,100237,100,,,,,,,,,,,,,,
2019-06-28 09:30:00.000000033,100019,100,99999,100,100048,100,99960,100,100066,100,99915,100,100114,100,99895,100,100129,100,99885,100,100237,100,,,,,,,,,,,,,,,,,,
2019-06-28 09:30:00.000000034,100019,100,100012,100,100048,100,99999,100,100066,100,99960,100,100114,100,99915,100,100129,100,99895,100,100237,100,99885,100,,,,,,,,,,,,,,,,
2019-06-28 09:30:00.000000037,100019,100,100012,100,100048,100,99999,100,100066,100,99960,100,100114,100,99915,100,100129,100,99895,100,100173,100,99885,100,100237,100,,,,,,,,,,,,,,
2019-06-28 09:30:00.000000039,100019,100,99999,100,100048,100,99960,100,100066,100,99915,100,100114,100,99895,100,100129,100,99885,100,100173,100,,,100237,100,,,,,,,,,,,,,,
2019-06-28 09:30:00.000000040,100012,100,99999,100,100019,100,99960,100,100048,100,99915,100,100066,100,99895,100,100114,100,99885,100,100129,100,,,100173,100,,,100237,100,,,,,,,,,,
2019-06-28 09:30:00.000000042,100012,100,99999,100,100019,100,99960,100,100045,100,99915,100,100048,100,99895,100,100066,100,99885,100,100114,100,99814,100,100129,100,,,100173,100,,,100237,100,,,,,,
2019-06-28 09:30:00.000000043,100012,100,99999,100,100019,100,99960,100,100045,100,99915,100,100048,100,99895,100,100066,100,99885,100,100082,100,99814,100,100114,100,,,100129,100,,,100173,100,,,100237,100,,
2019-06-28 09:30:00.000000048,100012,100,99999,100,100019,100,99960,100,100045,100,99915,100,100048,100,99903,100,100066,100,99895,100,100067,100,99885,100,100082,100,99814,100,100114,100,,,100129,100,,,100173,100,,
2019-06-28 09:30:00.000000051,100012,100,99999,100,100019,100,99960,100,100045,100,99915,100,100048,100,99903,100,100066,100,99895,100,100067,100,99885,100,100082,100,99830,100,100114,100,99814,100,100129,100,,,100173,100,,
2019-06-28 09:30:00.000000059,100012,200,99999,100,100019,100,99960,100,100045,100,99915,100,100048,100,99903,100,100066,100,99895,100,100067,100,99885,100,100082,100,99830,100,100114,100,99814,100,100129,100,,,100142,100,,
2019-06-28 09:30:00.000000061,100012,200,99999,100,100019,100,99960,100,100045,100,99942,100,100048,100,99915,100,100066,100,99903,100,100067,100,99895,100,100082,100,99885,100,100114,100,99830,100,100129,100,99814,100,100142,100,,
2019-06-28 09:30:00.000000062,100012,200,99999,100,100019,100,99960,100,100035,100,99942,100,100045,100,99915,100,100048,100,99903,100,100066,100,99895,100,100067,100,99885,100,100082,100,99830,100,100114,100,99814,100,100129,100,,
2019-06-28 09:30:00.000000064,100012,200,100008,100,100019,100,99999,100,100035,100,99960,100,100045,100,99942,100,100048,100,99915,100,100054,100,99903,100,100066,100,99895,100,100067,100,99885,100,100082,100,99830,100,100114,100,99814,100
2019-06-28 09:30:00.000000069,100012,200,100008,100,100019,100,99999,100,100035,100,99960,100,100045,100,99942,100,100048,100,99916,100,100054,100,99915,100,100066,100,99909,100,100067,100,99903,100,100082,100,99895,100,100114,100,99885,100
2019-06-28 09:30:00.000000071,100012,200,100008,100,100019,100,99999,100,100035,100,99960,100,100045,100,99942,100,100048,100,99935,100,100054,100,99916,100,100066,100,99915,100,100067,100,99909,100,100082,100,99903,100,100114,100,99895,100
2019-06-28 09:30:00.000000073,100012,200,100008,100,100019,100,99999,100,100023,100,99960,100,100035,100,99942,100,100045,100,99935,100,100048,100,99916,100,100054,100,99915,100,100066,100,99909,100,100067,100,99903,100,100082,100,99895,100
2019-06-28 09:30:00.000000074,100012,200,100008,100,100019,100,99999,100,100023,100,99960,100,100035,100,99942,100,100045,100,99935,100,100048,100,99916,100,100054,100,99915,100,100066,100,99909,100,100067,100,99903,100,100082,100,99895,100
2019-06-28 09:30:00.000000075,100012,100,100008,100,100019,100,99999,100,100023,100,99960,100,100035,100,99942,100,100045,100,99935,200,100048,100,99916,100,100054,100,99915,100,100066,100,99909,100,100067,100,99903,100,100082,100,99895,100
2019-06-28 09:30:00.000000078,100012,100,99999,100,100019,100,99960,100,100022,100,99942,100,100023,100,99935,200,100035,100,99916,100,100045,100,99915,100,100048,100,99909,100,100054,100,99903,100,100066,100,99895,100,100067,100,99889,100
2019-06-28 09:30:00.000000079,100019,100,99999,100,100022,100,99960,100,100023,100,99942,100,100035,100,99935,200,100045,100,99916,100,100048,100,99915,100,100054,100,99909,100,100066,100,99903,100,100067,100,99895,100,100082,100,99889,100
2019-06-28 09:30:00.000000081,100019,100,99995,100,100022,100,99960,100,100023,100,99942,100,100035,100,99935,200,100045,100,99916,100,100048,100,99915,100,100054,100,99909,100,100066,100,99903,100,100067,100,99895,100,100082,100,99889,100
2019-06-28 09:30:00.000000082,100019,100,99995,100,100022,100,99988,100,100023,100,99960,100,100035,100,99942,100,100045,100,99935,200,100048,100,99916,100,100054,100,99915,100,100066,100,99909,100,100067,100,99903,100,100082,100,99895,100
2019-06-28 09:30:00.000000089,100019,100,99995,100,100022,100,99988,100,100023,100,99960,100,100035,100,99942,100,100045,100,99935,200,100048,100,99916,100,100054,100,99915,100,100066,100,99909,100,100067,100,99903,100,100070,100,99895,100
2019-06-28 09:30:00.000000090,100019,100,99995,100,100022,100,99988,100,100023,100,99960,100,100035,100,99942,100,100045,100,99935,200,100048,100,99916,100,100054,100,99915,100,100066,100,99909,100,100067,100,99903,100,100070,100,99895,100
2019-06-28 09:30:00.000000092,100019,100,99995,100,100022,100,99988,100,100023,100,99960,100,100035,100,99942,100,100045,100,99935,200,100048,100,99916,100,100054,100,99915,100,100066,100,99909,100,100067,100,99903,100,100070,100,99895,100
2019-06-28 09:30:00.000000093,100019,100,99995,100,100022,100,99988,100,100023,100,99960,100,100035,100,99942,100,100045,100,99935,200,100048,100,99916,100,100054,100,99915,100,100066,100,99909,100,100067,100,99903,100,100070,100,99895,100
2019-06-28 09:30:00.000000094,100012,100,99995,100,100019,100,99988,100,100022,100,99960,100,100023,100,99942,100,100035,100,99935,200,100045,100,99916,100,100048,100,99915,100,100054,100,99909,100,100066,100,99903,100,100067,100,99895,100
2019-06-28 09:30:00.000000095,100012,200,99995,100,100019,100,99988,100,100022,100,99960,100,100023,100,99942,100,100035,100,99935,200,100045,100,99916,100,100048,100,99915,100,100054,100,99909,100,100066,100,99903,100,100067,100,99895,100
2019-06-28 09:30:00.000000099,100012,200,99995,100,100019,100,99988,100,100022,100,99960,100,100023,100,99942,100,100035,100,99935,200,100045,100,99916,100,100048,100,99915,100,100054,100,99909,100,100066,100,99903,100,100067,100,99895,100
2019-06-28 09:30:00.720989108,100012,200,99995,100,100019,100,99988,100,100022,100,99960,100,100023,100,99942,100,100035,100,99935,200,100045,100,99916,100,100048,100,99915,100,100054,100,99909,100,100066,100,99903,100,100067,100,99889,100
2019-06-28 09:30:10.000000000,100012,380,99995,280,100019,280,99988,280,100022,100,99960,100,100023,100,99942,100,100035,100,99935,200,100045,100,99916,100,100048,100,99915,100,100054,100,99909,100,100066,100,99903,100,100067,100,99889,100
2019-06-28 09:30:16.771121749,100012,380,99995,280,100019,280,99988,280,100022,100,99960,100,100023,100,99942,100,100035,100,99935,200,100045,100,99916,100,100048,100,99915,100,100054,100,99909,100,100066,100,99903,100,100067,100,99889,100
2019-06-28 09:30:20.000000000,100012,290,99995,190,100019,190,99988,190,100022,190,99960,190,100023,190,99942,190,100035,100,99935,200,100045,100,99916,100,100048,100,99915,100,100054,100,99909,100,100066,100,99903,100,100067,100,99889,100
2019-06-28 09:30:22.472118480,100012,290,99995,190,100019,190,99988,190,100022,190,99960,190,100023,190,99942,190,100035,100,99935,200,100048,100,99916,100,100054,100,99915,100,100066,100,99909,100,100067,100,99903,100,100070,100,99889,100
2019-06-28 09:30:29.720490596,100012,290,99995,90,100019,190,99988,190,100022,190,99960,190,100023,190,99942,190,100048,100,99935,200,100054,100,99916,100,100066,100,99915,100,100067,100,99909,100,100070,100,99903,100,100082,200,99889,100
2019-06-28 09:30:30.000000000,100012,322,99988,222,100019,219,99960,219,100022,219,99942,219,100023,100,99935,200,100048,100,99916,100,100054,100,99915,100,100066,100,99909,100,100067,100,99903,100,100070,100,99889,100,100082,200,99885,100
2019-06-28 09:30:40.000000000,100012,322,99988,222,100019,219,99960,219,100022,219,99942,219,100023,100,99935,200,100048,100,99916,100,100054,100,99915,100,100066,100,99909,100,100067,100,99903,100,100070,100,99889,100,100082,200,99885,100
2019-06-28 09:30:50.000000000,100012,380,99988,280,100019,280,99960,280,100022,100,99942,100,100023,100,99935,200,100048,100,99916,100,100054,100,99915,100,100066,100,99909,100,100067,100,99903,100,100070,100,99889,100,100082,200,99885,100
2019-06-28 09:31:00.000000000,100012,380,99988,280,100019,280,99960,280,100022,100,99942,100,100023,100,99935,200,100048,100,99916,100,100054,100,99915,100,100066,100,99909,100,100067,100,99903,100,100070,100,99889,100,100082,200,99885,100
2019-06-28 09:31:10.000000000,100012,272,99988,172,100019,172,99960,172,100022,172,99942,172,100023,172,99935,272,100048,172,99916,172,100054,100,99915,100,100066,100,99909,100,100067,100,99903,100,100070,100,99889,100,100082,200,99885,100
2019-06-28 09:31:16.908871941,99999,100,99988,172,100012,272,99960,172,100019,172,99942,172,100022,172,99935,272,100023,172,99916,172,100048,172,99915,100,100054,100,99909,100,100066,100,99903,100,100067,100,99889,100,100070,100,99885,100
2019-06-28 09:31:20.000000000,99999,172,99988,172,100012,272,99960,172,100019,172,99942,172,100022,172,99935,272,100023,172,99916,172,100048,100,99915,100,100054,100,99909,100,100066,100,99903,100,100067,100,99889,100,100070,100,99885,100
2019-06-28 09:31:27.733064467,99999,172,99988,172,100012,272,99960,172,100019,172,99942,172,100022,172,99935,272,100023,172,99916,172,100048,100,99915,100,100054,100,99909,100,100067,100,99903,100,100070,100,99889,100,100082,200,99885,100
2019-06-28 09:31:29.747801054,99999,172,99988,172,100012,272,99960,172,100019,172,99942,172,100022,172,99935,272,100023,172,99916,172,100048,100,99915,100,100054,100,99909,100,100067,100,99903,100,100070,100,99889,100,100082,200,99885,100
2019-06-28 09:31:30.000000000,99999,222,99988,222,100012,319,99960,219,100019,219,99942,219,100022,100,99935,200,100023,100,99916,100,100048,100,99915,100,100054,100,99909,100,100067,100,99903,100,100070,100,99889,100,100082,200,99885,100
2019-06-28 09:31:38.418486687,99999,222,99988,222,100012,219,99960,219,100019,219,99942,219,100022,100,99935,200,100023,100,99916,100,100048,100,99915,100,100054,100,99909,100,100067,100,99903,100,100070,100,99889,100,100082,200,99885,100
2019-06-28 09:31:40.000000000,99999,460,99988,460,100012,100,99960,100,100019,100,99942,100,100022,100,99935,200,100023,100,99916,100,100048,100,99915,100,100054,100,99909,100,100067,100,99903,100,100070,100,99889,100,100082,200,99885,100
2019-06-28 09:31:45.134016310,99999,460,99988,360,100012,100,99960,100,100019,100,99942,100,100022,100,99935,200,100023,100,99916,100,100048,100,99915,100,100054,100,99909,100,100067,100,99903,100,100070,100,99889,100,100082,200,99885,100
2019-06-28 09:31:50.000000000,99999,222,99960,222,100012,219,99942,219,100019,219,99935,319,100022,100,99916,100,100023,100,99915,100,100048,100,99909,100,100054,100,99903,100,100067,100,99889,100,100070,100,99885,100,100082,200,99878,100
2019-06-28 09:32:00.000000000,99999,222,99960,222,100012,219,99942,219,100019,219,99935,319,100022,100,99916,100,100023,100,99915,100,100048,100,99909,100,100054,100,99903,100,100067,100,99889,100,100070,100,99885,100,100082,200,99878,100
2019-06-28 09:32:07.113085922,99999,222,99960,222,100012,219,99942,219,100019,219,99935,319,100022,100,99916,100,100023,100,99915,100,100048,100,99903,100,100054,100,99889,100,100067,100,99885,100,100070,100,99878,100,100082,200,99866,100
2019-06-28 09:32:10.000000000,99999,222,99960,222,100012,219,99942,219,100019,219,99935,319,100022,100,99916,100,100023,100,99915,100,100048,100,99903,100,100054,100,99889,100,100067,100,99885,100,100070,100,99878,100,100082,200,99866,100
2019-06-28 09:32:20.000000000,99999,460,99960,460,100012,100,99942,100,100019,100,99935,200,100022,100,99916,100,100023,100,99915,100,100048,100,99903,100,100054,100,99889,100,100067,100,99885,100,100070,100,99878,100,100082,200,99866,100
2019-06-28 09:32:30.000000000,99999,222,99960,222,100012,219,99942,219,100019,219,99935,319,100022,100,99916,100,100023,100,99915,100,100048,100,99903,100,100054,100,99889,100,100067,100,99885,100,100070,100,99878,100,100082,200,99866,100
2019-06-28 09:32:40.000000000,99999,222,99960,222,100012,219,99942,219,100019,219,99935,319,100022,100,99916,100,100023,100,99915,100,100048,100,99903,100,100054,100,99889,100,100067,100,99885,100,100070,100,99878,100,100082,200,99866,100
2019-06-28 09:32:50.000000000,99999,280,99960,280,100012,280,99942,280,100019,100,99935,200,100022,100,99916,100,100023,100,99915,100,100048,100,99903,100,100054,100,99889,100,100067,100,99885,100,100070,100,99878,100,100082,200,99866,100
2019-06-28 09:32:59.257691392,99999,280,99960,280,100012,280,99942,280,100019,100,99935,200,100022,100,99916,100,100023,100,99915,100,100048,100,99903,100,100054,100,99889,100,100067,100,99885,100,100070,100,99878,100,100082,200,99866,100
2019-06-28 09:33:00.000000000,99999,460,99960,460,100012,100,99942,100,100019,100,99935,200,100022,100,99916,100,100023,100,99915,100,100048,100,99903,100,100054,100,99889,100,100067,100,99885,100,100070,100,99878,100,100082,200,99866,100
2019-06-28 09:33:10.000000000,99999,222,99960,222,100012,219,99942,219,100019,219,99935,319,100022,100,99916,100,100023,100,99915,100,100048,100,99903,100,100054,100,99889,100,100067,100,99885,100,100070,100,99878,100,100082,200,99866,100
2019-06-28 09:33:20.000000000,99999,222,99960,222,100012,219,99942,219,100019,219,99935,319,100022,100,99916,100,100023,100,99915,100,100048,100,99903,100,100054,100,99889,100,100067,100,99885,100,100070,100,99878,100,100082,200,99866,100
2019-06-28 09:33:24.316167222,99999,222,99960,222,100012,219,99942,219,100019,219,99935,319,100022,100,99916,100,100023,100,99915,100,100048,100,99903,100,100054,100,99889,100,100067,100,99888,100,100070,100,99885,100,100082,200,99878,100
2019-06-28 09:33:30.000000000,99999,280,99960,280,100012,280,99942,280,100019,100,99935,200,100022,100,99916,100,100023,100,99915,100,100048,100,99903,100,100054,100,99889,100,100067,100,99888,100,100070,100,99885,100,100082,200,99878,100
2019-06-28 09:33:40.000000000,99999,222,99960,222,100012,219,99942,219,100019,219,99935,319,100022,100,99916,100,100023,100,99915,100,100048,100,99903,100,100054,100,99889,100,100067,100,99888,100,100070,100,99885,100,100082,200,99878,100
2019-06-28 09:33:50.000000000,99999,172,99960,172,100012,172,99942,172,100019,172,99935,272,100022,172,99916,172,100023,172,99915,172,100048,100,99903,100,100054,100,99889,100,100067,100,99888,100,100070,100,99885,100,100082,200,99878,100
2019-06-28 09:34:00.000000000,99999,280,99960,280,100012,280,99942,280,100019,100,99935,200,100022,100,99916,100,100023,100,99915,100,100048,100,99903,100,100054,100,99889,100,100067,100,99888,100,100070,100,99885,100,100082,200,99878,100
2019-06-28 09:34:10.000000000,99999,190,99960,190,100012,190,99942,190,100019,190,99935,290,100022,190,99916,190,100023,100,99915,100,100048,100,99903,100,100054,100,99889,100,100067,100,99888,100,100070,100,99885,100,100082,200,99878,100
2019-06-28 09:34:16.466494150,99999,190,99996,100,100012,190,99960,190,100019,190,99942,190,100022,190,99935,290,100023,100,99916,190,100048,100,99915,100,100054,100,99903,100,100067,100,99889,100,100070,100,99888,100,100082,200,99885,100
2019-06-28 09:34:20.000000000,99999,222,99996,222,100012,219,99960,219,100019,219,99942,219,100022,100,99935,200,100023,100,99916,100,100048,100,99915,100,100054,100,99903,100,100067,100,99889,100,100070,100,99888,100,100082,200,99885,100
2019-06-28 09:34:24.740430645,99999,222,99996,222,100012,219,99960,219,100019,219,99942,219,100022,100,99935,200,100023,100,99916,100,100048,100,99915,100,100054,100,99903,100,100067,100,99889,100,100070,100,99888,100,100082,200,99885,100
2019-06-28 09:34:27.635110452,99999,222,99996,222,100012,219,99960,219,100019,219,99942,219,100022,100,99935,200,100023,100,99916,100,100048,100,99915,100,100054,100,99903,100,100067,100,99889,100,100070,100,99888,100,100082,200,99885,100
2019-06-28 09:34:30.000000000,99999,172,99996,172,100012,172,99960,172,100019,172,99942,172,100022,172,99935,272,100023,172,99916,172,100048,100,99915,100,100054,100,99903,100,100067,100,99889,100,100070,100,99888,100,100082,200,99885,100
2019-06-28 09:34:40.000000000,99999,222,99996,222,100012,219,99960,219,100019,219,99942,219,100022,100,99935,200,100023,100,99916,100,100048,100,99915,100,100054,100,99903,100,100067,100,99889,100,100070,100,99888,100,100082,200,99885,100
2019-06-28 09:34:45.431153416,99999,122,99996,222,100012,219,99960,219,100019,219,99942,219,100022,100,99935,100,100023,100,99916,100,100048,100,99915,100,100054,100,99903,100,100067,100,99889,100,100070,100,99888,100,100082,200,99885,100
2019-06-28 09:34:50.000000000,100012,460,99996,460,100019,100,99960,100,100022,100,99942,100,100023,100,99935,100,100048,100,99916,100,100054,100,99915,100,100067,100,99903,100,100070,100,99889,100,100082,200,99888,100,100091,100,99885,100
2019-06-28 09:35:00.000000000,100012,172,99996,172,100019,172,99960,172,100022,172,99942,172,100023,172,99935,172,100048,172,99916,172,100054,100,99915,100,100067,100,99903,100,100070,100,99889,100,100082,200,99888,100,100091,100,99885,100
2019-06-28 09:35:00.467253127,100012,72,99996,172,100019,172,99960,172,100022,172,99942,172,100023,172,99935,172,100048,72,99916,172,100054,100,99915,100,100067,100,99903,100,100070,100,99889,100,100082,200,99888,100,100091,100,99885,100
2019-06-28 09:35:10.000000000,100019,222,99996,222,100022,219,99960,219,100023,219,99942,219,100054,100,99935,100,100067,100,99916,100,100070,100,99915,100,100082,200,99903,100,100091,100,99889,100,100108,100,99888,100,100114,100,99885,100
2019-06-28 09:35:20.000000000,100019,172,99996,172,100022,172,99960,172,100023,172,99942,172,100054,172,99935,172,100067,172,99916,172,100070,100,99915,100,100082,200,99903,100,100091,100,99889,100,100108,100,99888,100,100114,100,99885,100
2019-06-28 09:35:30.000000000,100019,222,99996,222,100022,219,99960,219,100023,219,99942,219,100054,100,99935,100,100067,100,99916,100,100070,100,99915,100,100082,200,99903,100,100091,100,99889,100,100108,100,99888,100,100114,100,99885,100
2019-06-28 09:35:36.656756647,100019,122,99996,222,100022,219,99960,219,100023,219,99942,219,100054,100,99935,100,100067,100,99916,100,100070,100,99915,100,100082,200,99903,100,100091,100,99889,100,100108,100,99888,100,100114,100,99885,100
2019-06-28 09:35:40.000000000,100022,172,99996,172,100023,172,99960,172,100054,172,99942,172,100067,172,99935,172,100070,172,99916,172,100082,200,99915,100,100091,100,99903,100,100108,100,99889,100,100114,100,99888,100,100126,100,99885,100
2019-06-28 09:35:41.174295855,100022,172,100012,100,100023,172,99996,172,100054,172,99960,172,100067,172,99942,172,100070,172,99935,172,100082,200,99916,172,100091,100,99915,100,100108,100,99903,100,100114,100,99889,100,100126,100,99888,100
2019-06-28 09:35:50.000000000,100022,460,100012,460,100023,100,99996,100,100054,100,99960,100,100067,100,99942,100,100070,100,99935,100,100082,200,99916,100,100091,100,99915,100,100108,100,99903,100,100114,100,99889,100,100126,100,99888,100
2019-06-28 09:35:51.909058001,100022,460,100012,460,100023,100,99996,100,100054,100,99960,100,100067,100,99942,100,100070,100,99935,100,100082,200,99916,100,100091,100,99915,100,100108,100,99903,100,100114,100,99889,100,100126,100,99888,100
2019-06-28 09:36:00.000000000,100022,190,100012,190,100023,190,99996,190,100054,190,99960,190,100067,190,99942,190,100070,100,99935,100,100082,200,99916,100,100091,100,99915,100,100108,100,99903,100,100114,100,99889,100,100126,100,99888,100
2019-06-28 09:36:06.218813373,100022,190,100012,290,100023,190,99996,190,100054,190,99960,190,100067,190,99942,190,100070,100,99935,100,100082,200,99916,100,100091,100,99915,100,100108,100,99903,100,100114,100,99889,100,100126,100,99888,100
2019-06-28 09:36:10.000000000,100022,460,100012,560,100023,100,99996,100,100054,100,99960,100,100067,100,99942,100,100070,100,99935,100,100082,200,99916,100,100091,100,99915,100,100108,100,99903,100,100114,100,99889,100,100126,100,99888,100
2019-06-28 09:36:19.610273970,100022,460,100012,560,100023,100,99996,100,100054,100,99960,100,100067,100,99942,100,100070,100,99935,100,100082,200,99916,100,100091,100,99915,100,100108,100,99903,100,100114,100,99889,100,100126,100,99888,100
2019-06-28 09:36:20.000000000,100022,280,100012,380,100023,280,99996,280,100054,100,99960,100,100067,100,99942,100,100070,100,99935,100,100082,200,99916,100,100091,100,99915,100,100108,100,99903,100,100114,100,99889,100,100126,100,99888,100
2019-06-28 09:36:30.000000000,100022,190,100012,290,100023,190,99996,190,100054,190,99960,190,100067,190,99942,190,100070,100,99935,100,100082,200,99916,100,100091,100,99915,100,100108,100,99903,100,100114,100,99889,100,100126,100,99888,100
2019-06-28 09:36:30.992402775,100022,190,100012,390,100023,190,99996,190,100054,190,99960,190,100067,190,99942,190,100070,100,99935,100,100082,200,99916,100,100091,100,99915,100,100108,100,99903,100,100114,100,99889,100,100126,100,99888,100
2019-06-28 09:36:40.000000000,100022,190,100012,390,100023,190,99996,190,100054,190,99960,190,100067,190,99942,190,100070,100,99935,100,100082,200,99916,100,100091,100,99915,100,100108,100,99903,100,100114,100,99889,100,100126,100,99888,100
2019-06-28 09:36:42.797990006,100022,190,100012,490,100023,190,99996,190,100054,190,99960,190,100067,190,99942,190,100070,100,99935,100,100082,200,99916,100,100091,100,99915,100,100108,100,99903,100,100114,100,99889,100,100126,100,99888,100
2019-06-28 09:36:50.000000000,100022,460,100012,760,100023,100,99996,100,100054,100,99960,100,100067,100,99942,100,100070,100,99935,100,100082,200,99916,100,100091,100,99915,100,100108,100,99903,100,100114,100,99889,100,100126,100,99888,100
2019-06-28 09:36:55.638500290,100022,460,100012,760,100023,100,99996,100,100054,100,99960,100,100067,100,99942,100,100070,100,99935,100,100082,200,99916,100,100091,100,99915,100,100108,100,99903,100,100114,100,99889,100,100126,100,99888,100
2019-06-28 09:37:00.000000000,100022,190,100012,490,100023,190,99996,190,100054,190,99960,190,100067,190,99942,190,100070,100,99935,100,100082,200,99916,100,100091,100,99915,100,100108,100,99903,100,100114,100,99889,100,100126,100,99888,100
2019-06-28 09:37:02.116713814,100022,190,100012,590,100023,190,99996,190,100054,190,99960,190,100067,190,99942,190,100070,100,99935,100,100082,200,99916,100,100091,100,99915,100,100108,100,99903,100,100114,100,99889,100,100126,100,99888,100
2019-06-28 09:37:10.000000000,100022,222,100012,622,100023,219,99996,219,100054,219,99960,219,100067,100,99942,100,100070,100,99935,100,100082,200,99916,100,100091,100,99915,100,100108,100,99903,100,100114,100,99889,100,100126,100,99888,100
2019-06-28 09:37:11.450648370,100022,222,100012,622,100023,219,99996,219,100054,219,99960,219,100067,100,99942,100,100070,100,99935,100,100082,200,99916,100,100091,100,99915,100,100108,100,99903,100,100114,100,99889,100,100126,100,99888,100
2019-06-28 09:37:20.000000000,100022,460,100012,860,100023,100,99996,100,100054,100,99960,100,100067,100,99942,100,100070,100,99935,100,100082,200,99916,100,100091,100,99915,100,100108,100,99903,100,100114,100,99889,100,100126,100,99888,100
2019-06-28 09:37:27.015032766,100022,460,100012,860,100023,100,99996,100,100054,100,99960,100,100067,100,99942,100,100070,100,99935,100,100082,200,99916,100,100091,100,99915,100,100108,100,99903,100,100114,100,99889,100,100126,100,99888,100
2019-06-28 09:37:30.000000000,100022,172,100012,572,100023,172,99996,172,100054,172,99960,172,100067,172,99942,172,100070,172,99935,172,100082,200,99916,100,100091,100,99915,100,100108,100,99903,100,100114,100,99889,100,100126,100,99888,100
2019-06-28 09:37:40.000000000,100022,190,100012,590,100023,190,99996,190,100054,190,99960,190,100067,190,99942,190,100070,100,99935,100,100082,200,99916,100,100091,100,99915,100,100108,100,99903,100,100114,100,99889,100,100126,100,99888,100
2019-06-28 09:37:50.000000000,100022,172,100012,572,100023,172,99996,172,100054,172,99960,172,100067,172,99942,172,100070,172,99935,172,100082,200,99916,100,100091,100,99915,100,100108,100,99903,100,100114,100,99889,100,100126,100,99888,100
2019-06-28 09:37:52.997760013,100022,172,100012,672,100023,172,99996,72,100054,172,99960,172,100067,172,99942,172,100070,172,99935,172,100082,200,99916,100,100091,100,99915,100,100108,100,99903,100,100114,100,99889,100,100126,100,99888,100
2019-06-28 09:38:00.000000000,100022,190,100012,690,100023,190,99960,190,100054,190,99942,190,100067,190,99935,190,100070,100,99916,100,100082,200,99915,100,100091,100,99903,100,100108,100,99889,100,100114,100,99888,100,100126,100,99885,100
2019-06-28 09:38:03.060325016,100022,190,100012,690,100023,190,99960,190,100054,190,99942,190,100067,190,99935,190,100070,100,99916,100,100082,200,99915,100,100091,100,99903,100,100108,100,99889,100,100114,100,99888,100,100126,100,99885,100
2019-06-28 09:38:10.000000000,100022,280,100012,780,100023,280,99960,280,100054,100,99942,100,100067,100,99935,100,100070,100,99916,100,100082,200,99915,100,100091,100,99903,100,100108,100,99889,100,100114,100,99888,100,100126,100,99885,100
2019-06-28 09:38:20.000000000,100022,222,100012,722,100023,219,99960,219,100054,219,99942,219,100067,100,99935,100,100070,100,99916,100,100082,200,99915,100,100091,100,99903,100,100108,100,99889,100,100114,100,99888,100,100126,100,99885,100
2019-06-28 09:38:24.436372129,100022,222,100012,722,100023,219,99960,219,100054,219,99942,219,100067,100,99935,100,100070,100,99916,100,100082,200,99915,100,100091,100,99903,100,100108,100,99889,100,100114,100,99888,100,100126,100,99885,100
2019-06-28 09:38:30.000000000,100022,460,100012,960,100023,100,99960,100,100054,100,99942,100,100067,100,99935,100,100070,100,99916,100,100082,200,99915,100,100091,100,99903,100,100108,100,99889,100,100114,100,99888,100,100126,100,99885,100
2019-06-28 09:38:40.000000000,100022,190,100012,690,100023,190,99960,190,100054,190,99942,190,100067,190,99935,190,100070,100,99916,100,100082,200,99915,100,100091,100,99903,100,100108,100,99889,100,100114,100,99888,100,100126,100,99885,100
2019-06-28 09:38:44.448259263,100021,100,100012,690,100022,190,99960,190,100023,190,99942,190,100054,190,99935,190,100067,190,99916,100,100070,100,99915,100,100082,200,99903,100,100091,100,99889,100,100108,100,99888,100,100114,100,99885,100
2019-06-28 09:38:50.000000000,100021,222,100012,722,100022,219,99960,219,100023,219,99942,219,100054,100,99935,100,100067,100,99916,100,100070,100,99915,100,100082,200,99903,100,100091,100,99889,100,100108,100,99888,100,100114,100,99885,100
2019-06-28 09:38:53.537054576,100021,222,100012,722,100022,219,99960,219,100023,219,99942,219,100054,100,99935,100,100067,100,99916,100,100070,100,99915,100,100082,200,99903,100,100091,100,99889,100,100108,100,99888,100,100114,100,99885,100
2019-06-28 09:39:00.000000000,100021,172,100012,672,100022,172,99960,172,100023,172,99942,172,100054,172,99935,172,100067,172,99916,172,100070,100,99915,100,100082,200,99903,100,100091,100,99889,100,100108,100,99888,100,100114,100,99885,100
2019-06-28 09:39:01.247639019,100021,172,100012,572,100022,172,99960,172,100023,172,99942,172,100054,172,99935,172,100067,172,99916,172,100070,100,99915,100,100082,200,99903,100,100091,100,99889,100,100108,100,99888,100,100114,100,99885,100
2019-06-28 09:39:06.577085550,100021,72,100012,572,100022,172,99960,172,100023,172,99942,172,100054,172,99935,172,100067,172,99916,172,100070,100,99915,100,100082,200,99903,100,100091,100,99889,100,100108,100,99888,100,100114,100,99885,100
2019-06-28 09:39:10.000000000,100022,280,100012,680,100023,280,99960,280,100054,100,99942,100,100067,100,99935,100,100070,100,99916,100,100082,200,99915,100,100091,100,99903,100,100108,100,99889,100,100114,100,99888,100,100126,100,99885,100
2019-06-28 09:39:20.000000000,100022,190,100012,590,100023,190,99960,190,100054,190,99942,190,100067,190,99935,190,100070,100,99916,100,100082,200,99915,100,100091,100,99903,100,100108,100,99889,100,100114,100,99888,100,100126,100,99885,100
2019-06-28 09:39:29.285120862,100022,190,100013,100,100023,190,100012,590,100054,190,99960,190,100067,190,99942,190,100070,100,99935,190,100082,200,99916,100,100091,100,99915,100,100108,100,99903,100,100114,100,99889,100,100126,100,99888,100
2019-06-28 09:39:30.000000000,100022,460,100013,460,100023,100,100012,500,100054,100,99960,100,100067,100,99942,100,100070,100,99935,100,100082,200,99916,100,100091,100,99915,100,100108,100,99903,100,100114,100,99889,100,100126,100,99888,100
2019-06-28 09:39:34.098428562,100020,100,100013,460,100022,460,100012,400,100023,100,99960,100,100054,100,99942,100,100067,100,99935,100,100070,100,99916,100,100082,200,99915,100,100091,100,99903,100,100108,100,99889,100,100114,100,99888,100
2019-06-28 09:39:40.000000000,100020,280,100013,280,100022,280,100012,580,100023,100,99960,100,100054,100,99942,100,100067,100,99935,100,100070,100,99916,100,100082,200,99915,100,100091,100,99903,100,100108,100,99889,100,100114,100,99888,100
2019-06-28 09:39:50.000000000,100020,172,100013,172,100022,172,100012,472,100023,172,99960,172,100054,172,99942,172,100067,172,99935,172,100070,100,99916,100,100082,200,99915,100,100091,100,99903,100,100108,100,99889,100,100114,100,99888,100
2019-06-28 09:39:55.444524028,100020,172,100013,72,100022,172,100012,472,100023,172,99960,172,100054,172,99942,172,100067,172,99935,172,100082,200,99916,100,100091,100,99915,100,100108,100,99903,100,100114,100,99889,100,100126,100,99888,100
2019-06-28 09:40:00.000000000,100020,222,100012,522,100022,219,99960,219,100023,219,99942,219,100054,100,99935,100,100067,100,99916,100,100082,200,99915,100,100091,100,99903,100,100108,100,99889,100,100114,100,99888,100,100126,100,99885,100
2019-06-28 09:40:10.000000000,100020,222,100012,522,100022,219,99960,219,100023,219,99942,219,100054,100,99935,100,100067,100,99916,100,100082,200,99915,100,100091,100,99903,100,100108,100,99889,100,100114,100,99888,100,100126,100,99885,100
2019-06-28 09:40:20.000000000,100020,460,100012,760,100022,100,99960,100,100023,100,99942,100,100054,100,99935,100,100067,100,99916,100,100082,200,99915,100,100091,100,99903,100,100108,100,99889,100,100114,100,99888,100,100126,100,99885,100
2019-06-28 09:40:28.970537065,100020,460,100012,660,100022,100,99960,100,100023,100,99942,100,100054,100,99935,100,100067,100,99916,100,100082,200,99915,100,100091,100,99903,100,100108,100,99889,100,100114,100,99888,100,100126,100,99885,100
2019-06-28 09:40:30.000000000,100020,172,100012,372,100022,172,99960,172,100023,172,99942,172,100054,172,99935,172,100067,172,99916,172,100082,200,99915,100,100091,100,99903,100,100108,100,99889,100,100114,100,99888,100,100126,100,99885,100
2019-06-28 09:40:40.000000000,100020,460,100012,660,100022,100,99960,100,100023,100,99942,100,100054,100,99935,100,100067,100,99916,100,100082,200,99915,100,100091,100,99903,100,100108,100,99889,100,100114,100,99888,100,100126,100,99885,100
2019-06-28 09:40:49.364599865,100013,100,100012,660,100020,460,99960,100,100022,100,99942,100,100023,100,99935,100,100054,100,99916,100,100067,100,99915,100,100082,200,99903,100,100091,100,99889,100,100108,100,99888,100,100114,100,99885,100
2019-06-28 09:40:50.000000000,100013,222,100012,422,100020,219,99960,219,100022,219,99942,219,100023,100,99935,100,100054,100,99916,100,100067,100,99915,100,100082,200,99903,100,100091,100,99889,100,100108,100,99888,100,100114,100,99885,100
2019-06-28 09:41:00.000000000,100013,280,100012,480,100020,280,99960,280,100022,100,99942,100,100023,100,99935,100,100054,100,99916,100,100067,100,99915,100,100082,200,99903,100,100091,100,99889,100,100108,100,99888,100,100114,100,99885,100
2019-06-28 09:41:10.000000000,100013,280,100012,480,100020,280,99960,280,100022,100,99942,100,100023,100,99935,100,100054,100,99916,100,100067,100,99915,100,100082,200,99903,100,100091,100,99889,100,100108,100,99888,100,100114,100,99885,100
2019-06-28 09:41:20.000000000,100013,222,100012,422,100020,219,99960,219,100022,219,99942,219,100023,100,99935,100,100054,100,99916,100,100067,100,99915,100,100082,200,99903,100,100091,100,99889,100,100108,100,99888,100,100114,100,99885,100
2019-06-28 09:41:30.000000000,100013,280,100012,480,100020,280,99960,280,100022,100,99942,100,100023,100,99935,100,100054,100,99916,100,100067,100,99915,100,100082,200,99903,100,100091,100,99889,100,100108,100,99888,100,100114,100,99885,100
2019-06-28 09:41:35.712841806,100013,280,100012,480,100020,280,99960,280,100022,100,99942,100,100023,100,99935,100,100054,100,99916,100,100067,100,99915,100,100082,200,99903,100,100091,100,99889,100,100108,100,99888,100,100114,100,99885,100
2019-06-28 09:41:40.000000000,100013,190,100012,390,100020,190,99960,190,100022,190,99942,190,100023,190,99935,190,100054,100,99916,100,100067,100,99915,100,100082,200,99903,100,100091,100,99889,100,100108,100,99888,100,100114,100,99885,100
2019-06-28 09:41:45.925963753,100013,90,100012,390,100020,190,99960,190,100022,190,99942,190,100023,190,99935,190,100054,100,99916,100,100067,100,99915,100,100082,200,99903,100,100091,100,99889,100,100108,100,99888,100,100114,100,99885,100
2019-06-28 09:41:50.000000000,100020,222,100012,422,100022,219,99960,219,100023,219,99942,219,100054,100,99935,100,100067,100,99916,100,100082,200,99915,100,100091,100,99903,100,100108,100,99889,100,100114,100,99888,100,100126,100,99885,100
2019-06-28 09:41:54.619257121,100020,222,100012,422,100022,219,99960,219,100023,219,99942,219,100054,100,99935,100,100067,100,99916,100,100082,200,99915,100,100091,100,99903,100,100108,100,99889,100,100114,100,99888,100,100126,100,99885,100
2019-06-28 09:41:56.577655095,100020,222,100012,422,100022,219,99960,219,100023,219,99942,219,100054,100,99935,100,100067,100,99916,100,100082,200,99915,100,100091,100,99903,100,100108,100,99889,100,100114,100,99885,100,100126,100,99883,100
2019-06-28 09:42:00.000000000,100020,280,100012,480,100022,280,99960,280,100023,100,99942,100,100054,100,99935,100,100067,100,99916,100,100082,200,99915,100,100091,100,99903,100,100108,100,99889,100,100114,100,99885,100,100126,100,99883,100
2019-06-28 09:42:03.301004165,100020,180,100012,480,100022,280,99960,280,100023,100,99942,100,100054,100,99935,100,100067,100,99916,100,100082,200,99915,100,100091,100,99903,100,100108,100,99889,100,100114,100,99885,100,100126,100,99883,100
2019-06-28 09:42:10.000000000,100022,280,100012,480,100023,280,99960,280,100054,100,99942,100,100067,100,99935,100,100082,200,99916,100,100091,100,99915,100,100108,100,99903,100,100114,100,99889,100,100126,100,99885,100,100129,100,99883,100
2019-06-28 09:42:12.625801609,100022,80,100012,480,100023,280,99960,280,100054,100,99942,100,100067,100,99935,100,100082,200,99916,100,100091,100,99915,100,100108,100,99903,100,100114,100,99889,100,100126,100,99885,100,100129,100,99883,100
2019-06-28 09:42:20.000000000,100023,222,100012,422,100054,219,99960,219,100067,219,99942,219,100082,200,99935,100,100091,100,99916,100,100108,100,99915,100,100114,100,99903,100,100126,100,99889,100,100129,100,99885,100,100148,100,99883,100
2019-06-28 09:42:26.545891306,100023,222,100012,422,100054,219,99960,119,100067,219,99942,219,100082,200,99935,100,100091,100,99916,100,100108,100,99915,100,100114,100,99903,100,100126,100,99889,100,100129,100,99885,100,100148,100,99883,100
2019-06-28 09:42:30.000000000,100023,190,100012,390,100054,190,99942,190,100067,190,99935,190,100082,290,99916,190,100091,100,99915,100,100108,100,99903,100,100114,100,99889,100,100126,100,99885,100,100129,100,99883,100,100148,100,99878,100
2019-06-28 09:42:40.000000000,100023,280,100012,480,100054,280,99942,280,100067,100,99935,100,100082,200,99916,100,100091,100,99915,100,100108,100,99903,100,100114,100,99889,100,100126,100,99885,100,100129,100,99883,100,100148,100,99878,100
2019-06-28 09:42:41.211483755,100023,280,100017,100,100054,180,100012,480,100067,100,99942,280,100082,200,99935,100,100091,100,99916,100,100108,100,99915,100,100114,100,99903,100,100126,100,99889,100,100129,100,99885,100,100148,100,99883,100
2019-06-28 09:42:45.290979651,100023,280,100020,100,100054,180,100017,100,100067,100,100012,480,100082,200,99942,280,100091,100,99935,100,100108,100,99916,100,100114,100,99915,100,100126,100,99903,100,100129,100,99889,100,100148,100,99885,100
2019-06-28 09:42:50.000000000,100023,222,100020,222,100067,219,100017,219,100082,319,100012,419,100091,100,99942,100,100108,100,99935,100,100114,100,99916,100,100126,100,99915,100,100129,100,99903,100,100148,100,99889,100,100173,100,99885,100
2019-06-28 09:43:00.000000000,100023,190,100020,190,100067,190,100017,190,100082,290,100012,390,100091,190,99942,190,100108,100,99935,100,100114,100,99916,100,100126,100,99915,100,100129,100,99903,100,100148,100,99889,100,100173,100,99885,100
2019-06-28 09:43:10.000000000,100023,460,100020,460,100067,100,100017,100,100082,200,100012,300,100091,100,99942,100,100108,100,99935,100,100114,100,99916,100,100126,100,99915,100,100129,100,99903,100,100148,100,99889,100,100173,100,99885,100
2019-06-28 09:43:20.000000000,100023,222,100020,222,100067,219,100017,219,100082,319,100012,419,100091,100,99942,100,100108,100,99935,100,100114,100,99916,100,100126,100,99915,100,100129,100,99903,100,100148,100,99889,100,100173,100,99885,100
2019-06-28 09:43:30.000000000,100023,222,100020,222,100067,219,100017,219,100082,319,100012,419,100091,100,99942,100,100108,100,99935,100,100114,100,99916,100,100126,100,99915,100,100129,100,99903,100,100148,100,99889,100,100173,100,99885,100
2019-06-28 09:43:40.000000000,100023,222,100020,222,100067,219,100017,219,100082,319,100012,419,100091,100,99942,100,100108,100,99935,100,100114,100,99916,100,100126,100,99915,100,100129,100,99903,100,100148,100,99889,100,100173,100,99885,100
2019-06-28 09:43:46.516025466,100023,222,100020,222,100067,219,100017,219,100082,319,100012,319,100091,100,99942,100,100108,100,99935,100,100114,100,99916,100,100126,100,99915,100,100129,100,99903,100,100148,100,99889,100,100173,100,99885,100
2019-06-28 09:43:50.000000000,100023,280,100020,280,100067,280,100017,280,100082,200,100012,200,100091,100,99942,100,100108,100,99935,100,100114,100,99916,100,100126,100,99915,100,100129,100,99903,100,100148,100,99889,100,100173,100,99885,100
2019-06-28 09:43:52.577734061,100023,280,100020,180,100067,280,100017,280,100082,200,100012,200,100091,100,99942,100,100108,100,99935,100,100114,100,99916,100,100126,100,99915,100,100129,100,99903,100,100148,100,99889,100,100173,100,99885,100
2019-06-28 09:44:00.000000000,100023,190,100017,190,100067,190,100012,290,100082,290,99942,190,100091,190,99935,190,100108,100,99916,100,100114,100,99915,100,100126,100,99903,100,100129,100,99889,100,100148,100,99885,100,100173,100,99883,100
2019-06-28 09:44:03.247874650,100023,190,100017,90,100067,190,100012,290,100082,290,99942,190,100091,190,99935,190,100108,100,99916,100,100114,100,99915,100,100126,100,99903,100,100129,100,99889,100,100148,100,99885,100,100173,100,99883,100
2019-06-28 09:44:10.000000000,100023,190,100012,290,100067,190,99942,190,100082,290,99935,190,100091,190,99916,190,100108,100,99915,100,100114,100,99903,100,100126,100,99889,100,100129,100,99885,100,100148,100,99883,100,100173,100,99878,100
2019-06-28 09:44:18.115129314,100023,190,100012,190,100067,190,99942,190,100082,290,99935,190,100091,190,99916,190,100108,100,99915,100,100114,100,99903,100,100126,100,99889,100,100129,100,99885,100,100148,100,99883,100,100173,100,99878,100
2019-06-28 09:44:20.000000000,100023,190,100012,190,100067,190,99942,190,100082,290,99935,190,100091,190,99916,190,100108,100,99915,100,100114,100,99903,100,100126,100,99889,100,100129,100,99885,100,100148,100,99883,100,100173,100,99878,100
2019-06-28 09:44:30.000000000,100023,190,100012,190,100067,190,99942,190,100082,290,99935,190,100091,190,99916,190,100108,100,99915,100,100114,100,99903,100,100126,100,99889,100,100129,100,99885,100,100148,100,99883,100,100173,100,99878,100
2019-06-28 09:44:37.482721688,100017,100,100012,190,100023,190,99942,190,100067,190,99935,190,100082,290,99916,190,100091,190,99915,100,100108,100,99903,100,100114,100,99889,100,100126,100,99885,100,100129,100,99883,100,100148,100,99878,100
2019-06-28 09:44:40.000000000,100017,222,100012,222,100023,219,99942,219,100067,219,99935,219,100082,200,99916,100,100091,100,99915,100,100108,100,99903,100,100114,100,99889,100,100126,100,99885,100,100129,100,99883,100,100148,100,99878,100
2019-06-28 09:44:50.000000000,100017,190,100012,190,100023,190,99942,190,100067,190,99935,190,100082,290,99916,190,100091,100,99915,100,100108,100,99903,100,100114,100,99889,100,100126,100,99885,100,100129,100,99883,100,100148,100,99878,100
2019-06-28 09:44:50.307997181,100017,190,100012,90,100023,190,99942,190,100067,190,99935,190,100082,290,99916,190,100091,100,99915,100,100108,100,99903,100,100114,100,99889,100,100126,100,99885,100,100129,100,99883,100,100148,100,99878,100
2019-06-28 09:45:00.000000000,100017,222,99942,222,100023,219,99935,219,100067,219,99916,219,100082,200,99915,100,100091,100,99903,100,100108,100,99889,100,100114,100,99885,100,100126,100,99883,100,100129,100,99878,100,100148,100,99866,100
2019-06-28 09:45:00.563073136,100017,222,99942,222,100023,219,99935,219,100067,219,99916,219,100082,200,99915,100,100091,100,99903,100,100108,100,99889,100,100114,100,99885,100,100126,100,99883,100,100129,100,99878,100,100148,100,99866,100
2019-06-28 09:45:02.220522641,100012,100,99942,222,100017,222,99935,219,100023,219,99916,219,100067,219,99915,100,100082,200,99903,100,100091,100,99889,100,100108,100,99885,100,100114,100,99883,100,100126,100,99878,100,100129,100,99866,100
2019-06-28 09:45:10.000000000,100012,280,99942,280,100017,280,99935,280,100023,100,99916,100,100067,100,99915,100,100082,200,99903,100,100091,100,99889,100,100108,100,99885,100,100114,100,99883,100,100126,100,99878,100,100129,100,99866,100
2019-06-28 09:45:20.000000000,100012,222,99942,222,100017,219,99935,219,100023,219,99916,219,100067,100,99915,100,100082,200,99903,100,100091,100,99889,100,100108,100,99885,100,100114,100,99883,100,100126,100,99878,100,100129,100,99866,100
2019-06-28 09:45:30.000000000,100012,190,99942,190,100017,190,99935,190,100023,190,99916,190,100067,190,99915,190,100082,200,99903,100,100091,100,99889,100,100108,100,99885,100,100114,100,99883,100,100126,100,99878,100,100129,100,99866,100
2019-06-28 09:45:40.000000000,100012,280,99942,280,100017,280,99935,280,100023,100,99916,100,100067,100,99915,100,100082,200,99903,100,100091,100,99889,100,100108,100,99885,100,100114,100,99883,100,100126,100,99878,100,100129,100,99866,100
2019-06-28 09:45:40.591061879,100012,280,99942,280,100017,280,99935,280,100023,100,99916,100,100067,100,99915,100,100082,200,99903,100,100091,100,99889,100,100108,100,99885,100,100114,100,99883,100,100126,100,99878,100,100129,100,99866,100
2019-06-28 09:45:50.000000000,100012,222,99942,222,100017,219,99935,219,100023,219,99916,219,100067,100,99915,100,100082,200,99903,100,100091,100,99889,100,100108,100,99885,100,100114,100,99883,100,100126,100,99878,100,100129,100,99866,100
2019-06-28 09:46:00.000000000,100012,460,99942,460,100017,100,99935,100,100023,100,99916,100,100067,100,99915,100,100082,200,99903,100,100091,100,99889,100,100108,100,99885,100,100114,100,99883,100,100126,100,99878,100,100129,100,99866,100
2019-06-28 09:46:07.277150402,100012,460,99942,460,100017,100,99935,100,100023,100,99916,100,100067,100,99915,100,100082,200,99903,100,100091,100,99889,100,100108,100,99885,100,100114,100,99883,100,100126,100,99878,100,100129,100,99866,100
2019-06-28 09:46:10.000000000,100012,222,99942,222,100017,219,99935,219,100023,219,99916,219,100067,100,99915,100,100082,200,99903,100,100091,100,99889,100,100108,100,99885,100,100114,100,99883,100,100126,100,99878,100,100129,100,99866,100
2019-06-28 09:46:20.000000000,100012,190,99942,190,100017,190,99935,190,100023,190,99916,190,100067,190,99915,190,100082,200,99903,100,100091,100,99889,100,100108,100,99885,100,100114,100,99883,100,100126,100,99878,100,100129,100,99866,100
2019-06-28 09:46:30.000000000,100012,460,99942,460,100017,100,99935,100,100023,100,99916,100,100067,100,99915,100,100082,200,99903,100,100091,100,99889,100,100108,100,99885,100,100114,100,99883,100,100126,100,99878,100,100129,100,99866,100
2019-06-28 09:46:40.000000000,100012,190,99942,190,100017,190,99935,190,100023,190,99916,190,100067,190,99915,190,100082,200,99903,100,100091,100,99889,100,100108,100,99885,100,100114,100,99883,100,100126,100,99878,100,100129,100,99866,100
2019-06-28 09:46:50.000000000,100012,222,99942,222,100017,219,99935,219,100023,219,99916,219,100067,100,99915,100,100082,200,99903,100,100091,100,99889,100,100108,100,99885,100,100114,100,99883,100,100126,100,99878,100,100129,100,99866,100
2019-06-28 09:47:00.000000000,100012,460,99942,460,100017,100,99935,100,100023,100,99916,100,100067,100,99915,100,100082,200,99903,100,100091,100,99889,100,100108,100,99885,100,100114,100,99883,100,100126,100,99878,100,100129,100,99866,100
2019-06-28 09:47:10.000000000,100012,190,99942,190,100017,190,99935,190,100023,190,99916,190,100067,190,99915,190,100082,200,99903,100,100091,100,99889,100,100108,100,99885,100,100114,100,99883,100,100126,100,99878,100,100129,100,99866,100
2019-06-28 09:47:19.038512304,100012,290,99942,190,100017,190,99935,190,100023,190,99916,190,100067,190,99915,190,100082,200,99903,100,100091,100,99889,100,100108,100,99885,100,100114,100,99883,100,100126,100,99878,100,100129,100,99866,100
2019-06-28 09:47:20.000000000,100012,380,99942,280,100017,280,99935,280,100023,100,99916,100,100067,100,99915,100,100082,200,99903,100,100091,100,99889,100,100108,100,99885,100,100114,100,99883,100,100126,100,99878,100,100129,100,99866,100
2019-06-28 09:47:30.000000000,100012,560,99942,460,100017,100,99935,100,100023,100,99916,100,100067,100,99915,100,100082,200,99903,100,100091,100,99889,100,100108,100,99885,100,100114,100,99883,100,100126,100,99878,100,100129,100,99866,100
2019-06-28 09:47:31.510927439,100012,460,99942,460,100017,100,99935,100,100023,100,99916,100,100067,100,99915,100,100082,200,99903,100,100091,100,99889,100,100108,100,99885,100,100114,100,99883,100,100126,100,99878,100,100129,100,99866,100
2019-06-28 09:47:35.039068000,100012,460,99942,460,100017,100,99935,100,100023,100,99916,100,100067,100,99915,100,100082,200,99903,100,100091,100,99889,100,100108,100,99885,100,100114,100,99883,100,100126,100,99878,100,100129,100,99866,100
2019-06-28 09:47:36.596894184,100012,460,99942,460,100017,100,99935,100,100023,100,99916,100,100067,100,99915,100,100082,200,99903,100,100091,100,99889,100,100108,100,99885,100,100114,100,99883,100,100126,100,99878,100,100129,100,99866,100
2019-06-28 09:47:40.000000000,100012,190,99942,190,100017,190,99935,190,100023,190,99916,190,100067,190,99915,190,100082,200,99903,100,100091,100,99889,100,100108,100,99885,100,100114,100,99883,100,100126,100,99878,100,100129,100,99866,100
2019-06-28 09:47:50.000000000,100012,190,99942,190,100017,190,99935,190,100023,190,99916,190,100067,190,99915,190,100082,200,99903,100,100091,100,99889,100,100108,100,99885,100,100114,100,99883,100,100126,100,99878,100,100129,100,99866,100
2019-06-28 09:48:00.000000000,100012,280,99942,280,100017,280,99935,280,100023,100,99916,100,100067,100,99915,100,100082,200,99903,100,100091,100,99889,100,100108,100,99885,100,100114,100,99883,100,100126,100,99878,100,100129,100,99866,100
2019-06-28 09:48:10.000000000,100012,222,99942,222,100017,219,99935,219,100023,219,99916,219,100067,100,99915,100,100082,200,99903,100,100091,100,99889,100,100108,100,99885,100,100114,100,99883,100,100126,100,99878,100,100129,100,99866,100
2019-06-28 09:48:20.000000000,100012,280,99942,280,100017,280,99935,280,100023,100,99916,100,100067,100,99915,100,100082,200,99903,100,100091,100,99889,100,100108,100,99885,100,100114,100,99883,100,100126,100,99878,100,100129,100,99866,100
2019-06-28 09:48:30.000000000,100012,190,99942,190,100017,190,99935,190,100023,190,99916,190,100067,190,99915,190,100082,200,99903,100,100091,100,99889,100,100108,100,99885,100,100114,100,99883,100,100126,100,99878,100,100129,100,99866,100
2019-06-28 09:48:34.049080628,100012,190,99942,190,100017,190,99935,190,100023,90,99916,190,100067,190,99915,190,100082,200,99903,100,100091,100,99889,100,100108,100,99885,100,100114,100,99883,100,100126,100,99878,100,100129,100,99866,100
2019-06-28 09:48:36.844350666,100012,190,99942,90,100017,190,99935,190,100023,90,99916,190,100067,190,99915,190,100082,200,99903,100,100091,100,99889,100,100108,100,99885,100,100114,100,99883,100,100126,100,99866,100,100129,100,99863,100
2019-06-28 09:48:40.000000000,100012,190,99935,190,100017,190,99916,190,100067,190,99915,190,100082,290,99903,190,100091,100,99889,100,100108,100,99885,100,100114,100,99883,100,100126,100,99866,100,100129,100,99863,100,100148,100,99806,100
2019-06-28 09:48:50.000000000,100012,460,99935,460,100017,100,99916,100,100067,100,99915,100,100082,200,99903,100,100091,100,99889,100,100108,100,99885,100,100114,100,99883,100,100126,100,99866,100,100129,100,99863,100,100148,100,99806,100
2019-06-28 09:48:53.072151833,100011,100,99935,460,100012,460,99916,100,100017,100,99915,100,100067,100,99903,100,100082,200,99889,100,100091,100,99885,100,100108,100,99883,100,100114,100,99866,100,100126,100,99863,100,100129,100,99806,100
2019-06-28 09:49:00.000000000,100011,222,99935,222,100012,219,99916,219,100017,219,99915,219,100067,100,99903,100,100082,200,99889,100,100091,100,99885,100,100108,100,99883,100,100114,100,99866,100,100126,100,99863,100,100129,100,99806,100
2019-06-28 09:49:02.652959909,100011,222,99935,122,100012,219,99916,219,100017,219,99915,219,100067,100,99903,100,100082,200,99889,100,100108,100,99885,100,100114,100,99883,100,100126,100,99866,100,100129,100,99863,100,100148,100,99806,100
2019-06-28 09:49:10.000000000,100011,280,99916,280,100012,280,99915,280,100017,100,99903,100,100067,100,99889,100,100082,200,99885,100,100108,100,99883,100,100114,100,99866,100,100126,100,99863,100,100129,100,99806,100,100148,100,99586,100
2019-06-28 09:49:11.256441210,100011,280,99916,180,100012,280,99915,280,100017,100,99903,100,100067,100,99889,100,100082,200,99885,100,100108,100,99883,100,100114,100,99866,100,100126,100,99863,100,100129,100,99806,100,100148,100,99586,100
2019-06-28 09:49:15.386635472,100011,280,99916,80,100012,280,99915,280,100017,100,99903,100,100067,100,99889,100,100082,200,99885,100,100108,100,99883,100,100114,100,99866,100,100126,100,99863,100,100129,100,99806,100,100148,100,99586,100
2019-06-28 09:49:20.000000000,100011,280,99915,280,100012,280,99903,280,100017,100,99889,100,100067,100,99885,100,100082,200,99883,100,100108,100,99866,100,100114,100,99863,100,100126,100,99806,100,100129,100,99586,100,100148,100,99578,100
2019-06-28 09:49:30.000000000,100011,280,99915,280,100012,280,99903,280,100017,100,99889,100,100067,100,99885,100,100082,200,99883,100,100108,100,99866,100,100114,100,99863,100,100126,100,99806,100,100129,100,99586,100,100148,100,99578,100
2019-06-28 09:49:40.000000000,100011,172,99915,172,100012,172,99903,172,100017,172,99889,172,100067,172,99885,172,100082,272,99883,172,100108,100,99866,100,100114,100,99863,100,100126,100,99806,100,100129,100,99586,100,100148,100,99578,100
2019-06-28 09:49:41.934293901,100011,172,99915,172,100012,172,99903,172,100017,172,99889,172,100067,72,99885,172,100082,272,99883,172,100108,100,99866,100,100114,100,99863,100,100126,100,99806,100,100129,100,99586,100,100148,100,99578,100
2019-06-28 09:49:47.125094652,100011,172,99915,172,100012,172,99903,172,100017,172,99889,172,100067,72,99885,172,100082,272,99883,172,100114,100,99866,100,100126,100,99863,100,100129,100,99806,100,100148,100,99586,100,100176,100,99578,100
2019-06-28 09:49:50.000000000,100011,172,99915,172,100012,172,99903,172,100017,172,99889,172,100082,272,99885,172,100114,172,99883,172,100126,100,99866,100,100129,100,99863,100,100148,100,99806,100,100176,100,99586,100,100229,100,99578,100
2019-06-28 09:50:00.000000000,100011,222,99915,222,100012,219,99903,219,100017,219,99889,219,100082,200,99885,100,100114,100,99883,100,100126,100,99866,100,100129,100,99863,100,100148,100,99806,100,100176,100,99586,100,100229,100,99578,100
2019-06-28 09:50:04.304766911,100011,222,99915,122,100012,219,99903,219,100017,219,99889,219,100082,200,99885,100,100114,100,99883,100,100126,100,99866,100,100129,100,99863,100,100148,100,99806,100,100176,100,99586,100,100229,100,99578,100
2019-06-28 09:50:10.000000000,100011,460,99903,460,100012,100,99889,100,100017,100,99885,100,100082,200,99883,100,100114,100,99866,100,100126,100,99863,100,100129,100,99806,100,100148,100,99586,100,100176,100,99578,100,100229,100,99398,100
2019-06-28 09:50:20.000000000,100011,190,99903,190,100012,190,99889,190,100017,190,99885,190,100082,290,99883,190,100114,100,99866,100,100126,100,99863,100,100129,100,99806,100,100148,100,99586,100,100176,100,99578,100,100229,100,99398,100
2019-06-28 09:50:30.000000000,100011,460,99903,460,100012,100,99889,100,100017,100,99885,100,100082,200,99883,100,100114,100,99866,100,100126,100,99863,100,100129,100,99806,100,100148,100,99586,100,100176,100,99578,100,100229,100,99398,100
2019-06-28 09:50:32.442687839,100011,460,99903,360,100012,100,99889,100,100017,100,99885,100,100082,200,99883,100,100114,100,99866,100,100126,100,99863,100,100129,100,99806,100,100148,100,99586,100,100176,100,99578,100,100229,100,99398,100
2019-06-28 09:50:40.000000000,100011,172,99889,172,100012,172,99885,172,100017,172,99883,172,100082,272,99866,172,100114,172,99863,172,100126,100,99806,100,100129,100,99586,100,100148,100,99578,100,100176,100,99398,100,100229,100,99069,100
2019-06-28 09:50:50.000000000,100011,460,99889,460,100012,100,99885,100,100017,100,99883,100,100082,200,99866,100,100114,100,99863,100,100126,100,99806,100,100129,100,99586,100,100148,100,99578,100,100176,100,99398,100,100229,100,99069,100
2019-06-28 09:51:00.000000000,100011,222,99889,222,100012,219,99885,219,100017,219,99883,219,100082,200,99866,100,100114,100,99863,100,100126,100,99806,100,100129,100,99586,100,100148,100,99578,100,100176,100,99398,100,100229,100,99069,100
2019-06-28 09:51:10.000000000,100011,190,99889,190,100012,190,99885,190,100017,190,99883,190,100082,290,99866,190,100114,100,99863,100,100126,100,99806,100,100129,100,99586,100,100148,100,99578,100,100176,100,99398,100,100229,100,99069,100
2019-06-28 09:51:20.000000000,100011,280,99889,280,100012,280,99885,280,100017,100,99883,100,100082,200,99866,100,100114,100,99863,100,100126,100,99806,100,100129,100,99586,100,100148,100,99578,100,100176,100,99398,100,100229,100,99069,100
2019-06-28 09:51:20.636658796,99915,100,99889,280,100011,280,99885,280,100012,280,99883,100,100017,100,99866,100,100082,200,99863,100,100126,100,99806,100,100129,100,99586,100,100148,100,99578,100,100176,100,99398,100,100229,100,99069,100
2019-06-28 09:51:23.150901238,99915,200,99889,280,100011,280,99885,280,100012,280,99883,100,100017,100,99866,100,100082,200,99863,100,100126,100,99806,100,100129,100,99586,100,100148,100,99578,100,100176,100,99398,100,100229,100,99069,100
2019-06-28 09:51:30.000000000,99915,322,99889,222,100011,219,99885,219,100012,219,99883,219,100017,100,99866,100,100082,200,99863,100,100126,100,99806,100,100129,100,99586,100,100148,100,99578,100,100176,100,99398,100,100229,100,99069,100
2019-06-28 09:51:32.221596812,99915,322,99889,222,100011,219,99885,219,100012,219,99883,219,100017,100,99866,100,100082,200,99863,100,100126,100,99806,100,100129,100,99586,100,100148,100,99578,100,100176,100,99398,100,100229,100,99213,100
2019-06-28 09:51:40.000000000,99915,560,99889,460,100011,100,99885,100,100012,100,99883,100,100017,100,99866,100,100082,200,99863,100,100126,100,99806,100,100129,100,99586,100,100148,100,99578,100,100176,100,99398,100,100229,100,99213,100
2019-06-28 09:51:50.000000000,99915,380,99889,280,100011,280,99885,280,100012,100,99883,100,100017,100,99866,100,100082,200,99863,100,100126,100,99806,100,100129,100,99586,100,100148,100,99578,100,100176,100,99398,100,100229,100,99213,100
2019-06-28 09:52:00.000000000,99915,380,99889,280,100011,280,99885,280,100012,100,99883,100,100017,100,99866,100,100082,200,99863,100,100126,100,99806,100,100129,100,99586,100,100148,100,99578,100,100176,100,99398,100,100229,100,99213,100
2019-06-28 09:52:10.000000000,99915,322,99889,222,100011,219,99885,219,100012,219,99883,219,100017,100,99866,100,100082,200,99863,100,100126,100,99806,100,100129,100,99586,100,100148,100,99578,100,100176,100,99398,100,100229,100,99213,100
2019-06-28 09:52:20.000000000,99915,290,99889,190,100011,190,99885,190,100012,190,99883,190,100017,190,99866,190,100082,200,99863,100,100126,100,99806,100,100129,100,99586,100,100148,100,99578,100,100176,100,99398,100,100229,100,99213,100
2019-06-28 09:52:21.319604649,99915,290,99889,190,100011,190,99885,190,100012,190,99883,190,100017,190,99866,190,100082,200,99863,100,100129,100,99806,100,100148,100,99586,100,100176,100,99578,100,100229,100,99398,100,100319,200,99213,100
2019-06-28 09:52:22.751438031,99915,290,99889,190,100011,190,99885,190,100012,190,99883,190,100017,190,99866,190,100082,200,99863,100,100129,100,99806,100,100148,100,99586,100,100176,100,99398,100,100229,100,99213,100,100319,200,99069,100
2019-06-28 09:52:30.000000000,99915,380,99889,280,100011,280,99885,280,100012,100,99883,100,100017,100,99866,100,100082,200,99863,100,100129,100,99806,100,100148,100,99586,100,100176,100,99398,100,100229,100,99213,100,100319,200,99069,100
2019-06-28 09:52:34.359868747,99915,380,99889,280,100011,280,99885,280,100012,100,99883,100,100017,100,99866,100,100082,200,99863,100,100129,100,99806,100,100148,100,99586,100,100176,100,99398,100,100229,100,99221,100,100319,200,99213,100
2019-06-28 09:52:40.000000000,99915,290,99889,190,100011,190,99885,190,100012,190,99883,190,100017,190,99866,190,100082,200,99863,100,100129,100,99806,100,100148,100,99586,100,100176,100,99398,100,100229,100,99221,100,100319,200,99213,100
2019-06-28 09:52:50.000000000,99915,380,99889,280,100011,280,99885,280,100012,100,99883,100,100017,100,99866,100,100082,200,99863,100,100129,100,99806,100,100148,100,99586,100,100176,100,99398,100,100229,100,99221,100,100319,200,99213,100
2019-06-28 09:53:00.000000000,99915,380,99889,280,100011,280,99885,280,100012,100,99883,100,100017,100,99866,100,100082,200,99863,100,100129,100,99806,100,100148,100,99586,100,100176,100,99398,100,100229,100,99221,100,100319,200,99213,100
2019-06-28 09:53:10.000000000,99915,290,99889,190,100011,190,99885,190,100012,190,99883,190,100017,190,99866,190,100082,200,99863,100,100129,100,99806,100,100148,100,99586,100,100176,100,99398,100,100229,100,99221,100,100319,200,99213,100
2019-06-28 09:53:15.326465854,99915,290,99889,90,100011,190,99885,190,100012,190,99883,190,100017,190,99866,190,100082,200,99863,100,100129,100,99806,100,100148,100,99586,100,100176,100,99398,100,100229,100,99221,100,100319,200,99213,100
2019-06-28 09:53:20.000000000,99915,380,99885,280,100011,280,99883,280,100012,100,99866,100,100017,100,99863,100,100082,200,99806,100,100129,100,99586,100,100148,100,99398,100,100176,100,99221,100,100229,100,99213,100,100319,200,99069,100
2019-06-28 09:53:22.359444623,99915,380,99885,280,100011,280,99883,280,100012,100,99866,100,100017,100,99863,100,100082,200,99806,100,100129,100,99586,100,100148,100,99398,100,100176,100,99247,100,100229,100,99221,100,100319,200,99213,100
2019-06-28 09:53:30.000000000,99915,560,99885,460,100011,100,99883,100,100012,100,99866,100,100017,100,99863,100,100082,200,99806,100,100129,100,99586,100,100148,100,99398,100,100176,100,99247,100,100229,100,99221,100,100319,200,99213,100
2019-06-28 09:53:40.000000000,99915,290,99885,190,100011,190,99883,190,100012,190,99866,190,100017,190,99863,190,100082,200,99806,100,100129,100,99586,100,100148,100,99398,100,100176,100,99247,100,100229,100,99221,100,100319,200,99213,100
2019-06-28 09:53:50.000000000,99915,380,99885,280,100011,280,99883,280,100012,100,99866,100,100017,100,99863,100,100082,200,99806,100,100129,100,99586,100,100148,100,99398,100,100176,100,99247,100,100229,100,99221,100,100319,200,99213,100
2019-06-28 09:53:51.579297377,99915,380,99885,280,100011,280,99883,280,100012,100,99866,100,100017,100,99863,100,100082,200,99806,100,100129,100,99586,100,100148,100,99398,100,100176,100,99247,100,100229,100,99221,100,100319,200,99213,100
2019-06-28 09:54:00.000000000,99915,322,99885,222,100011,219,99883,219,100012,219,99866,219,100017,100,99863,100,100082,200,99806,100,100129,100,99586,100,100148,100,99398,100,100176,100,99247,100,100229,100,99221,100,100319,200,99213,100
2019-06-28 09:54:10.000000000,99915,290,99885,190,100011,190,99883,190,100012,190,99866,190,100017,190,99863,190,100082,200,99806,100,100129,100,99586,100,100148,100,99398,100,100176,100,99247,100,100229,100,99221,100,100319,200,99213,100
2019-06-28 09:54:20.000000000,99915,380,99885,280,100011,280,99883,280,100012,100,99866,100,100017,100,99863,100,100082,200,99806,100,100129,100,99586,100,100148,100,99398,100,100176,100,99247,100,100229,100,99221,100,100319,200,99213,100
2019-06-28 09:54:26.816644526,99915,380,99885,280,100011,280,99883,280,100012,100,99866,100,100017,100,99863,100,100082,200,99806,100,100129,100,99586,100,100148,100,99398,100,100176,100,99247,100,100229,100,99221,100,100319,200,99213,100
2019-06-28 09:54:30.000000000,99915,322,99885,222,100011,219,99883,219,100012,219,99866,219,100017,100,99863,100,100082,200,99806,100,100129,100,99586,100,100148,100,99398,100,100176,100,99247,100,100229,100,99221,100,100319,200,99213,100
2019-06-28 09:54:36.740575362,99903,100,99885,222,99915,322,99883,219,100011,219,99866,219,100012,119,99863,100,100017,100,99806,100,100082,200,99586,100,100129,100,99398,100,100148,100,99247,100,100176,100,99221,100,100229,100,99213,100
2019-06-28 09:54:40.000000000,99903,460,99885,460,99915,200,99883,100,100011,100,99866,100,100017,100,99863,100,100082,200,99806,100,100129,100,99586,100,100148,100,99398,100,100176,100,99247,100,100229,100,99221,100,100319,200,99213,100
2019-06-28 09:54:45.192478545,99903,460,99885,460,99915,200,99883,100,100011,100,99866,100,100017,100,99863,100,100082,200,99806,100,100129,100,99586,100,100148,100,99398,100,100176,100,99247,100,100229,100,99221,100,100319,200,99069,100
2019-06-28 09:54:50.000000000,99903,222,99885,222,99915,319,99883,219,100011,219,99866,219,100017,100,99863,100,100082,200,99806,100,100129,100,99586,100,100148,100,99398,100,100176,100,99247,100,100229,100,99221,100,100319,200,99069,100
2019-06-28 09:55:00.000000000,99903,172,99885,172,99915,272,99883,172,100011,172,99866,172,100017,172,99863,172,100082,272,99806,172,100129,100,99586,100,100148,100,99398,100,100176,100,99247,100,100229,100,99221,100,100319,200,99069,100
2019-06-28 09:55:01.626718622,99903,172,99885,172,99915,272,99883,172,100011,172,99866,172,100017,172,99863,172,100082,272,99806,172,100129,100,99586,100,100148,100,99398,100,100176,100,99221,100,100229,100,99069,100,100319,200,99066,100
2019-06-28 09:55:10.000000000,99903,172,99885,172,99915,272,99883,172,100011,172,99866,172,100017,172,99863,172,100082,272,99806,172,100129,100,99586,100,100148,100,99398,100,100176,100,99221,100,100229,100,99069,100,100319,200,99066,100
2019-06-28 09:55:12.392208212,99903,172,99885,72,99915,272,99883,172,100011,172,99866,172,100017,172,99863,172,100082,272,99806,172,100129,100,99586,100,100148,100,99398,100,100176,100,99221,100,100229,100,99069,100,100319,200,99066,100
2019-06-28 09:55:20.000000000,99903,172,99883,172,99915,272,99866,172,100011,172,99863,172,100017,172,99806,172,100082,272,99586,172,100129,100,99398,100,100148,100,99221,100,100176,100,99069,100,100229,100,99066,100,100319,200,99053,100
2019-06-28 09:55:29.095063004,99903,172,99883,72,99915,272,99866,172,100011,172,99863,172,100017,172,99806,172,100082,272,99586,172,100129,100,99398,100,100148,100,99221,100,100176,100,99069,100,100229,100,99066,100,100319,200,99053,100
2019-06-28 09:55:30.000000000,99903,172,99866,172,99915,272,99863,172,100011,172,99806,172,100017,172,99586,172,100082,272,99398,172,100129,100,99221,100,100148,100,99069,100,100176,100,99066,100,100229,100,99053,100,100319,200,99033,100
2019-06-28 09:55:33.362700231,99903,172,99866,72,99915,272,99863,172,100011,172,99806,172,100017,172,99586,172,100082,272,99398,172,100129,100,99221,100,100148,100,99069,100,100176,100,99066,100,100229,100,99053,100,100319,200,99033,100
2019-06-28 09:55:40.000000000,99903,190,99863,190,99915,290,99806,190,100011,190,99586,190,100017,190,99398,190,100082,200,99221,100,100129,100,99069,100,100148,100,99066,100,100176,100,99053,100,100229,100,99033,100,100319,200,98959,100
2019-06-28 09:55:50.000000000,99903,222,99863,222,99915,319,99806,219,100011,219,99586,219,100017,100,99398,100,100082,200,99221,100,100129,100,99069,100,100148,100,99066,100,100176,100,99053,100,100229,100,99033,100,100319,200,98959,100
2019-06-28 09:55:56.039322470,99883,100,99863,222,99903,222,99806,219,99915,319,99586,219,100011,119,99398,100,100017,100,99221,100,100082,200,99069,100,100129,100,99066,100,100148,100,99053,100,100176,100,99033,100,100229,100,98959,100
2019-06-28 09:56:00.000000000,99883,172,99863,172,99903,172,99806,172,99915,272,99586,172,100017,172,99398,172,100082,272,99221,172,100129,100,99069,100,100148,100,99066,100,100176,100,99053,100,100229,100,99033,100,100319,200,98959,100
2019-06-28 09:56:01.279681889,99883,172,99863,172,99903,172,99806,172,99915,272,99586,172,100017,172,99398,172,100082,272,99221,172,100129,100,99069,100,100148,100,99066,100,100176,100,99053,100,100229,100,99033,100,100319,200,98959,100
2019-06-28 09:56:10.000000000,99883,190,99863,190,99903,190,99806,190,99915,290,99586,190,100017,190,99398,190,100082,200,99221,100,100129,100,99069,100,100148,100,99066,100,100176,100,99053,100,100229,100,99033,100,100319,200,98959,100
2019-06-28 09:56:20.000000000,99883,222,99863,222,99903,219,99806,219,99915,319,99586,219,100017,100,99398,100,100082,200,99221,100,100129,100,99069,100,100148,100,99066,100,100176,100,99053,100,100229,100,99033,100,100319,200,98959,100
2019-06-28 09:56:30.000000000,99883,460,99863,460,99903,100,99806,100,99915,200,99586,100,100017,100,99398,100,100082,200,99221,100,100129,100,99069,100,100148,100,99066,100,100176,100,99053,100,100229,100,99033,100,100319,200,98959,100
2019-06-28 09:56:40.000000000,99883,190,99863,190,99903,190,99806,190,99915,290,99586,190,100017,190,99398,190,100082,200,99221,100,100129,100,99069,100,100148,100,99066,100,100176,100,99053,100,100229,100,99033,100,100319,200,98959,100
2019-06-28 09:56:50.000000000,99883,460,99863,460,99903,100,99806,100,99915,200,99586,100,100017,100,99398,100,100082,200,99221,100,100129,100,99069,100,100148,100,99066,100,100176,100,99053,100,100229,100,99033,100,100319,200,98959,100
2019-06-28 09:57:00.000000000,99883,172,99863,172,99903,172,99806,172,99915,272,99586,172,100017,172,99398,172,100082,272,99221,172,100129,100,99069,100,100148,100,99066,100,100176,100,99053,100,100229,100,99033,100,100319,200,98959,100
2019-06-28 09:57:10.000000000,99883,172,99863,172,99903,172,99806,172,99915,272,99586,172,100017,172,99398,172,100082,272,99221,172,100129,100,99069,100,100148,100,99066,100,100176,100,99053,100,100229,100,99033,100,100319,200,98959,100
2019-06-28 09:57:12.558773366,99883,172,99863,72,99903,172,99806,172,99915,272,99586,172,100017,172,99398,172,100082,272,99221,172,100129,100,99069,100,100148,100,99066,100,100176,100,99053,100,100229,100,99033,100,100319,200,98959,100
2019-06-28 09:57:20.000000000,99883,172,99806,172,99903,172,99586,172,99915,272,99398,172,100017,172,99221,172,100082,272,99069,172,100129,100,99066,100,100148,100,99053,100,100176,100,99033,100,100229,100,98959,100,100319,200,98821,100
2019-06-28 09:57:30.000000000,99883,222,99806,222,99903,219,99586,219,99915,319,99398,219,100017,100,99221,100,100082,200,99069,100,100129,100,99066,100,100148,100,99053,100,100176,100,99033,100,100229,100,98959,100,100319,200,98821,100
2019-06-28 09:57:31.492452035,99883,222,99806,22,99903,219,99586,219,99915,319,99398,219,100017,100,99221,100,100082,200,99069,100,100129,100,99066,100,100148,100,99053,100,100176,100,99033,100,100229,100,98959,100,100319,200,98821,100
2019-06-28 09:57:40.000000000,99883,460,99586,460,99903,100,99398,100,99915,200,99221,100,100017,100,99069,100,100082,200,99066,100,100129,100,99053,100,100148,100,99033,100,100176,100,98959,100,100229,100,98821,100,100319,200,98676,100
2019-06-28 09:57:50.000000000,99883,190,99586,190,99903,190,99398,190,99915,290,99221,190,100017,190,99069,190,100082,200,99066,100,100129,100,99053,100,100148,100,99033,100,100176,100,98959,100,100229,100,98821,100,100319,200,98676,100
2019-06-28 09:57:51.876339258,99863,100,99586,190,99883,190,99398,190,99903,190,99221,190,99915,290,99069,190,100017,90,99066,100,100082,200,99053,100,100129,100,99033,100,100148,100,98959,100,100176,100,98821,100,100229,100,98676,100
2019-06-28 09:57:56.215964091,99863,100,99586,90,99883,190,99398,190,99903,190,99221,190,99915,290,99069,190,100017,90,99066,100,100082,200,99053,100,100129,100,99033,100,100148,100,98959,100,100176,100,98821,100,100229,100,98676,100
2019-06-28 09:58:00.000000000,99863,280,99398,280,99883,280,99221,280,99903,100,99069,100,99915,200,99066,100,100082,200,99053,100,100129,100,99033,100,100148,100,98959,100,100176,100,98821,100,100229,100,98676,100,100319,200,98621,100
2019-06-28 09:58:05.253888845,99863,280,99398,280,99883,280,99224,100,99903,100,99221,280,99915,200,99069,100,100082,200,99066,100,100129,100,99053,100,100148,100,99033,100,100176,100,98959,100,100229,100,98821,100,100319,200,98676,100
2019-06-28 09:58:10.000000000,99863,460,99398,460,99883,100,99224,100,99903,100,99221,100,99915,200,99069,100,100082,200,99066,100,100129,100,99053,100,100148,100,99033,100,100176,100,98959,100,100229,100,98821,100,100319,200,98676,100
2019-06-28 09:58:20.000000000,99863,280,99398,280,99883,280,99224,280,99903,100,99221,100,99915,200,99069,100,100082,200,99066,100,100129,100,99053,100,100148,100,99033,100,100176,100,98959,100,100229,100,98821,100,100319,200,98676,100
2019-06-28 09:58:23.211847354,99806,100,99398,280,99863,280,99224,280,99883,180,99221,100,99903,100,99069,100,99915,200,99066,100,100082,200,99053,100,100129,100,99033,100,100148,100,98959,100,100176,100,98821,100,100229,100,98676,100
2019-06-28 09:58:30.000000000,99806,222,99398,222,99863,219,99224,219,99903,219,99221,219,99915,200,99069,100,100082,200,99066,100,100129,100,99053,100,100148,100,99033,100,100176,100,98959,100,100229,100,98821,100,100319,200,98676,100
2019-06-28 09:58:33.054857618,99806,322,99398,222,99863,219,99224,219,99903,219,99221,219,99915,200,99069,100,100082,200,99066,100,100129,100,99053,100,100148,100,99033,100,100176,100,98959,100,100229,100,98821,100,100319,200,98676,100
2019-06-28 09:58:40.000000000,99806,380,99398,280,99863,280,99224,280,99903,100,99221,100,99915,200,99069,100,100082,200,99066,100,100129,100,99053,100,100148,100,99033,100,100176,100,98959,100,100229,100,98821,100,100319,200,98676,100
2019-06-28 09:58:49.016435920,99711,100,99398,280,99806,380,99224,280,99863,280,99221,100,99903,100,99069,100,99915,200,99066,100,100082,200,99053,100,100129,100,99033,100,100148,100,98959,100,100176,100,98821,100,100229,100,98676,100
2019-06-28 09:58:49.155980621,99711,100,99565,100,99806,380,99398,280,99863,280,99224,280,99903,100,99221,100,99915,200,99069,100,100082,200,99066,100,100129,100,99053,100,100148,100,99033,100,100176,100,98959,100,100229,100,98676,100
2019-06-28 09:58:50.000000000,99711,190,99565,190,99806,290,99398,190,99863,190,99224,190,99903,190,99221,190,99915,200,99069,100,100082,200,99066,100,100129,100,99053,100,100148,100,99033,100,100176,100,98959,100,100229,100,98676,100
2019-06-28 09:58:56.910356130,99711,190,99565,190,99806,390,99398,190,99863,190,99224,190,99903,190,99221,190,99915,200,99069,100,100082,200,99066,100,100129,100,99053,100,100148,100,99033,100,100176,100,98959,100,100229,100,98676,100
2019-06-28 09:59:00.000000000,99711,172,99565,172,99806,372,99398,172,99863,172,99224,172,99903,172,99221,172,99915,272,99069,172,100082,200,99066,100,100129,100,99053,100,100148,100,99033,100,100176,100,98959,100,100229,100,98676,100
2019-06-28 09:59:10.000000000,99711,172,99565,172,99806,372,99398,172,99863,172,99224,172,99903,172,99221,172,99915,272,99069,172,100082,200,99066,100,100129,100,99053,100,100148,100,99033,100,100176,100,98959,100,100229,100,98676,100
2019-06-28 09:59:10.137305348,99711,172,99587,100,99806,372,99565,172,99863,172,99398,172,99903,172,99224,172,99915,272,99221,172,100082,200,99069,172,100129,100,99066,100,100148,100,99053,100,100176,100,99033,100,100229,100,98959,100
2019-06-28 09:59:16.109874952,99711,172,99587,100,99806,372,99565,172,99863,172,99398,172,99903,172,99224,172,99907,100,99221,172,99915,272,99069,172,100082,200,99066,100,100129,100,99053,100,100148,100,99033,100,100176,100,98959,100
2019-06-28 09:59:20.000000000,99711,222,99587,222,99806,419,99565,219,99863,219,99398,219,99903,100,99224,100,99907,100,99221,100,99915,200,99069,100,100082,200,99066,100,100129,100,99053,100,100148,100,99033,100,100176,100,98959,100
2019-06-28 09:59:21.421764483,99711,122,99587,222,99806,419,99565,219,99863,219,99398,219,99903,100,99224,100,99907,100,99221,100,99915,200,99069,100,100082,200,99066,100,100129,100,99053,100,100148,100,99033,100,100176,100,98959,100
2019-06-28 09:59:30.000000000,99806,660,99587,460,99863,100,99565,100,99903,100,99398,100,99907,100,99224,100,99915,200,99221,100,100082,200,99069,100,100129,100,99066,100,100148,100,99053,100,100176,100,99033,100,100229,100,98959,100
2019-06-28 09:59:30.675538230,99806,660,99700,100,99863,100,99587,460,99903,100,99565,100,99907,100,99398,100,99915,200,99224,100,100082,200,99221,100,100129,100,99069,100,100148,100,99066,100,100176,100,99053,100,100229,100,99033,100
2019-06-28 09:59:31.779152322,99806,660,99587,460,99863,100,99565,100,99903,100,99398,100,99907,100,99224,100,99915,200,99221,100,100082,100,99069,100,100129,100,99066,100,100148,100,99053,100,100176,100,99033,100,100229,100,98959,100
2019-06-28 09:59:40.000000000,99806,390,99587,190,99863,190,99565,190,99903,190,99398,190,99907,190,99224,190,99915,200,99221,100,100082,100,99069,100,100129,100,99066,100,100148,100,99053,100,100176,100,99033,100,100229,100,98959,100
2019-06-28 09:59:50.000000000,99806,422,99587,222,99863,219,99565,219,99903,219,99398,219,99907,100,99224,100,99915,200,99221,100,100082,100,99069,100,100129,100,99066,100,100148,100,99053,100,100176,100,99033,100,100229,100,98959,100
2019-06-28 10:00:00.000000000,99806,390,99587,190,99863,190,99565,190,99903,190,99398,190,99907,190,99224,190,99915,200,99221,100,100082,100,99069,100,100129,100,99066,100,100148,100,99053,100,100176,100,99033,100,100229,100,98959,100
2019-06-28 10:00:10.000000000,99806,390,99587,190,99863,190,99565,190,99903,190,99398,190,99907,190,99224,190,99915,200,99221,100,100082,100,99069,100,100129,100,99066,100,100148,100,99053,100,100176,100,99033,100,100229,100,98959,100
2019-06-28 10:00:20.000000000,99806,390,99587,190,99863,190,99565,190,99903,190,99398,190,99907,190,99224,190,99915,200,99221,100,100082,100,99069,100,100129,100,99066,100,100148,100,99053,100,100176,100,99033,100,100229,100,98959,100
2019-06-28 10:00:30.000000000,99806,480,99587,280,99863,280,99565,280,99903,100,99398,100,99907,100,99224,100,99915,200,99221,100,100082,100,99069,100,100129,100,99066,100,100148,100,99053,100,100176,100,99033,100,100229,100,98959,100
2019-06-28 10:00:40.000000000,99806,422,99587,222,99863,219,99565,219,99903,219,99398,219,99907,100,99224,100,99915,200,99221,100,100082,100,99069,100,100129,100,99066,100,100148,100,99053,100,100176,100,99033,100,100229,100,98959,100
2019-06-28 10:00:48.470084540,99806,422,99587,122,99863,219,99565,219,99903,219,99398,219,99907,100,99224,100,99915,200,99221,100,100082,100,99069,100,100129,100,99066,100,100148,100,99033,100,100176,100,98959,100,100229,100,98676,100
2019-06-28 10:00:50.000000000,99806,480,99565,280,99863,280,99398,280,99903,100,99224,100,99907,100,99221,100,99915,200,99069,100,100082,100,99066,100,100129,100,99033,100,100148,100,98959,100,100176,100,98676,100,100229,100,98621,100
2019-06-28 10:00:57.390898506,99806,480,99565,180,99863,280,99398,280,99903,100,99224,100,99907,100,99221,100,99915,200,99069,100,100082,100,99066,100,100129,100,99033,100,100148,100,98959,100,100176,100,98676,100,100229,100,98621,100
2019-06-28 10:01:00.000000000,99806,660,99398,460,99863,100,99224,100,99903,100,99221,100,99907,100,99069,100,99915,200,99066,100,100082,100,99033,100,100129,100,98959,100,100148,100,98676,100,100176,100,98621,100,100229,100,98611,100
2019-06-28 10:01:10.000000000,99806,372,99398,172,99863,172,99224,172,99903,172,99221,172,99907,172,99069,172,99915,272,99066,172,100082,100,99033,100,100129,100,98959,100,100148,100,98676,100,100176,100,98621,100,100229,100,98611,100
2019-06-28 10:01:18.217927516,99806,372,99398,72,99863,172,99224,172,99903,172,99221,172,99907,172,99069,172,99915,272,99066,172,100082,100,99033,100,100129,100,98959,100,100148,100,98676,100,100176,100,98621,100,100229,100,98612,100
2019-06-28 10:01:20.000000000,99806,422,99224,222,99863,219,99221,219,99903,219,99069,219,99907,100,99066,100,99915,200,99033,100,100082,100,98959,100,100129,100,98676,100,100148,100,98621,100,100176,100,98612,100,100229,100,98611,100
2019-06-28 10:01:26.945462659,99806,422,99224,122,99863,219,99221,219,99903,219,99069,219,99915,200,99066,100,100082,100,99033,100,100129,100,98959,100,100148,100,98676,100,100176,100,98621,100,100229,100,98612,100,100319,100,98611,100
2019-06-28 10:01:30.000000000,99806,660,99221,460,99863,100,99069,100,99903,100,99066,100,99915,200,99033,100,100082,100,98959,100,100129,100,98676,100,100148,100,98621,100,100176,100,98612,100,100229,100,98611,100,100319,100,98601,100
2019-06-28 10:01:32.797576110,99806,660,99221,460,99863,100,99069,100,99903,100,99066,100,99915,200,99033,100,100082,100,98959,100,100129,100,98766,100,100148,100,98676,100,100176,100,98621,100,100229,100,98612,100,100319,100,98611,100
2019-06-28 10:01:40.000000000,99806,390,99221,190,99863,190,99069,190,99903,190,99066,190,99915,290,99033,190,100082,100,98959,100,100129,100,98766,100,100148,100,98676,100,100176,100,98621,100,100229,100,98612,100,100319,100,98611,100
2019-06-28 10:01:50.000000000,99806,660,99221,460,99863,100,99069,100,99903,100,99066,100,99915,200,99033,100,100082,100,98959,100,100129,100,98766,100,100148,100,98676,100,100176,100,98621,100,100229,100,98612,100,100319,100,98611,100
2019-06-28 10:02:00.000000000,99806,390,99221,190,99863,190,99069,190,99903,190,99066,190,99915,290,99033,190,100082,100,98959,100,100129,100,98766,100,100148,100,98676,100,100176,100,98621,100,100229,100,98612,100,100319,100,98611,100
2019-06-28 10:02:04.168379422,99565,100,99221,190,99806,390,99069,190,99863,190,99066,190,99903,190,99033,190,99915,290,98959,100,100082,100,98766,100,100129,100,98676,100,100148,100,98621,100,100176,100,98612,100,100229,100,98611,100
2019-06-28 10:02:10.000000000,99565,222,99221,222,99806,419,99069,219,99863,219,99066,219,99903,100,99033,100,99915,200,98959,100,100082,100,98766,100,100129,100,98676,100,100148,100,98621,100,100176,100,98612,100,100229,100,98611,100
2019-06-28 10:02:10.286395055,99565,222,99221,122,99806,419,99069,219,99863,219,99066,219,99903,100,99033,100,99915,200,98959,100,100082,100,98766,100,100129,100,98676,100,100148,100,98621,100,100176,100,98612,100,100319,100,98611,100
2019-06-28 10:02:17.609691044,99565,222,99221,122,99806,419,99069,219,99863,219,99066,219,99903,100,99033,100,99915,200,98959,100,100082,100,98844,100,100129,100,98766,100,100148,100,98676,100,100176,100,98621,100,100319,100,98612,100
2019-06-28 10:02:20.000000000,99565,222,99069,222,99806,419,99066,219,99863,219,99033,219,99903,100,98959,100,99915,200,98844,100,100082,100,98766,100,100129,100,98676,100,100148,100,98621,100,100176,100,98612,100,100319,100,98611,100
2019-06-28 10:02:28.581711686,99127,100,99069,222,99565,222,99066,219,99806,419,99033,219,99863,219,98959,100,99903,100,98844,100,99915,200,98766,100,100082,100,98676,100,100129,100,98621,100,100148,100,98612,100,100176,100,98611,100
2019-06-28 10:02:30.000000000,99127,460,99069,460,99565,100,99066,100,99806,300,99033,100,99863,100,98959,100,99903,100,98844,100,99915,200,98766,100,100082,100,98676,100,100129,100,98621,100,100148,100,98612,100,100176,100,98611,100
2019-06-28 10:02:40.000000000,99127,222,99069,222,99565,219,99066,219,99806,419,99033,219,99863,100,98959,100,99903,100,98844,100,99915,200,98766,100,100082,100,98676,100,100129,100,98621,100,100148,100,98612,100,100176,100,98611,100
2019-06-28 10:02:50.000000000,99127,172,99069,172,99565,172,99066,172,99806,372,99033,172,99863,172,98959,172,99903,172,98844,172,99915,200,98766,100,100082,100,98676,100,100129,100,98621,100,100148,100,98612,100,100176,100,98611,100
2019-06-28 10:02:50.500900347,99127,172,99069,72,99565,172,99066,172,99806,372,99033,172,99863,172,98959,172,99903,172,98844,172,99915,200,98766,100,100082,100,98676,100,100129,100,98621,100,100148,100,98612,100,100176,100,98611,100
2019-06-28 10:03:00.000000000,99127,190,99066,190,99565,190,99033,190,99806,390,98959,190,99863,190,98844,190,99903,100,98766,100,99915,200,98676,100,100082,100,98621,100,100129,100,98612,100,100148,100,98611,100,100176,100,98601,100
2019-06-28 10:03:05.849573053,99127,190,99066,190,99565,190,99033,190,99806,390,98959,190,99863,190,98844,190,99903,100,98766,100,99915,200,98676,100,100082,100,98621,100,100129,100,98612,100,100148,100,98611,100,100176,100,98601,100
2019-06-28 10:03:10.000000000,99127,172,99066,172,99565,172,99033,172,99806,372,98959,172,99863,172,98844,172,99903,172,98766,172,99915,200,98676,100,100082,100,98621,100,100129,100,98612,100,100148,100,98611,100,100176,100,98601,100
2019-06-28 10:03:20.000000000,99127,222,99066,222,99565,219,99033,219,99806,419,98959,219,99863,100,98844,100,99903,100,98766,100,99915,200,98676,100,100082,100,98621,100,100129,100,98612,100,100148,100,98611,100,100176,100,98601,100
2019-06-28 10:03:30.000000000,99127,172,99066,172,99565,172,99033,172,99806,372,98959,172,99863,172,98844,172,99903,172,98766,172,99915,200,98676,100,100082,100,98621,100,100129,100,98612,100,100148,100,98611,100,100176,100,98601,100
2019-06-28 10:03:36.958724127,99127,172,99066,172,99565,172,99033,172,99806,372,98959,172,99863,172,98844,172,99903,172,98766,172,99915,200,98676,100,100082,100,98621,100,100129,100,98612,100,100176,100,98611,100,100319,100,98601,100
2019-06-28 10:03:40.000000000,99127,190,99066,190,99565,190,99033,190,99806,390,98959,190,99863,190,98844,190,99903,100,98766,100,99915,200,98676,100,100082,100,98621,100,100129,100,98612,100,100176,100,98611,100,100319,100,98601,100
2019-06-28 10:03:50.000000000,99127,172,99066,172,99565,172,99033,172,99806,372,98959,172,99863,172,98844,172,99903,172,98766,172,99915,200,98676,100,100082,100,98621,100,100129,100,98612,100,100176,100,98611,100,100319,100,98601,100
2019-06-28 10:03:54.141532569,99127,172,99066,72,99565,172,99033,172,99806,372,98959,172,99863,172,98844,172,99903,172,98766,172,99915,200,98676,100,100082,100,98621,100,100129,100,98612,100,100176,100,98611,100,100319,100,98601,100
2019-06-28 10:04:00.000000000,99127,222,99033,222,99565,219,98959,219,99806,419,98844,219,99863,100,98766,100,99903,100,98676,100,99915,200,98621,100,100082,100,98612,100,100129,100,98611,100,100176,100,98601,100,100319,100,98587,100
2019-06-28 10:04:06.730680109,99127,222,99033,222,99565,219,98959,219,99806,419,98844,119,99863,100,98766,100,99903,100,98676,100,99915,200,98621,100,100082,100,98612,100,100129,100,98611,100,100176,100,98601,100,100319,100,98587,100
2019-06-28 10:04:10.000000000,99127,280,99033,280,99565,280,98959,280,99806,300,98766,100,99863,100,98676,100,99903,100,98621,100,99915,200,98612,100,100082,100,98611,100,100129,100,98601,100,100176,100,98587,100,100319,100,98519,100
2019-06-28 10:04:20.000000000,99127,280,99033,280,99565,280,98959,280,99806,300,98766,100,99863,100,98676,100,99903,100,98621,100,99915,200,98612,100,100082,100,98611,100,100129,100,98601,100,100176,100,98587,100,100319,100,98519,100
2019-06-28 10:04:30.000000000,99127,190,99033,190,99565,190,98959,190,99806,390,98766,190,99863,190,98676,190,99903,100,98621,100,99915,200,98612,100,100082,100,98611,100,100129,100,98601,100,100176,100,98587,100,100319,100,98519,100
2019-06-28 10:04:34.468744771,99127,190,99033,190,99565,190,98959,190,99806,390,98766,90,99863,190,98676,190,99903,100,98621,100,99915,200,98612,100,100082,100,98611,100,100129,100,98601,100,100176,100,98587,100,100319,100,98519,100
2019-06-28 10:04:34.925980391,99127,190,99033,90,99565,190,98959,190,99806,390,98766,90,99863,190,98676,190,99903,100,98621,100,99915,200,98612,100,100082,100,98611,100,100129,100,98601,100,100176,100,98587,100,100319,100,98519,100
2019-06-28 10:04:36.139467847,99127,190,99033,90,99565,190,98959,190,99806,390,98766,90,99863,190,98676,190,99903,100,98621,100,99915,200,98612,100,100082,100,98611,100,100129,100,98601,100,100176,100,98587,100,100319,100,98519,100
2019-06-28 10:04:40.000000000,99127,222,98959,222,99565,219,98676,219,99806,419,98621,219,99863,100,98612,100,99903,100,98611,100,99915,200,98601,100,100082,100,98587,100,100129,100,98519,100,100176,100,98399,200,100319,100,98225,100
2019-06-28 10:04:49.803349357,99127,222,98959,122,99565,219,98676,219,99806,419,98621,219,99863,100,98612,100,99903,100,98611,100,99915,200,98601,100,100082,100,98587,100,100129,100,98519,100,100176,100,98399,200,100319,100,98225,100
2019-06-28 10:04:50.000000000,99127,222,98676,222,99565,219,98621,219,99806,419,98612,219,99863,100,98611,100,99903,100,98601,100,99915,200,98587,100,100082,100,98519,100,100129,100,98399,200,100176,100,98225,100,100319,100,,
2019-06-28 10:04:50.940470390,99127,222,98676,122,99565,219,98621,219,99806,419,98612,219,99863,100,98611,100,99903,100,98601,100,99915,200,98587,100,100082,100,98519,100,100129,100,98399,200,100176,100,,,100319,100,,
2019-06-28 10:04:53.037811082,99127,222,98676,122,99565,219,98621,219,99806,419,98612,219,99863,100,98611,100,99903,100,98601,100,99915,200,98587,100,100082,100,98519,100,100129,100,98399,200,100176,100,98308,100,100319,100,,
2019-06-28 10:05:00.000000000,99127,172,98621,172,99565,172,98612,172,99806,372,98611,172,99863,172,98601,172,99903,172,98587,172,99915,200,98519,100,100082,100,98399,200,100129,100,98308,100,100176,100,,,100319,100,,
2019-06-28 10:05:00.295021702,99127,172,98621,172,99565,172,98612,172,99806,372,98611,172,99863,172,98601,172,99903,172,98587,172,99915,200,98519,100,100082,100,98399,200,100129,100,98389,100,100176,100,98308,100,100319,100,,
2019-06-28 10:05:07.920212946,98959,100,98621,172,99127,172,98612,172,99565,172,98611,172,99806,272,98601,172,99863,172,98587,172,99903,172,98519,100,99915,200,98399,200,100082,100,98389,100,100129,100,98308,100,100176,100,,
2019-06-28 10:05:09.943707208,98959,200,98621,172,99127,172,98612,172,99565,172,98611,172,99806,272,98601,172,99863,172,98587,172,99903,172,98519,100,99915,100,98399,200,100082,100,98389,100,100129,100,98308,100,100176,100,,
2019-06-28 10:05:10.000000000,98959,560,98621,460,99127,100,98612,100,99565,100,98611,100,99806,200,98601,100,99863,100,98587,100,99903,100,98519,100,99915,100,98399,200,100082,100,98389,100,100129,100,98308,100,100176,100,,
2019-06-28 10:05:13.907868264,98959,560,98621,360,99127,100,98612,100,99565,100,98611,100,99806,200,98601,100,99863,100,98587,100,99903,100,98519,100,99915,100,98399,200,100082,100,98389,100,100129,100,98308,100,100176,100,,
2019-06-28 10:05:20.000000000,98959,380,98612,280,99127,280,98611,280,99565,100,98601,100,99806,200,98587,100,99863,100,98519,100,99903,100,98399,200,99915,100,98389,100,100082,100,98308,100,100129,100,,,100176,100,,
2019-06-28 10:05:28.174567444,98959,380,98612,180,99127,280,98611,280,99565,100,98601,100,99806,200,98587,100,99863,100,98519,100,99903,100,98399,200,99915,100,98389,100,100082,100,98308,100,100129,100,,,100176,100,,
2019-06-28 10:05:30.000000000,98959,560,98611,460,99127,100,98601,100,99565,100,98587,100,99806,200,98519,100,99863,100,98399,200,99903,100,98389,100,99915,100,98308,100,100082,100,,,100129,100,,,100176,100,,
2019-06-28 10:05:40.000000000,98959,380,98611,280,99127,280,98601,280,99565,100,98587,100,99806,200,98519,100,99863,100,98399,200,99903,100,98389,100,99915,100,98308,100,100082,100,,,100129,100,,,100176,100,,
2019-06-28 10:05:42.464112654,98959,380,98611,280,99127,280,98601,280,99565,100,98587,100,99806,200,98519,100,99863,100,98495,100,99903,100,98399,100,99915,100,98389,100,100082,100,98308,100,100129,100,,,100176,100,,
2019-06-28 10:05:50.000000000,98959,272,98611,172,99127,172,98601,172,99565,172,98587,172,99806,272,98519,172,99863,172,98495,172,99903,100,98399,100,99915,100,98389,100,100082,100,98308,100,100129,100,,,100176,100,,
2019-06-28 10:06:00.000000000,98959,560,98611,460,99127,100,98601,100,99565,100,98587,100,99806,200,98519,100,99863,100,98495,100,99903,100,98399,100,99915,100,98389,100,100082,100,98308,100,100129,100,,,100176,100,,
2019-06-28 10:06:10.000000000,98959,560,98611,460,99127,100,98601,100,99565,100,98587,100,99806,200,98519,100,99863,100,98495,100,99903,100,98399,100,99915,100,98389,100,100082,100,98308,100,100129,100,,,100176,100,,
2019-06-28 10:06:20.000000000,98959,380,98611,280,99127,280,98601,280,99565,100,98587,100,99806,200,98519,100,99863,100,98495,100,99903,100,98399,100,99915,100,98389,100,100082,100,98308,100,100129,100,,,100176,100,,
2019-06-28 10:06:20.846713714,98959,280,98622,100,99127,280,98611,280,99565,100,98601,280,99806,200,98587,100,99863,100,98519,100,99903,100,98495,100,99915,100,98399,100,100082,100,98389,100,100129,100,98308,100,100176,100,,
2019-06-28 10:06:27.303005831,98872,100,98622,100,98959,280,98611,280,99127,280,98601,280,99565,100,98587,100,99806,200,98495,100,99863,100,98399,100,99903,100,98389,100,99915,100,98308,100,100082,100,,,100129,100,,
2019-06-28 10:06:30.000000000,98872,190,98622,190,98959,190,98611,190,99127,190,98601,190,99565,190,98587,190,99806,200,98495,100,99863,100,98399,100,99903,100,98389,100,99915,100,98308,100,100082,100,,,100129,100,,
2019-06-28 10:06:30.415014517,98812,100,98622,190,98872,190,98611,190,98959,190,98601,190,99127,190,98587,190,99565,190,98495,100,99806,200,98399,100,99863,100,98389,100,99903,100,98308,100,99915,100,,,100082,100,,
2019-06-28 10:06:32.192836554,98812,100,98779,100,98872,190,98622,190,98959,190,98611,190,99127,190,98601,190,99565,190,98587,190,99806,200,98495,100,99863,100,98399,100,99903,100,98389,100,99915,100,98308,100,100082,100,,
2019-06-28 10:06:40.000000000,98812,172,98779,172,98872,172,98622,172,98959,172,98611,172,99127,172,98601,172,99565,172,98587,172,99806,200,98495,100,99863,100,98399,100,99903,100,98389,100,99915,100,98308,100,100082,100,,
2019-06-28 10:06:44.420507178,98812,172,98779,172,98872,172,98622,172,98959,172,98611,172,99094,100,98601,172,99127,172,98587,172,99565,172,98495,100,99806,200,98399,100,99863,100,98389,100,99903,100,98308,100,99915,100,,
2019-06-28 10:06:50.000000000,98812,172,98779,172,98872,172,98622,172,98959,172,98611,172,99094,172,98601,172,99127,172,98587,172,99565,100,98495,100,99806,200,98399,100,99863,100,98389,100,99903,100,98308,100,99915,100,,
2019-06-28 10:07:00.000000000,98812,190,98779,190,98872,190,98622,190,98959,190,98611,190,99094,190,98601,190,99127,100,98587,100,99565,100,98495,100,99806,200,98399,100,99863,100,98389,100,99903,100,98308,100,99915,100,,
2019-06-28 10:07:00.717080925,98812,190,98779,190,98872,190,98622,190,98959,190,98611,190,99094,190,98601,190,99127,100,98587,100,99430,100,98495,100,99565,100,98399,100,99806,200,98389,100,99863,100,98308,100,99903,100,,
2019-06-28 10:07:10.000000000,98812,172,98779,172,98872,172,98622,172,98959,172,98611,172,99094,172,98601,172,99127,172,98587,172,99430,100,98495,100,99565,100,98399,100,99806,200,98389,100,99863,100,98308,100,99903,100,,
2019-06-28 10:07:20.000000000,98812,190,98779,190,98872,190,98622,190,98959,190,98611,190,99094,190,98601,190,99127,100,98587,100,99430,100,98495,100,99565,100,98399,100,99806,200,98389,100,99863,100,98308,100,99903,100,,
2019-06-28 10:07:30.000000000,98812,222,98779,222,98872,219,98622,219,98959,219,98611,219,99094,100,98601,100,99127,100,98587,100,99430,100,98495,100,99565,100,98399,100,99806,200,98389,100,99863,100,98308,100,99903,100,,
2019-06-28 10:07:33.183099397,98812,222,98779,222,98872,219,98622,219,98959,219,98611,219,99094,100,98601,100,99127,100,98587,100,99430,100,98495,100,99459,100,98399,100,99565,100,98389,100,99806,200,98308,100,99863,100,,
2019-06-28 10:07:40.000000000,98812,172,98779,172,98872,172,98622,172,98959,172,98611,172,99094,172,98601,172,99127,172,98587,172,99430,100,98495,100,99459,100,98399,100,99565,100,98389,100,99806,200,98308,100,99863,100,,
2019-06-28 10:07:50.000000000,98812,280,98779,280,98872,280,98622,280,98959,100,98611,100,99094,100,98601,100,99127,100,98587,100,99430,100,98495,100,99459,100,98399,100,99565,100,98389,100,99806,200,98308,100,99863,100,,
2019-06-28 10:07:55.824139497,98812,180,98779,280,98872,280,98622,280,98959,100,98611,100,99094,100,98601,100,99127,100,98587,100,99430,100,98495,100,99459,100,98399,100,99565,100,98389,100,99806,200,98308,100,99863,100,,
2019-06-28 10:08:00.000000000,98872,280,98779,280,98959,280,98622,280,99094,100,98611,100,99127,100,98601,100,99430,100,98587,100,99459,100,98495,100,99565,100,98399,100,99806,200,98389,100,99863,100,98308,100,99903,100,,
2019-06-28 10:08:10.000000000,98872,172,98779,172,98959,172,98622,172,99094,172,98611,172,99127,172,98601,172,99430,172,98587,172,99459,100,98495,100,99565,100,98399,100,99806,200,98389,100,99863,100,98308,100,99903,100,,
2019-06-28 10:08:14.755920491,98872,172,98779,172,98929,100,98622,172,98959,172,98611,172,99094,172,98601,172,99127,172,98587,172,99430,172,98495,100,99459,100,98399,100,99565,100,98389,100,99806,200,98308,100,99863,100,,
2019-06-28 10:08:20.000000000,98872,172,98779,172,98929,172,98622,172,98959,172,98611,172,99094,172,98601,172,99127,172,98587,172,99430,100,98495,100,99459,100,98399,100,99565,100,98389,100,99806,200,98308,100,99863,100,,
2019-06-28 10:08:30.000000000,98872,172,98779,172,98929,172,98622,172,98959,172,98611,172,99094,172,98601,172,99127,172,98587,172,99430,100,98495,100,99459,100,98399,100,99565,100,98389,100,99806,200,98308,100,99863,100,,
2019-06-28 10:08:40.000000000,98872,172,98779,172,98929,172,98622,172,98959,172,98611,172,99094,172,98601,172,99127,172,98587,172,99430,100,98495,100,99459,100,98399,100,99565,100,98389,100,99806,200,98308,100,99863,100,,
2019-06-28 10:08:46.404552252,98872,172,98779,172,98929,172,98622,172,98931,100,98611,172,98959,172,98601,172,99094,172,98587,172,99127,172,98495,100,99430,100,98399,100,99459,100,98389,100,99565,100,98308,100,99806,200,,
2019-06-28 10:08:46.834982310,98872,172,98779,172,98929,172,98622,172,98931,100,98611,172,98959,172,98601,172,99094,172,98587,172,99127,172,98549,100,99430,100,98495,100,99459,100,98399,100,99565,100,98389,100,99806,200,,
2019-06-28 10:08:50.000000000,98872,460,98779,460,98929,100,98622,100,98931,100,98611,100,98959,100,98601,100,99094,100,98587,100,99127,100,98549,100,99430,100,98495,100,99459,100,98399,100,99565,100,98389,100,99806,200,,
2019-06-28 10:09:00.000000000,98872,172,98779,172,98929,172,98622,172,98931,172,98611,172,98959,172,98601,172,99094,172,98587,172,99127,100,98549,100,99430,100,98495,100,99459,100,98399,100,99565,100,98389,100,99806,200,,
2019-06-28 10:09:10.000000000,98872,172,98779,172,98929,172,98622,172,98931,172,98611,172,98959,172,98601,172,99094,172,98587,172,99127,100,98549,100,99430,100,98495,100,99459,100,98399,100,99565,100,98389,100,99806,200,,
2019-06-28 10:09:17.779318002,98811,100,98779,172,98872,172,98622,172,98929,172,98611,172,98931,172,98601,172,98959,172,98587,172,99094,172,98549,100,99127,100,98495,100,99430,100,98399,100,99459,100,98389,100,99565,100,,
2019-06-28 10:09:20.000000000,98811,190,98779,190,98872,190,98622,190,98929,190,98611,190,98931,190,98601,190,98959,100,98587,100,99094,100,98549,100,99127,100,98495,100,99430,100,98399,100,99459,100,98389,100,99565,100,,
2019-06-28 10:09:30.000000000,98811,460,98779,460,98872,100,98622,100,98929,100,98611,100,98931,100,98601,100,98959,100,98587,100,99094,100,98549,100,99127,100,98495,100,99430,100,98399,100,99459,100,98389,100,99565,100,,
2019-06-28 10:09:40.000000000,98811,172,98779,172,98872,172,98622,172,98929,172,98611,172,98931,172,98601,172,98959,172,98587,172,99094,100,98549,100,99127,100,98495,100,99430,100,98399,100,99459,100,98389,100,99565,100,,
2019-06-28 10:09:50.000000000,98811,172,98779,172,98872,172,98622,172,98929,172,98611,172,98931,172,98601,172,98959,172,98587,172,99094,100,98549,100,99127,100,98495,100,99430,100,98399,100,99459,100,98389,100,99565,100,,
2019-06-28 10:09:56.249149017,98791,100,98779,172,98811,172,98622,172,98872,172,98611,172,98929,172,98601,172,98931,172,98587,172,98959,172,98549,100,99094,100,98495,100,99127,100,98399,100,99430,100,98389,100,99459,100,,
