,ask_price_1,ask_size_1,bid_price_1,bid_size_1,ask_price_2,ask_size_2,bid_price_2,bid_size_2,ask_price_3,ask_size_3,bid_price_3,bid_size_3,ask_price_4,ask_size_4,bid_price_4,bid_size_4,ask_price_5,ask_size_5,bid_price_5,bid_size_5,ask_price_6,ask_size_6,bid_price_6,bid_size_6,ask_price_7,ask_size_7,bid_price_7,bid_size_7,ask_price_8,ask_size_8,bid_price_8,bid_size_8,ask_price_9,ask_size_9,bid_price_9,bid_size_9,ask_price_10,ask_size_10,bid_price_10,bid_size_10
2019-06-28 09:30:00.000000000,,,100066,100,,,,,,,,,,,,,,,,,,,,,,,,,,,,,,,,,,,,
2019-06-28 09:30:00.000000002,,,99880,100,,,,,,,,,,,,,,,,,,,,,,,,,,,,,,,,,,,,
2019-06-28 09:30:00.000000003,100043,100,99880,100,,,,,,,,,,,,,,,,,,,,,,,,,,,,,,,,,,,,
2019-06-28 09:30:00.000000005,100043,100,99880,100,100120,100,,,,,,,,,,,,,,,,,,,,,,,,,,,,,,,,,,
2019-06-28 09:30:00.000000009,100043,100,99998,100,100120,100,99880,100,,,,,,,,,,,,,,,,,,,,,,,,,,,,,,,,
2019-06-28 09:30:00.000000010,100043,100,99998,100,100054,100,99880,100,100120,100,,,,,,,,,,,,,,,,,,,,,,,,,,,,,,
2019-06-28 09:30:00.000000011,100043,100,99998,100,100054,100,99880,100,100075,100,,,100120,100,,,,,,,,,,,,,,,,,,,,,,,,,,
2019-06-28 09:30:00.000000013,100043,100,99998,100,100054,100,99880,100,100075,100,99777,100,100120,100,,,,,,,,,,,,,,,,,,,,,,,,,,
2019-06-28 09:30:00.000000015,100025,100,99998,100,100043,100,99880,100,100054,100,99777,100,100075,100,,,100120,100,,,,,,,,,,,,,,,,,,,,,,
2019-06-28 09:30:00.000000016,100025,100,99998,200,100043,100,99880,100,100054,100,99777,100,100075,100,,,100120,100,,,,,,,,,,,,,,,,,,,,,,
2019-06-28 09:30:00.000000020,100025,100,99998,200,100043,100,99880,100,100054,100,99777,100,100075,100,,,100077,100,,,100120,100,,,,,,,,,,,,,,,,,,
2019-06-28 09:30:00.000000021,100025,100,99998,300,100043,100,99880,100,100054,100,99777,100,100075,100,,,100077,100,,,100120,100,,,,,,,,,,,,,,,,,,
2019-06-28 09:30:00.000000023,100025,100,99998,200,100043,100,99880,100,100054,100,99777,100,100075,100,,,100077,100,,,100082,100,,,100120,100,,,,,,,,,,,,,,
2019-06-28 09:30:00.000000025,100025,100,99998,200,100043,100,99880,100,100054,100,99777,100,100075,100,,,100077,100,,,100082,100,,,100120,100,,,100131,100,,,,,,,,,,
2019-06-28 09:30:00.000000027,100025,100,99998,200,100043,100,99880,100,100054,100,99777,100,100075,100,,,100077,100,,,100082,100,,,100120,100,,,100121,100,,,100131,100,,,,,,
2019-06-28 09:30:00.000000029,100025,100,99998,200,100043,100,99956,100,100054,100,99880,100,100075,100,99777,100,100077,100,,,100082,100,,,100120,100,,,100121,100,,,100131,100,,,,,,
2019-06-28 09:30:00.000000031,100025,100,99998,100,100043,100,99956,100,100054,100,99880,100,100075,100,99777,100,100077,100,,,100082,100,,,100120,100,,,100121,100,,,100131,100,,,100210,100,,
2019-06-28 09:30:00.000000035,100025,100,99998,100,100043,100,99956,100,100054,100,99880,100,100075,100,99777,100,100077,100,,,100082,100,,,100085,100,,,100120,100,,,100121,100,,,100131,100,,
2019-06-28 09:30:00.000000037,100025,100,99998,100,100043,100,99956,100,100054,100,99921,100,100075,100,99880,200,100077,100,99777,100,100082,100,,,100085,100,,,100120,100,,,100121,100,,,100131,100,,
2019-06-28 09:30:00.000000040,100025,100,99982,100,100043,100,99956,100,100054,100,99921,100,100075,100,99880,200,100077,100,99777,100,100082,100,,,100085,100,,,100120,100,,,100121,100,,,100131,100,,
2019-06-28 09:30:00.000000042,100001,100,99982,100,100025,100,99956,100,100043,100,99954,100,100054,100,99921,100,100075,100,99880,200,100077,100,99777,100,100082,100,,,100085,100,,,100120,100,,,100121,100,,
2019-06-28 09:30:00.000000043,100025,100,99982,100,100043,100,99956,100,100054,100,99954,100,100075,100,99921,100,100077,100,99880,200,100082,100,99777,100,100085,100,,,100120,100,,,100121,100,,,100131,100,,
2019-06-28 09:30:00.000000045,99984,100,99982,100,100025,100,99956,100,100043,100,99954,100,100054,100,99921,100,100075,100,99880,200,100077,100,99801,100,100082,100,99777,100,100085,100,,,100120,100,,,100121,100,,
2019-06-28 09:30:00.000000048,99984,100,99982,100,100025,100,99956,100,100043,100,99954,100,100054,100,99921,100,100075,100,99909,100,100077,100,99880,200,100082,100,99801,100,100085,100,99777,100,100120,100,,,100121,100,,
2019-06-28 09:30:00.000000049,100025,100,99984,100,100043,100,99982,100,100054,100,99956,100,100075,100,99954,100,100077,100,99921,100,100082,100,99909,100,100085,100,99880,200,100120,100,99801,100,100121,100,99777,100,100131,100,,
2019-06-28 09:30:00.000000050,100025,100,99984,100,100043,100,99982,100,100054,100,99956,100,100075,100,99954,100,100077,100,99923,100,100082,100,99921,100,100085,100,99909,100,100120,100,99880,200,100121,100,99801,100,100131,100,99777,100
2019-06-28 09:30:00.000000053,100025,100,99984,200,100043,100,99982,100,100054,100,99956,100,100075,100,99954,100,100077,100,99923,100,100082,100,99921,100,100085,100,99909,100,100120,100,99880,200,100121,100,99801,100,100131,100,99777,100
2019-06-28 09:30:00.000000054,100043,100,99984,200,100054,100,99982,100,100055,100,99956,100,100075,100,99954,100,100077,100,99923,100,100082,100,99921,100,100085,100,99909,100,100120,100,99880,200,100121,100,99801,100,100131,100,99777,100
2019-06-28 09:30:00.000000058,100043,100,99984,200,100054,100,99982,100,100055,100,99956,100,100075,100,99954,100,100077,100,99923,100,100082,100,99921,100,100085,100,99920,100,100120,100,99909,100,100121,100,99880,200,100131,100,99801,100
2019-06-28 09:30:00.000000060,100043,100,99984,200,100054,100,99982,100,100055,100,99956,100,100075,100,99954,100,100077,100,99923,100,100082,100,99921,100,100085,100,99920,100,100106,100,99909,100,100120,100,99880,200,100121,100,99801,100
2019-06-28 09:30:00.000000061,100043,100,99988,100,100054,100,99984,200,100055,100,99982,100,100075,100,99956,100,100077,100,99954,100,100082,100,99923,100,100085,100,99921,100,100106,100,99920,100,100120,100,99909,100,100121,100,99880,200
2019-06-28 09:30:00.000000063,100043,100,99988,100,100054,100,99985,100,100055,100,99984,200,100075,100,99982,100,100077,100,99956,100,100082,100,99954,100,100085,100,99923,100,100106,100,99921,100,100120,100,99920,100,100121,100,99909,100
2019-06-28 09:30:00.000000067,100043,100,99988,100,100054,100,99985,100,100055,100,99984,200,100075,100,99982,100,100077,100,99956,100,100082,100,99954,100,100085,100,99923,100,100106,100,99921,100,100120,100,99920,100,100121,100,99909,100
2019-06-28 09:30:00.000000070,100043,100,99988,100,100054,100,99985,100,100055,100,99984,200,100075,100,99982,100,100077,100,99956,100,100082,100,99954,100,100085,100,99923,100,100106,100,99921,100,100120,100,99920,100,100121,100,99909,100
2019-06-28 09:30:00.000000075,100025,100,99988,100,100043,100,99985,100,100054,100,99984,200,100055,100,99982,100,100075,100,99956,100,100077,100,99954,100,100082,100,99945,100,100085,100,99923,100,100106,100,99921,100,100120,100,99920,100
2019-06-28 09:30:00.000000076,100025,100,99988,100,100043,100,99985,100,100049,100,99984,200,100054,100,99982,100,100055,100,99956,100,100075,100,99954,100,100077,100,99945,100,100082,100,99923,100,100085,100,99921,100,100106,100,99920,100
2019-06-28 09:30:00.000000078,100025,100,99988,100,100043,100,99985,100,100049,100,99984,200,100054,100,99982,100,100055,100,99956,100,100075,100,99954,100,100077,100,99945,100,100082,100,99923,100,100085,100,99921,100,100106,100,99920,100
2019-06-28 09:30:00.000000080,100025,100,99988,100,100042,100,99985,100,100043,100,99984,200,100049,100,99982,100,100054,100,99956,100,100055,100,99954,100,100075,100,99945,100,100077,100,99923,100,100082,100,99921,100,100085,100,99920,100
2019-06-28 09:30:00.000000082,100025,100,99988,100,100042,100,99985,100,100043,100,99984,200,100049,100,99982,100,100054,100,99956,100,100055,100,99954,100,100075,100,99945,100,100077,100,99923,100,100082,100,99921,100,100085,100,99920,100
2019-06-28 09:30:00.000000083,100025,100,99988,100,100042,100,99985,100,100043,100,99984,200,100049,100,99982,100,100054,100,99959,100,100055,100,99956,100,100075,100,99954,100,100077,100,99945,100,100082,100,99923,100,100085,100,99921,100
2019-06-28 09:30:00.000000086,100025,100,99988,100,100042,100,99985,100,100043,100,99984,200,100049,100,99982,100,100054,100,99980,100,100055,100,99959,100,100075,100,99956,100,100077,100,99954,100,100082,100,99945,100,100085,100,99923,100
2019-06-28 09:30:00.000000087,100025,100,99988,100,100042,100,99985,100,100043,100,99984,200,100049,100,99982,100,100054,100,99980,100,100055,100,99959,100,100075,100,99956,100,100077,100,99954,100,100082,100,99945,100,100085,100,99923,200
2019-06-28 09:30:00.000000088,100025,100,99988,100,100042,100,99985,200,100043,100,99984,200,100049,100,99982,100,100054,100,99980,100,100055,100,99959,100,100075,100,99956,100,100077,100,99954,100,100082,100,99945,100,100085,100,99929,100
2019-06-28 09:30:00.000000089,100025,200,99988,100,100042,100,99985,200,100043,100,99984,200,100049,100,99982,100,100054,100,99980,100,100055,100,99959,100,100075,100,99956,100,100077,100,99954,100,100082,100,99945,100,100085,100,99929,100
2019-06-28 09:30:00.000000091,100020,100,99988,100,100025,200,99985,200,100042,100,99984,200,100043,100,99982,100,100049,100,99980,100,100054,100,99959,100,100055,100,99956,100,100075,100,99954,100,100077,100,99945,100,100082,100,99929,100
2019-06-28 09:30:00.000000094,100020,100,99988,100,100025,300,99985,200,100042,100,99984,200,100043,100,99982,100,100049,100,99980,100,100054,100,99959,100,100055,100,99956,100,100075,100,99954,100,100077,100,99945,100,100082,100,99929,100
2019-06-28 09:30:00.000000099,100020,100,100009,100,100025,300,99988,100,100042,100,99985,300,100043,100,99984,200,100049,100,99982,100,100054,100,99980,100,100055,100,99959,100,100075,100,99956,100,100077,100,99954,100,100082,100,99945,100
2019-06-28 09:30:10.000000000,100020,199,100009,199,100025,399,99988,199,100042,199,99985,399,100043,199,99984,299,100049,199,99982,199,100054,100,99980,100,100055,100,99959,100,100075,100,99956,100,100077,100,99954,100,100082,100,99945,100
2019-06-28 09:30:20.000000000,100020,223,100009,223,100025,423,99988,223,100042,223,99985,423,100043,223,99984,323,100049,100,99982,100,100054,100,99980,100,100055,100,99959,100,100075,100,99956,100,100077,100,99954,100,100082,100,99945,100
2019-06-28 09:30:30.000000000,100020,268,100009,268,100025,463,99988,263,100042,263,99985,463,100043,100,99984,200,100049,100,99982,100,100054,100,99980,100,100055,100,99959,100,100075,100,99956,100,100077,100,99954,100,100082,100,99945,100
2019-06-28 09:30:40.000000000,100020,346,100009,346,100025,546,99988,346,100042,100,99985,300,100043,100,99984,200,100049,100,99982,100,100054,100,99980,100,100055,100,99959,100,100075,100,99956,100,100077,100,99954,100,100082,100,99945,100
2019-06-28 09:30:50.000000000,100020,593,100009,593,100025,300,99988,100,100042,100,99985,300,100043,100,99984,200,100049,100,99982,100,100054,100,99980,100,100055,100,99959,100,100075,100,99956,100,100077,100,99954,100,100082,100,99945,100
2019-06-28 09:30:54.212262558,100020,593,100009,593,100025,300,99988,100,100042,100,99985,300,100043,100,99984,200,100049,100,99982,100,100054,100,99980,100,100055,100,99959,100,100075,100,99956,100,100077,100,99954,100,100082,100,99945,100
2019-06-28 09:31:00.000000000,100020,346,100009,346,100025,546,99988,346,100042,100,99985,300,100043,100,99984,200,100049,100,99982,100,100054,100,99980,100,100055,100,99959,100,100075,100,99956,100,100077,100,99954,100,100082,100,99945,100
2019-06-28 09:31:10.000000000,100020,199,100009,199,100025,399,99988,199,100042,199,99985,399,100043,199,99984,299,100049,199,99982,199,100054,100,99980,100,100055,100,99959,100,100075,100,99956,100,100077,100,99954,100,100082,100,99945,100
2019-06-28 09:31:20.000000000,100020,199,100009,199,100025,399,99988,199,100042,199,99985,399,100043,199,99984,299,100049,199,99982,199,100054,100,99980,100,100055,100,99959,100,100075,100,99956,100,100077,100,99954,100,100082,100,99945,100
2019-06-28 09:31:30.000000000,100020,593,100009,593,100025,300,99988,100,100042,100,99985,300,100043,100,99984,200,100049,100,99982,100,100054,100,99980,100,100055,100,99959,100,100075,100,99956,100,100077,100,99954,100,100082,100,99945,100
2019-06-28 09:31:32.830414975,100020,593,100009,593,100025,200,99988,100,100042,100,99985,300,100043,100,99984,200,100049,100,99982,100,100054,100,99980,100,100055,100,99959,100,100075,100,99956,100,100077,100,99954,100,100082,100,99945,100
2019-06-28 09:31:39.929962185,100020,593,100009,593,100025,200,99988,100,100042,100,99985,300,100043,100,99984,200,100049,100,99982,100,100054,100,99980,100,100055,100,99959,100,100075,100,99956,100,100077,100,99954,100,100082,100,99945,100
2019-06-28 09:31:40.000000000,100020,223,100009,223,100025,323,99988,223,100042,223,99985,423,100043,223,99984,323,100049,100,99982,100,100054,100,99980,100,100055,100,99959,100,100075,100,99956,100,100077,100,99954,100,100082,100,99945,100
2019-06-28 09:31:50.000000000,100020,199,100009,199,100025,299,99988,199,100042,199,99985,399,100043,199,99984,299,100049,199,99982,199,100054,100,99980,100,100055,100,99959,100,100075,100,99956,100,100077,100,99954,100,100082,100,99945,100
2019-06-28 09:31:50.163262738,100020,99,100009,199,100025,299,99988,199,100042,199,99985,399,100043,199,99984,299,100049,199,99982,199,100054,100,99980,100,100055,100,99959,100,100075,100,99956,100,100077,100,99954,100,100082,100,99945,100
2019-06-28 09:31:51.752360048,100025,299,100020,1,100042,199,100009,199,100043,199,99988,199,100049,199,99985,399,100054,100,99984,299,100055,100,99982,199,100075,100,99980,100,100077,100,99959,100,100082,100,99956,100,100085,100,99954,100
2019-06-28 09:31:52.161311289,100025,199,100020,1,100042,199,100009,199,100043,199,99988,199,100049,199,99985,399,100054,100,99984,299,100055,100,99982,199,100075,100,99980,100,100077,100,99959,100,100085,100,99956,100,100106,100,99954,100
2019-06-28 09:32:00.000000000,100025,199,100020,100,100042,199,100009,199,100043,199,99988,199,100049,199,99985,399,100054,199,99984,299,100055,100,99982,100,100075,100,99980,100,100077,100,99959,100,100085,100,99956,100,100106,100,99954,100
2019-06-28 09:32:04.033827197,100025,99,100020,100,100042,199,100009,199,100043,199,99988,199,100049,199,99985,399,100054,199,99984,299,100055,100,99982,100,100075,100,99980,100,100077,100,99959,100,100085,100,99956,100,100106,100,99954,100
2019-06-28 09:32:05.226229017,100025,99,100020,100,100042,199,100009,199,100043,199,99988,199,100049,199,99985,399,100054,199,99984,299,100055,100,99982,100,100075,100,99980,100,100077,100,99959,100,100085,100,99956,100,100106,100,99954,100
2019-06-28 09:32:06.534062521,100042,199,100025,1,100043,199,100020,100,100049,199,100009,199,100054,199,99988,199,100055,100,99985,399,100075,100,99984,299,100077,100,99982,100,100085,100,99980,100,100106,100,99959,100,100120,100,99956,100
2019-06-28 09:32:10.000000000,100042,268,100025,169,100043,263,100020,164,100049,263,100009,263,100054,100,99988,100,100055,100,99985,300,100075,100,99984,200,100077,100,99982,100,100085,100,99980,100,100106,100,99959,100,100120,100,99956,100
2019-06-28 09:32:20.000000000,100042,346,100025,247,100043,346,100020,247,100049,100,100009,100,100054,100,99988,100,100055,100,99985,300,100075,100,99984,200,100077,100,99982,100,100085,100,99980,100,100106,100,99959,100,100120,100,99956,100
2019-06-28 09:32:30.000000000,100042,593,100025,494,100043,100,100020,1,100049,100,100009,100,100054,100,99988,100,100055,100,99985,300,100075,100,99984,200,100077,100,99982,100,100085,100,99980,100,100106,100,99959,100,100120,100,99956,100
2019-06-28 09:32:30.330564592,100042,493,100025,494,100043,100,100020,1,100049,100,100009,100,100054,100,99988,100,100055,100,99985,300,100075,100,99984,200,100077,100,99982,100,100085,100,99980,100,100106,100,99959,100,100120,100,99956,100
2019-06-28 09:32:40.000000000,100043,346,100025,247,100049,346,100020,247,100054,100,100009,100,100055,100,99988,100,100075,100,99985,300,100077,100,99984,200,100085,100,99982,100,100106,100,99980,100,100120,100,99959,100,100121,100,99956,100
2019-06-28 09:32:50.000000000,100043,268,100025,169,100049,263,100020,164,100054,263,100009,263,100055,100,99988,100,100075,100,99985,300,100077,100,99984,200,100085,100,99982,100,100106,100,99980,100,100120,100,99959,100,100121,100,99956,100
2019-06-28 09:32:52.070953429,100043,168,100025,169,100049,263,100020,164,100054,263,100009,263,100055,100,99985,300,100075,100,99984,200,100077,100,99982,100,100085,100,99980,100,100106,100,99959,100,100120,100,99956,100,100121,100,99954,100
2019-06-28 09:32:53.876456323,100043,68,100025,169,100049,263,100020,164,100054,263,100009,263,100055,100,99985,300,100075,100,99984,200,100077,100,99982,100,100085,100,99980,100,100106,100,99959,100,100120,100,99956,100,100121,100,99954,100
2019-06-28 09:32:54.533880963,100049,263,100043,32,100054,263,100025,169,100055,100,100020,164,100075,100,100009,263,100077,100,99985,300,100085,100,99984,200,100106,100,99982,100,100120,100,99980,100,100121,100,99959,100,100131,100,99956,100
2019-06-28 09:32:56.847630299,100049,263,100043,132,100054,263,100025,169,100055,100,100020,164,100075,100,100009,263,100077,100,99985,300,100085,100,99984,200,100106,100,99982,100,100120,100,99980,100,100121,100,99959,100,100131,100,99956,100
2019-06-28 09:33:00.000000000,100049,268,100043,300,100054,263,100025,164,100055,263,100020,164,100075,100,100009,100,100077,100,99985,300,100085,100,99984,200,100106,100,99982,100,100120,100,99980,100,100121,100,99959,100,100131,100,99956,100
2019-06-28 09:33:07.001977959,100049,268,100043,300,100054,263,100025,164,100055,263,100020,164,100075,100,100009,100,100085,100,99985,300,100106,100,99984,200,100120,100,99982,100,100121,100,99980,100,100131,100,99959,100,100135,100,99956,100
2019-06-28 09:33:10.000000000,100049,268,100043,300,100054,263,100025,164,100055,263,100020,164,100075,100,100009,100,100085,100,99985,300,100106,100,99984,200,100120,100,99982,100,100121,100,99980,100,100131,100,99959,100,100135,100,99956,100
2019-06-28 09:33:20.000000000,100049,223,100043,255,100054,223,100025,124,100055,223,100020,124,100075,223,100009,223,100085,100,99985,300,100106,100,99984,200,100120,100,99982,100,100121,100,99980,100,100131,100,99959,100,100135,100,99956,100
2019-06-28 09:33:30.000000000,100049,223,100043,255,100054,223,100025,124,100055,223,100020,124,100075,223,100009,223,100085,100,99985,300,100106,100,99984,200,100120,100,99982,100,100121,100,99980,100,100131,100,99959,100,100135,100,99956,100
2019-06-28 09:33:32.367185336,100049,223,100043,355,100054,223,100025,124,100055,223,100020,124,100075,123,100009,223,100085,100,99985,300,100106,100,99984,200,100120,100,99982,100,100121,100,99980,100,100131,100,99959,100,100135,100,99956,100
2019-06-28 09:33:40.000000000,100049,346,100043,478,100054,346,100025,247,100055,100,100020,1,100085,100,100009,100,100106,100,99985,300,100120,100,99984,200,100121,100,99982,100,100131,100,99980,100,100135,100,99959,100,100178,100,99956,100
2019-06-28 09:33:48.321699387,100049,346,100043,478,100054,346,100025,247,100055,100,100020,1,100085,100,100009,100,100106,100,99985,300,100120,100,99984,200,100121,100,99982,100,100131,100,99980,100,100135,100,99959,100,100178,100,99956,100
2019-06-28 09:33:50.000000000,100049,268,100043,400,100054,263,100025,164,100055,263,100020,164,100085,100,100009,100,100106,100,99985,300,100120,100,99984,200,100121,100,99982,100,100131,100,99980,100,100135,100,99959,100,100178,100,99956,100
2019-06-28 09:33:58.528341770,100049,268,100043,400,100054,263,100025,164,100055,263,100020,164,100085,100,100009,100,100106,100,99985,300,100120,100,99984,200,100121,100,99982,100,100131,100,99980,100,100135,100,99959,100,100178,100,99956,100
2019-06-28 09:34:00.000000000,100049,223,100043,355,100054,223,100025,124,100055,223,100020,124,100085,223,100009,223,100106,100,99985,300,100120,100,99984,200,100121,100,99982,100,100131,100,99980,100,100135,100,99959,100,100178,100,99956,100
2019-06-28 09:34:10.000000000,100049,268,100043,400,100054,263,100025,164,100055,263,100020,164,100085,100,100009,100,100106,100,99985,300,100120,100,99984,200,100121,100,99982,100,100131,100,99980,100,100135,100,99959,100,100178,100,99956,100
2019-06-28 09:34:12.504879204,100049,268,100043,400,100054,263,100025,164,100055,263,100020,164,100085,100,100009,100,100106,100,99985,300,100120,100,99984,200,100121,100,99982,100,100131,100,99980,100,100135,100,99959,100,100178,100,99956,100
2019-06-28 09:34:20.000000000,100049,199,100043,331,100054,199,100025,100,100055,199,100020,100,100085,199,100009,199,100106,199,99985,399,100120,100,99984,200,100121,100,99982,100,100131,100,99980,100,100135,100,99959,100,100178,100,99956,100
2019-06-28 09:34:30.000000000,100049,223,100043,355,100054,223,100025,124,100055,223,100020,124,100085,223,100009,223,100106,100,99985,300,100120,100,99984,200,100121,100,99982,100,100131,100,99980,100,100135,100,99959,100,100178,100,99956,100
2019-06-28 09:34:40.000000000,100049,199,100043,331,100054,199,100025,100,100055,199,100020,100,100085,199,100009,199,100106,199,99985,399,100120,100,99984,200,100121,100,99982,100,100131,100,99980,100,100135,100,99959,100,100178,100,99956,100
2019-06-28 09:34:50.000000000,100049,199,100043,331,100054,199,100025,100,100055,199,100020,100,100085,199,100009,199,100106,199,99985,399,100120,100,99984,200,100121,100,99982,100,100131,100,99980,100,100135,100,99959,100,100178,100,99956,100
2019-06-28 09:34:59.254513176,100049,199,100043,231,100054,199,100025,100,100055,199,100020,99,100085,199,100009,199,100106,199,99985,399,100120,100,99984,200,100121,100,99982,100,100131,100,99980,100,100135,100,99959,100,100178,100,99956,100
2019-06-28 09:34:59.457617616,100049,199,100043,231,100054,199,100025,100,100055,199,100020,99,100085,199,100009,199,100106,199,99985,399,100120,100,99984,200,100121,100,99982,100,100131,100,99980,100,100135,100,99959,100,100178,100,99956,100
2019-06-28 09:35:00.000000000,100049,346,100043,378,100054,346,100025,247,100055,100,100009,100,100085,100,99985,300,100106,100,99984,200,100120,100,99982,100,100121,100,99980,100,100131,100,99959,100,100135,100,99956,100,100178,100,99954,100
2019-06-28 09:35:10.000000000,100049,199,100043,231,100054,199,100025,100,100055,199,100009,199,100085,199,99985,399,100106,199,99984,299,100120,100,99982,100,100121,100,99980,100,100131,100,99959,100,100135,100,99956,100,100178,100,99954,100
2019-06-28 09:35:14.265414878,100049,199,100043,231,100054,199,100025,100,100055,199,100009,199,100085,199,99985,399,100106,199,99984,299,100120,100,99982,100,100121,100,99980,100,100131,100,99959,100,100135,100,99956,100,100178,100,99954,100
2019-06-28 09:35:20.000000000,100049,268,100043,300,100054,263,100025,164,100055,263,100009,263,100085,100,99985,300,100106,100,99984,200,100120,100,99982,100,100121,100,99980,100,100131,100,99959,100,100135,100,99956,100,100178,100,99954,100
2019-06-28 09:35:30.000000000,100049,223,100043,255,100054,223,100025,124,100055,223,100009,223,100085,223,99985,423,100106,100,99984,200,100120,100,99982,100,100121,100,99980,100,100131,100,99959,100,100135,100,99956,100,100178,100,99954,100
2019-06-28 09:35:40.000000000,100049,346,100043,378,100054,346,100025,247,100055,100,100009,100,100085,100,99985,300,100106,100,99984,200,100120,100,99982,100,100121,100,99980,100,100131,100,99959,100,100135,100,99956,100,100178,100,99954,100
2019-06-28 09:35:50.000000000,100049,346,100043,378,100054,346,100025,247,100055,100,100009,100,100085,100,99985,300,100106,100,99984,200,100120,100,99982,100,100121,100,99980,100,100131,100,99959,100,100135,100,99956,100,100178,100,99954,100
2019-06-28 09:36:00.000000000,100049,199,100043,231,100054,199,100025,100,100055,199,100009,199,100085,199,99985,399,100106,199,99984,299,100120,100,99982,100,100121,100,99980,100,100131,100,99959,100,100135,100,99956,100,100178,100,99954,100
2019-06-28 09:36:00.436697923,100049,99,100043,231,100054,199,100025,100,100055,199,100009,199,100085,199,99985,399,100106,199,99984,299,100120,100,99982,100,100121,100,99980,100,100131,100,99959,100,100135,100,99956,100,100178,100,99954,100
2019-06-28 09:36:10.000000000,100054,199,100043,231,100055,199,100025,100,100085,199,100009,199,100106,199,99985,399,100120,199,99984,299,100121,100,99982,100,100131,100,99980,100,100135,100,99959,100,100178,100,99956,100,100210,100,99954,100
2019-06-28 09:36:19.783676569,100054,199,100043,231,100055,199,100025,100,100085,199,100009,199,100106,199,99985,399,100120,199,99984,299,100121,100,99982,100,100131,100,99980,100,100135,100,99959,100,100178,100,99956,100,100210,100,99954,100
2019-06-28 09:36:20.000000000,100054,268,100043,300,100055,263,100025,164,100085,263,100009,263,100106,100,99985,300,100120,100,99984,200,100121,100,99982,100,100131,100,99980,100,100135,100,99959,100,100178,100,99956,100,100210,100,99954,100
2019-06-28 09:36:30.000000000,100054,593,100043,625,100055,100,100025,1,100085,100,100009,100,100106,100,99985,300,100120,100,99984,200,100121,100,99982,100,100131,100,99980,100,100135,100,99959,100,100178,100,99956,100,100210,100,99954,100
2019-06-28 09:36:40.000000000,100054,593,100043,625,100055,100,100025,1,100085,100,100009,100,100106,100,99985,300,100120,100,99984,200,100121,100,99982,100,100131,100,99980,100,100135,100,99959,100,100178,100,99956,100,100210,100,99954,100
2019-06-28 09:36:44.051046048,100054,593,100043,625,100055,100,100025,1,100085,100,100009,100,100106,100,99985,300,100120,100,99984,200,100121,100,99982,100,100131,100,99980,100,100135,100,99959,100,100178,100,99956,100,100210,100,99954,100
2019-06-28 09:36:50.000000000,100054,593,100043,625,100055,100,100025,1,100085,100,100009,100,100106,100,99985,300,100120,100,99984,200,100121,100,99982,100,100131,100,99980,100,100135,100,99959,100,100178,100,99956,100,100210,100,99954,100
2019-06-28 09:36:55.362065855,100054,493,100043,625,100055,100,100025,1,100085,100,100009,100,100106,100,99985,300,100120,100,99984,200,100121,100,99982,100,100131,100,99980,100,100135,100,99959,100,100178,100,99956,100,100210,100,99954,100
2019-06-28 09:37:00.000000000,100055,223,100043,255,100085,223,100025,124,100106,223,100009,223,100120,223,99985,423,100121,100,99984,200,100131,100,99982,100,100135,100,99980,100,100178,100,99959,100,100210,100,99956,100,100214,100,99954,100
2019-06-28 09:37:10.000000000,100055,268,100043,300,100085,263,100025,164,100106,263,100009,263,100120,100,99985,300,100121,100,99984,200,100131,100,99982,100,100135,100,99980,100,100178,100,99959,100,100210,100,99956,100,100214,100,99954,100
2019-06-28 09:37:10.396959400,100055,268,100044,100,100085,263,100043,300,100106,263,100025,164,100120,100,100009,263,100121,100,99985,300,100131,100,99984,100,100135,100,99982,100,100178,100,99980,100,100210,100,99959,100,100214,100,99956,100
2019-06-28 09:37:20.000000000,100055,268,100044,268,100085,263,100043,295,100106,263,100025,164,100120,100,100009,100,100121,100,99985,300,100131,100,99984,100,100135,100,99982,100,100178,100,99980,100,100210,100,99959,100,100214,100,99956,100
2019-06-28 09:37:30.000000000,100055,593,100044,593,100085,100,100043,132,100106,100,100025,1,100120,100,100009,100,100121,100,99985,300,100131,100,99984,100,100135,100,99982,100,100178,100,99980,100,100210,100,99959,100,100214,100,99956,100
2019-06-28 09:37:39.980833897,100055,593,100044,593,100085,100,100043,132,100106,100,100025,1,100120,100,100009,100,100121,100,99985,300,100131,100,99984,100,100135,100,99982,100,100178,100,99980,100,100210,100,99959,100,100214,100,99956,100
2019-06-28 09:37:40.000000000,100055,346,100044,346,100085,346,100043,378,100106,100,100025,1,100120,100,100009,100,100121,100,99985,300,100131,100,99984,100,100135,100,99982,100,100178,100,99980,100,100210,100,99959,100,100214,100,99956,100
2019-06-28 09:37:43.750427052,100055,246,100044,346,100085,346,100043,378,100106,100,100025,1,100120,100,100009,100,100121,100,99985,300,100131,100,99984,100,100135,100,99982,100,100178,100,99980,100,100210,100,99959,100,100214,100,99956,100
2019-06-28 09:37:48.872298395,100055,246,100049,100,100085,346,100044,346,100106,100,100043,378,100120,100,100025,1,100121,100,100009,100,100131,100,99985,300,100135,100,99984,100,100178,100,99982,100,100210,100,99980,100,100214,100,99959,100
2019-06-28 09:37:50.000000000,100085,346,100049,346,100106,346,100044,346,100120,100,100043,132,100121,100,100025,1,100131,100,100009,100,100135,100,99985,300,100178,100,99984,100,100210,100,99982,100,100214,100,99980,100,100286,100,99959,100
2019-06-28 09:38:00.000000000,100085,346,100049,346,100106,346,100044,346,100120,100,100043,132,100121,100,100025,1,100131,100,100009,100,100135,100,99985,300,100178,100,99984,100,100210,100,99982,100,100214,100,99980,100,100286,100,99959,100
2019-06-28 09:38:09.275546827,100085,346,100049,446,100106,346,100044,346,100120,100,100043,132,100121,100,100025,1,100131,100,100009,100,100135,100,99985,300,100178,100,99984,100,100210,100,99982,100,100214,100,99980,100,100286,100,99959,100
2019-06-28 09:38:10.000000000,100085,223,100049,323,100106,223,100044,223,100120,223,100043,255,100121,223,100025,124,100131,100,100009,100,100135,100,99985,300,100178,100,99984,100,100210,100,99982,100,100214,100,99980,100,100286,100,99959,100
2019-06-28 09:38:17.792487827,100085,223,100049,423,100106,223,100044,223,100120,223,100043,255,100121,223,100025,124,100131,100,100009,100,100135,100,99985,200,100178,100,99984,100,100210,100,99982,100,100214,100,99980,100,100286,100,99959,100
2019-06-28 09:38:20.000000000,100085,268,100049,468,100106,263,100044,263,100120,263,100043,295,100121,100,100025,1,100131,100,100009,100,100135,100,99985,200,100178,100,99984,100,100210,100,99982,100,100214,100,99980,100,100286,100,99959,100
2019-06-28 09:38:30.000000000,100085,268,100049,468,100106,263,100044,263,100120,263,100043,295,100121,100,100025,1,100131,100,100009,100,100135,100,99985,200,100178,100,99984,100,100210,100,99982,100,100214,100,99980,100,100286,100,99959,100
2019-06-28 09:38:40.000000000,100085,268,100049,468,100106,263,100044,263,100120,263,100043,295,100121,100,100025,1,100131,100,100009,100,100135,100,99985,200,100178,100,99984,100,100210,100,99982,100,100214,100,99980,100,100286,100,99959,100
2019-06-28 09:38:46.565891375,100085,268,100049,468,100106,263,100044,263,100120,263,100043,295,100121,100,100025,1,100131,100,100009,100,100135,100,99985,200,100178,100,99984,100,100210,100,99982,100,100214,100,99980,100,100286,100,99959,100
2019-06-28 09:38:48.403192644,100085,268,100049,468,100106,163,100044,263,100120,263,100043,295,100121,100,100025,1,100131,100,100009,100,100135,100,99985,200,100178,100,99984,100,100210,100,99982,100,100214,100,99980,100,100286,100,99959,100
2019-06-28 09:38:50.000000000,100085,199,100049,399,100120,199,100044,199,100121,199,100043,231,100131,199,100025,100,100135,199,100009,199,100178,100,99985,200,100210,100,99984,100,100214,100,99982,100,100286,100,99980,100,100298,100,99959,100
2019-06-28 09:38:51.526067182,100085,99,100049,399,100120,199,100044,199,100121,199,100043,231,100131,199,100025,100,100135,199,100009,199,100178,100,99985,200,100210,100,99984,100,100214,100,99982,100,100286,100,99980,100,100298,100,99959,100
2019-06-28 09:38:56.591946155,100085,99,100049,399,100120,199,100044,199,100121,199,100043,231,100131,199,100025,100,100135,199,100009,199,100178,100,99985,200,100210,100,99984,100,100214,100,99982,100,100286,100,99980,100,100298,100,99959,100
2019-06-28 09:38:59.470088199,100085,99,100054,100,100120,199,100049,399,100121,199,100044,199,100131,199,100043,231,100135,199,100025,100,100178,100,100009,199,100210,100,99985,200,100214,100,99984,100,100286,100,99982,100,100298,100,99980,100
2019-06-28 09:39:00.000000000,100120,223,100054,223,100121,223,100049,423,100131,223,100044,223,100135,223,100043,255,100178,100,100025,1,100210,100,100009,100,100214,100,99985,200,100286,100,99984,100,100298,100,99982,100,100350,100,99980,100
2019-06-28 09:39:06.563167702,100120,223,100054,223,100121,223,100049,423,100131,223,100044,223,100135,223,100043,255,100178,100,100025,1,100210,100,100009,100,100214,100,99985,200,100286,100,99984,100,100298,100,99982,100,100350,100,99980,100
2019-06-28 09:39:07.119919988,100120,223,100054,223,100121,223,100049,423,100131,223,100044,223,100135,223,100043,255,100178,100,100025,1,100210,100,100009,100,100214,100,99985,200,100286,100,99984,100,100298,100,99982,100,100350,100,99980,100
2019-06-28 09:39:10.000000000,100120,346,100054,346,100121,346,100049,546,100131,100,100044,100,100135,100,100043,132,100178,100,100025,1,100210,100,100009,100,100214,100,99985,200,100286,100,99984,100,100298,100,99982,100,100350,100,99980,100
2019-06-28 09:39:20.000000000,100120,223,100054,223,100121,223,100049,423,100131,223,100044,223,100135,223,100043,255,100178,100,100025,1,100210,100,100009,100,100214,100,99985,200,100286,100,99984,100,100298,100,99982,100,100350,100,99980,100
2019-06-28 09:39:30.000000000,100120,268,100054,268,100121,263,100049,463,100131,263,100044,263,100135,100,100043,132,100178,100,100025,1,100210,100,100009,100,100214,100,99985,200,100286,100,99984,100,100298,100,99982,100,100350,100,99980,100
2019-06-28 09:39:40.000000000,100120,268,100054,268,100121,263,100049,463,100131,263,100044,263,100135,100,100043,132,100178,100,100025,1,100210,100,100009,100,100214,100,99985,200,100286,100,99984,100,100298,100,99982,100,100350,100,99980,100
2019-06-28 09:39:48.898309976,100120,268,100054,368,100121,263,100049,463,100131,263,100044,263,100135,100,100043,132,100178,100,100025,1,100210,100,100009,100,100214,100,99985,200,100286,100,99984,100,100298,100,99982,100,100350,100,99980,100
2019-06-28 09:39:50.000000000,100120,199,100054,299,100121,199,100049,399,100131,199,100044,199,100135,199,100043,231,100178,199,100025,100,100210,100,100009,100,100214,100,99985,200,100286,100,99984,100,100298,100,99982,100,100350,100,99980,100
2019-06-28 09:40:00.000000000,100120,268,100054,368,100121,263,100049,463,100131,263,100044,263,100135,100,100043,132,100178,100,100025,1,100210,100,100009,100,100214,100,99985,200,100286,100,99984,100,100298,100,99982,100,100350,100,99980,100
2019-06-28 09:40:10.000000000,100120,223,100054,323,100121,223,100049,423,100131,223,100044,223,100135,223,100043,255,100178,100,100025,1,100210,100,100009,100,100214,100,99985,200,100286,100,99984,100,100298,100,99982,100,100350,100,99980,100
2019-06-28 09:40:20.000000000,100120,346,100054,446,100121,346,100049,546,100131,100,100044,100,100135,100,100043,132,100178,100,100025,1,100210,100,100009,100,100214,100,99985,200,100286,100,99984,100,100298,100,99982,100,100350,100,99980,100
2019-06-28 09:40:29.344348333,100120,246,100054,446,100121,346,100049,546,100131,100,100044,100,100135,100,100043,132,100178,100,100025,1,100210,100,100009,100,100214,100,99985,200,100286,100,99984,100,100298,100,99982,100,100350,100,99980,100
2019-06-28 09:40:29.875737872,100120,246,100054,446,100121,346,100049,546,100131,100,100044,100,100135,100,100043,132,100178,100,100025,1,100210,100,99985,200,100214,100,99984,100,100286,100,99982,100,100298,100,99980,100,100350,100,99959,100
2019-06-28 09:40:30.000000000,100121,346,100054,446,100131,346,100049,546,100135,100,100044,100,100178,100,100043,132,100210,100,100025,1,100214,100,99985,200,100286,100,99984,100,100298,100,99982,100,100350,100,99980,100,100398,100,99959,100
2019-06-28 09:40:33.634326519,100121,146,100054,446,100131,346,100049,546,100135,100,100044,100,100178,100,100043,132,100210,100,100025,1,100214,100,99985,200,100286,100,99984,100,100298,100,99982,100,100350,100,99980,100,100398,100,99959,100
2019-06-28 09:40:39.232790909,100121,46,100054,446,100131,346,100049,546,100135,100,100044,100,100178,100,100043,132,100214,100,100025,1,100286,100,99985,200,100298,100,99984,100,100350,100,99982,100,100398,100,99980,100,100426,100,99959,100
2019-06-28 09:40:40.000000000,100131,199,100054,299,100135,199,100049,399,100178,199,100044,199,100214,199,100043,231,100286,199,100025,100,100298,100,99985,200,100350,100,99984,100,100398,100,99982,100,100426,100,99980,100,100470,100,99959,100
2019-06-28 09:40:42.756466929,100131,199,100054,299,100135,199,100049,399,100178,199,100044,199,100214,199,100043,231,100286,199,100025,100,100298,100,99985,200,100350,100,99984,100,100398,100,99982,100,100426,100,99980,100,100470,100,99959,100
2019-06-28 09:40:50.000000000,100131,346,100054,446,100135,346,100049,546,100178,100,100044,100,100214,100,100043,132,100286,100,100025,1,100298,100,99985,200,100350,100,99984,100,100398,100,99982,100,100426,100,99980,100,100470,100,99959,100
2019-06-28 09:40:55.714964535,100131,346,100054,446,100135,346,100049,546,100178,100,100043,132,100214,100,100025,1,100286,100,99985,200,100298,100,99984,100,100350,100,99982,100,100398,100,99980,100,100426,100,99959,100,100470,100,99956,100
2019-06-28 09:40:56.510828542,100131,346,100121,100,100135,346,100054,446,100178,100,100049,546,100214,100,100043,132,100286,100,100025,1,100298,100,99985,100,100350,100,99984,100,100398,100,99982,100,100426,100,99980,100,100470,100,99959,100
2019-06-28 09:41:00.000000000,100131,346,100121,346,100135,346,100054,446,100178,100,100049,300,100214,100,100043,132,100286,100,100025,1,100298,100,99985,100,100350,100,99984,100,100398,100,99982,100,100426,100,99980,100,100470,100,99959,100
2019-06-28 09:41:10.000000000,100131,223,100121,223,100135,223,100054,323,100178,223,100049,423,100214,223,100043,255,100286,100,100025,1,100298,100,99985,100,100350,100,99984,100,100398,100,99982,100,100426,100,99980,100,100470,100,99959,100
2019-06-28 09:41:20.000000000,100131,223,100121,223,100135,223,100054,323,100178,223,100049,423,100214,223,100043,255,100286,100,100025,1,100298,100,99985,100,100350,100,99984,100,100398,100,99982,100,100426,100,99980,100,100470,100,99959,100
2019-06-28 09:41:30.000000000,100131,268,100121,268,100135,263,100054,363,100178,263,100049,463,100214,100,100043,132,100286,100,100025,1,100298,100,99985,100,100350,100,99984,100,100398,100,99982,100,100426,100,99980,100,100470,100,99959,100
2019-06-28 09:41:40.000000000,100131,346,100121,346,100135,346,100054,446,100178,100,100049,300,100214,100,100043,132,100286,100,100025,1,100298,100,99985,100,100350,100,99984,100,100398,100,99982,100,100426,100,99980,100,100470,100,99959,100
2019-06-28 09:41:49.101147919,100131,346,100121,446,100135,346,100054,446,100178,100,100049,200,100214,100,100043,132,100286,100,100025,1,100298,100,99985,100,100350,100,99984,100,100398,100,99982,100,100426,100,99980,100,100470,100,99959,100
2019-06-28 09:41:50.000000000,100131,346,100121,446,100135,346,100054,446,100178,100,100049,200,100214,100,100043,132,100286,100,100025,1,100298,100,99985,100,100350,100,99984,100,100398,100,99982,100,100426,100,99980,100,100470,100,99959,100
2019-06-28 09:42:00.000000000,100131,346,100121,446,100135,346,100054,446,100178,100,100049,200,100214,100,100043,132,100286,100,100025,1,100298,100,99985,100,100350,100,99984,100,100398,100,99982,100,100426,100,99980,100,100470,100,99959,100
2019-06-28 09:42:02.146759461,100131,346,100121,446,100135,346,100054,446,100178,100,100049,200,100214,100,100043,132,100286,100,100025,1,100298,100,99985,100,100350,100,99984,100,100398,100,99982,100,100426,100,99980,100,100470,100,99959,100
2019-06-28 09:42:05.829452344,100131,346,100121,446,100135,346,100054,446,100178,100,100049,200,100214,100,100043,132,100286,100,100025,1,100298,100,99985,100,100323,100,99984,100,100350,100,99982,100,100398,100,99980,100,100426,100,99959,100
2019-06-28 09:42:10.000000000,100131,199,100121,299,100135,199,100054,299,100178,199,100049,299,100214,199,100043,231,100286,199,100025,100,100298,100,99985,100,100323,100,99984,100,100350,100,99982,100,100398,100,99980,100,100426,100,99959,100
2019-06-28 09:42:20.000000000,100131,346,100121,446,100135,346,100054,446,100178,100,100049,200,100214,100,100043,132,100286,100,100025,1,100298,100,99985,100,100323,100,99984,100,100350,100,99982,100,100398,100,99980,100,100426,100,99959,100
2019-06-28 09:42:25.535883797,100131,246,100121,446,100135,346,100054,446,100178,100,100049,200,100214,100,100043,132,100286,100,100025,1,100323,100,99985,100,100350,100,99984,100,100398,100,99982,100,100426,100,99980,100,100470,100,99959,100
2019-06-28 09:42:30.000000000,100135,223,100121,323,100178,223,100054,323,100214,223,100049,323,100286,223,100043,255,100323,100,100025,1,100350,100,99985,100,100398,100,99984,100,100426,100,99982,100,100470,100,99980,100,100573,100,99959,100
2019-06-28 09:42:40.000000000,100135,223,100121,323,100178,223,100054,323,100214,223,100049,323,100286,223,100043,255,100323,100,100025,1,100350,100,99985,100,100398,100,99984,100,100426,100,99982,100,100470,100,99980,100,100573,100,99959,100
2019-06-28 09:42:50.000000000,100135,199,100121,299,100178,199,100054,299,100214,199,100049,299,100286,199,100043,231,100323,199,100025,100,100350,100,99985,100,100398,100,99984,100,100426,100,99982,100,100470,100,99980,100,100573,100,99959,100
2019-06-28 09:42:50.532955704,100135,199,100121,299,100178,199,100054,299,100214,99,100049,299,100286,199,100043,231,100323,199,100025,100,100350,100,99985,100,100398,100,99984,100,100426,100,99982,100,100470,100,99980,100,100573,100,99959,100
2019-06-28 09:43:00.000000000,100135,223,100121,323,100178,223,100054,323,100286,223,100049,323,100323,223,100043,255,100350,100,100025,1,100398,100,99985,100,100426,100,99984,100,100470,100,99982,100,100573,100,99980,100,100614,100,99959,100
2019-06-28 09:43:10.000000000,100135,593,100121,693,100178,100,100054,200,100286,100,100049,200,100323,100,100043,132,100350,100,100025,1,100398,100,99985,100,100426,100,99984,100,100470,100,99982,100,100573,100,99980,100,100614,100,99959,100
2019-06-28 09:43:20.000000000,100135,223,100121,323,100178,223,100054,323,100286,223,100049,323,100323,223,100043,255,100350,100,100025,1,100398,100,99985,100,100426,100,99984,100,100470,100,99982,100,100573,100,99980,100,100614,100,99959,100
2019-06-28 09:43:30.000000000,100135,346,100121,446,100178,346,100054,446,100286,100,100049,200,100323,100,100043,132,100350,100,100025,1,100398,100,99985,100,100426,100,99984,100,100470,100,99982,100,100573,100,99980,100,100614,100,99959,100
2019-06-28 09:43:37.421529329,100135,246,100121,446,100178,346,100054,446,100286,100,100049,200,100323,100,100043,132,100350,100,100025,1,100398,100,99985,100,100426,100,99984,100,100470,100,99982,100,100573,100,99980,100,100614,100,99959,100
2019-06-28 09:43:40.000000000,100178,346,100121,446,100286,346,100054,446,100323,100,100049,200,100350,100,100043,132,100398,100,100025,1,100426,100,99985,100,100470,100,99984,100,100573,100,99982,100,100614,100,99980,100,100678,100,99959,100
2019-06-28 09:43:47.818621602,100178,346,100131,100,100286,346,100121,446,100323,100,100054,446,100350,100,100049,100,100398,100,100043,132,100426,100,100025,1,100470,100,99985,100,100573,100,99984,100,100614,100,99982,100,100678,100,99980,100
2019-06-28 09:43:50.000000000,100178,346,100131,346,100286,346,100121,446,100323,100,100054,200,100350,100,100049,100,100398,100,100043,132,100426,100,100025,1,100470,100,99985,100,100573,100,99984,100,100614,100,99982,100,100678,100,99980,100
2019-06-28 09:44:00.000000000,100178,346,100131,346,100286,346,100121,446,100323,100,100054,200,100350,100,100049,100,100398,100,100043,132,100426,100,100025,1,100470,100,99985,100,100573,100,99984,100,100614,100,99982,100,100678,100,99980,100
2019-06-28 09:44:06.806333640,100178,346,100131,446,100286,346,100121,446,100323,100,100054,200,100350,100,100049,100,100398,100,100043,132,100426,100,100025,1,100470,100,99985,100,100573,100,99984,100,100614,100,99982,100,100678,100,99980,100
2019-06-28 09:44:10.000000000,100178,346,100131,446,100286,346,100121,446,100323,100,100054,200,100350,100,100049,100,100398,100,100043,132,100426,100,100025,1,100470,100,99985,100,100573,100,99984,100,100614,100,99982,100,100678,100,99980,100
2019-06-28 09:44:15.019803520,100165,100,100131,446,100178,346,100121,446,100286,346,100054,200,100323,100,100049,100,100350,100,100043,132,100398,100,100025,1,100426,100,99985,100,100470,100,99984,100,100573,100,99982,100,100614,100,99980,100
2019-06-28 09:44:20.000000000,100165,268,100131,368,100178,263,100121,363,100286,263,100054,363,100323,100,100049,100,100350,100,100043,132,100398,100,100025,1,100426,100,99985,100,100470,100,99984,100,100573,100,99982,100,100614,100,99980,100
2019-06-28 09:44:30.000000000,100165,593,100131,693,100178,100,100121,200,100286,100,100054,200,100323,100,100049,100,100350,100,100043,132,100398,100,100025,1,100426,100,99985,100,100470,100,99984,100,100573,100,99982,100,100614,100,99980,100
2019-06-28 09:44:40.000000000,100165,223,100131,323,100178,223,100121,323,100286,223,100054,323,100323,223,100049,223,100350,100,100043,132,100398,100,100025,1,100426,100,99985,100,100470,100,99984,100,100573,100,99982,100,100614,100,99980,100
2019-06-28 09:44:50.000000000,100165,199,100131,299,100178,199,100121,299,100286,199,100054,299,100323,199,100049,199,100350,199,100043,231,100398,100,100025,1,100426,100,99985,100,100470,100,99984,100,100573,100,99982,100,100614,100,99980,100
2019-06-28 09:45:00.000000000,100165,593,100131,693,100178,100,100121,200,100286,100,100054,200,100323,100,100049,100,100350,100,100043,132,100398,100,100025,1,100426,100,99985,100,100470,100,99984,100,100573,100,99982,100,100614,100,99980,100
2019-06-28 09:45:06.176907976,100165,593,100131,693,100178,100,100121,200,100286,100,100054,200,100323,100,100049,100,100350,100,100043,132,100398,100,100025,1,100426,100,99985,100,100470,100,99982,100,100573,100,99980,100,100614,100,99959,100
2019-06-28 09:45:07.722630679,100159,100,100131,693,100165,593,100121,200,100178,100,100054,200,100286,100,100049,100,100323,100,100043,132,100350,100,100025,1,100398,100,99985,100,100426,100,99982,100,100470,100,99980,100,100573,100,99959,100
2019-06-28 09:45:07.832774260,100159,100,100131,693,100165,593,100121,200,100178,100,100054,200,100286,100,100043,132,100323,100,100025,1,100350,100,99985,100,100398,100,99982,100,100426,100,99980,100,100470,100,99959,100,100573,100,99956,100
2019-06-28 09:45:10.000000000,100159,223,100131,323,100165,223,100121,323,100178,223,100054,323,100286,223,100043,255,100323,100,100025,1,100350,100,99985,100,100398,100,99982,100,100426,100,99980,100,100470,100,99959,100,100573,100,99956,100
2019-06-28 09:45:20.000000000,100159,199,100131,299,100165,199,100121,299,100178,199,100054,299,100286,199,100043,231,100323,199,100025,100,100350,100,99985,100,100398,100,99982,100,100426,100,99980,100,100470,100,99959,100,100573,100,99956,100
2019-06-28 09:45:27.472253527,100159,199,100131,299,100165,199,100121,299,100178,199,100054,299,100286,199,100043,231,100323,199,100025,100,100350,100,99985,100,100391,100,99982,100,100398,100,99980,100,100426,100,99959,100,100470,100,99956,100
2019-06-28 09:45:30.000000000,100159,199,100131,299,100165,199,100121,299,100178,199,100054,299,100286,199,100043,231,100323,199,100025,100,100350,100,99985,100,100391,100,99982,100,100398,100,99980,100,100426,100,99959,100,100470,100,99956,100
2019-06-28 09:45:31.867359562,100159,199,100131,399,100165,199,100121,299,100178,199,100054,299,100286,199,100043,231,100323,199,100025,100,100350,100,99985,100,100391,100,99982,100,100398,100,99980,100,100426,100,99959,100,100470,100,99956,100
2019-06-28 09:45:40.000000000,100159,223,100131,423,100165,223,100121,323,100178,223,100054,323,100286,223,100043,255,100323,100,100025,1,100350,100,99985,100,100391,100,99982,100,100398,100,99980,100,100426,100,99959,100,100470,100,99956,100
2019-06-28 09:45:41.586797211,100159,223,100131,423,100165,223,100121,323,100178,223,100054,323,100221,100,100043,255,100286,223,100025,1,100323,100,99985,100,100350,100,99982,100,100391,100,99980,100,100398,100,99959,100,100426,100,99956,100
2019-06-28 09:45:48.811286111,100159,123,100131,423,100165,223,100121,323,100178,223,100054,323,100286,223,100043,255,100323,100,100025,1,100350,100,99985,100,100391,100,99982,100,100398,100,99980,100,100426,100,99959,100,100470,100,99956,100
2019-06-28 09:45:50.000000000,100165,199,100131,399,100178,199,100121,299,100286,199,100054,299,100323,199,100043,231,100350,199,100025,100,100391,100,99985,100,100398,100,99982,100,100426,100,99980,100,100470,100,99959,100,100573,100,99956,100
2019-06-28 09:46:00.000000000,100165,346,100131,546,100178,346,100121,446,100286,100,100054,200,100323,100,100043,132,100350,100,100025,1,100391,100,99985,100,100398,100,99982,100,100426,100,99980,100,100470,100,99959,100,100573,100,99956,100
2019-06-28 09:46:01.319083503,100165,346,100135,100,100178,346,100131,446,100286,100,100121,446,100323,100,100054,200,100350,100,100043,132,100391,100,100025,1,100398,100,99985,100,100426,100,99982,100,100470,100,99980,100,100573,100,99959,100
2019-06-28 09:46:10.000000000,100165,223,100135,223,100178,223,100131,323,100286,223,100121,323,100323,223,100054,323,100350,100,100043,132,100391,100,100025,1,100398,100,99985,100,100426,100,99982,100,100470,100,99980,100,100573,100,99959,100
2019-06-28 09:46:20.000000000,100165,346,100135,346,100178,346,100131,446,100286,100,100121,200,100323,100,100054,200,100350,100,100043,132,100391,100,100025,1,100398,100,99985,100,100426,100,99982,100,100470,100,99980,100,100573,100,99959,100
2019-06-28 09:46:22.920797440,100165,346,100135,346,100178,346,100132,100,100286,100,100131,446,100323,100,100121,200,100350,100,100054,200,100391,100,100043,132,100398,100,100025,1,100426,100,99985,100,100470,100,99982,100,100573,100,99980,100
2019-06-28 09:46:30.000000000,100165,223,100135,223,100178,223,100132,223,100286,223,100131,323,100323,223,100121,323,100350,100,100054,200,100391,100,100043,132,100398,100,100025,1,100426,100,99985,100,100470,100,99982,100,100573,100,99980,100
2019-06-28 09:46:40.000000000,100165,346,100135,346,100178,346,100132,346,100286,100,100131,200,100323,100,100121,200,100350,100,100054,200,100391,100,100043,132,100398,100,100025,1,100426,100,99985,100,100470,100,99982,100,100573,100,99980,100
2019-06-28 09:46:50.000000000,100165,199,100135,199,100178,199,100132,199,100286,199,100131,299,100323,199,100121,299,100350,199,100054,299,100391,100,100043,132,100398,100,100025,1,100426,100,99985,100,100470,100,99982,100,100573,100,99980,100
2019-06-28 09:46:55.911315540,100158,100,100135,199,100165,199,100132,99,100178,199,100131,299,100286,199,100121,299,100323,199,100054,299,100350,199,100043,132,100391,100,100025,1,100398,100,99985,100,100426,100,99982,100,100470,100,99980,100
2019-06-28 09:47:00.000000000,100158,346,100135,346,100165,346,100131,446,100178,100,100121,200,100286,100,100054,200,100323,100,100043,132,100350,100,100025,1,100391,100,99985,100,100398,100,99982,100,100426,100,99980,100,100470,100,99956,100
2019-06-28 09:47:10.000000000,100158,346,100135,346,100165,346,100131,446,100178,100,100121,200,100286,100,100054,200,100323,100,100043,132,100350,100,100025,1,100391,100,99985,100,100398,100,99982,100,100426,100,99980,100,100470,100,99956,100
2019-06-28 09:47:10.468529618,100158,346,100135,346,100165,346,100131,446,100178,100,100121,200,100286,100,100116,100,100323,100,100054,200,100350,100,100043,132,100391,100,100025,1,100398,100,99985,100,100426,100,99980,100,100470,100,99956,100
2019-06-28 09:47:20.000000000,100158,346,100135,346,100165,346,100131,446,100178,100,100121,200,100286,100,100116,100,100323,100,100054,200,100350,100,100043,132,100391,100,100025,1,100398,100,99985,100,100426,100,99980,100,100470,100,99956,100
2019-06-28 09:47:28.898885481,100158,346,100135,346,100165,346,100131,446,100178,100,100121,200,100286,100,100116,100,100323,100,100054,200,100350,100,100043,132,100391,100,100025,1,100398,100,99985,100,100426,100,99980,100,100470,100,99967,100
2019-06-28 09:47:30.000000000,100158,593,100135,593,100165,100,100131,200,100178,100,100121,200,100286,100,100116,100,100323,100,100054,200,100350,100,100043,132,100391,100,100025,1,100398,100,99985,100,100426,100,99980,100,100470,100,99967,100
2019-06-28 09:47:36.536285004,100158,593,100135,493,100165,100,100131,200,100178,100,100121,200,100286,100,100116,100,100323,100,100054,200,100350,100,100043,132,100391,100,100025,1,100398,100,99985,100,100426,100,99980,100,100470,100,99967,100
2019-06-28 09:47:36.749618678,100157,100,100135,493,100158,593,100131,200,100165,100,100121,100,100178,100,100116,100,100286,100,100054,200,100323,100,100043,132,100350,100,100025,1,100391,100,99985,100,100398,100,99980,100,100426,100,99967,100
2019-06-28 09:47:37.680367044,100157,100,100135,493,100158,593,100131,200,100165,100,100121,100,100178,100,100116,100,100286,100,100054,200,100323,100,100043,132,100350,100,100025,1,100391,100,99985,100,100398,100,99980,100,100426,100,99967,100
2019-06-28 09:47:40.000000000,100157,593,100131,693,100158,100,100121,100,100165,100,100116,100,100178,100,100054,200,100286,100,100043,132,100323,100,100025,1,100350,100,99985,100,100391,100,99980,100,100398,100,99967,100,100426,100,99956,100
2019-06-28 09:47:50.000000000,100157,268,100131,368,100158,263,100121,263,100165,263,100116,263,100178,100,100054,200,100286,100,100043,132,100323,100,100025,1,100350,100,99985,100,100391,100,99980,100,100398,100,99967,100,100426,100,99956,100
2019-06-28 09:47:50.826134822,100157,268,100131,368,100158,263,100121,263,100165,163,100116,263,100178,100,100054,200,100286,100,100043,132,100323,100,100025,1,100350,100,99985,100,100391,100,99980,100,100398,100,99967,100,100426,100,99956,100
2019-06-28 09:47:55.479918811,100157,368,100131,368,100158,263,100121,163,100165,163,100116,263,100178,100,100054,200,100286,100,100043,132,100323,100,100025,1,100350,100,99985,100,100391,100,99980,100,100398,100,99967,100,100426,100,99956,100
2019-06-28 09:48:00.000000000,100157,368,100131,368,100158,263,100116,263,100178,263,100054,363,100286,100,100043,132,100323,100,100025,1,100350,100,99985,100,100391,100,99980,100,100398,100,99967,100,100426,100,99956,100,100470,100,99929,100
2019-06-28 09:48:10.000000000,100157,446,100131,446,100158,346,100116,346,100178,100,100054,200,100286,100,100043,132,100323,100,100025,1,100350,100,99985,100,100391,100,99980,100,100398,100,99967,100,100426,100,99956,100,100470,100,99929,100
2019-06-28 09:48:14.686608021,100157,446,100131,446,100158,346,100116,346,100178,100,100054,200,100286,100,100043,132,100323,100,100025,1,100350,100,99985,100,100391,100,99980,100,100398,100,99967,100,100470,100,99956,100,100573,100,99929,100
2019-06-28 09:48:20.000000000,100157,323,100131,323,100158,223,100116,223,100178,223,100054,323,100286,223,100043,255,100323,100,100025,1,100350,100,99985,100,100391,100,99980,100,100398,100,99967,100,100470,100,99956,100,100573,100,99929,100
2019-06-28 09:48:26.391335303,100157,323,100131,223,100158,223,100116,223,100178,223,100054,323,100286,223,100043,255,100323,100,100025,1,100350,100,99985,100,100391,100,99980,100,100398,100,99967,100,100470,100,99956,100,100573,100,99929,100
2019-06-28 09:48:29.754831511,100135,100,100131,223,100157,323,100116,223,100158,223,100054,323,100178,223,100043,255,100286,223,100025,1,100323,100,99985,100,100350,100,99980,100,100391,100,99967,100,100398,100,99956,100,100470,100,99929,100
2019-06-28 09:48:30.000000000,100135,346,100131,346,100157,446,100116,346,100158,100,100054,200,100178,100,100043,132,100286,100,100025,1,100323,100,99985,100,100350,100,99980,100,100391,100,99967,100,100398,100,99956,100,100470,100,99929,100
2019-06-28 09:48:33.185764927,100135,446,100131,346,100157,446,100116,346,100158,100,100054,200,100178,100,100043,100,100286,100,100025,1,100323,100,99985,100,100350,100,99980,100,100391,100,99967,100,100398,100,99956,100,100470,100,99929,100
2019-06-28 09:48:40.000000000,100135,446,100131,346,100157,446,100116,346,100158,100,100054,200,100178,100,100043,100,100286,100,100025,1,100323,100,99985,100,100350,100,99980,100,100391,100,99967,100,100398,100,99956,100,100470,100,99929,100
2019-06-28 09:48:50.000000000,100135,323,100131,223,100157,323,100116,223,100158,223,100054,323,100178,223,100043,223,100286,100,100025,1,100323,100,99985,100,100350,100,99980,100,100391,100,99967,100,100398,100,99956,100,100470,100,99929,100
2019-06-28 09:49:00.000000000,100135,368,100131,268,100157,363,100116,263,100158,263,100054,363,100178,100,100043,100,100286,100,100025,1,100323,100,99985,100,100350,100,99980,100,100391,100,99967,100,100398,100,99956,100,100470,100,99929,100
2019-06-28 09:49:10.000000000,100135,368,100131,268,100157,363,100116,263,100158,263,100054,363,100178,100,100043,100,100286,100,100025,1,100323,100,99985,100,100350,100,99980,100,100391,100,99967,100,100398,100,99956,100,100470,100,99929,100
2019-06-28 09:49:16.823116505,100135,368,100131,268,100157,363,100116,263,100158,263,100054,363,100178,100,100043,100,100286,100,100025,1,100323,100,99985,100,100350,100,99980,100,100391,100,99967,100,100398,100,99956,100,100470,100,99929,100
2019-06-28 09:49:20.000000000,100135,446,100131,346,100157,446,100116,346,100158,100,100054,200,100178,100,100043,100,100286,100,100025,1,100323,100,99985,100,100350,100,99980,100,100391,100,99967,100,100398,100,99956,100,100470,100,99929,100
2019-06-28 09:49:29.510740881,100135,446,100131,246,100157,446,100116,346,100158,100,100054,200,100178,100,100043,100,100286,100,100025,1,100323,100,99985,100,100350,100,99980,100,100391,100,99967,100,100398,100,99956,100,100470,100,99929,100
2019-06-28 09:49:30.000000000,100135,446,100116,346,100157,446,100054,446,100158,100,100043,100,100178,100,100025,1,100286,100,99985,100,100323,100,99980,100,100350,100,99967,100,100391,100,99956,100,100398,100,99929,100,100470,100,99923,100
2019-06-28 09:49:40.000000000,100135,446,100116,346,100157,446,100054,446,100158,100,100043,100,100178,100,100025,1,100286,100,99985,100,100323,100,99980,100,100350,100,99967,100,100391,100,99956,100,100398,100,99929,100,100470,100,99923,100
2019-06-28 09:49:45.762716770,100135,446,100116,346,100157,446,100054,346,100158,100,100043,100,100178,100,100025,1,100286,100,99985,100,100323,100,99980,100,100350,100,99967,100,100391,100,99956,100,100398,100,99929,100,100470,100,99923,100
2019-06-28 09:49:50.000000000,100135,446,100116,346,100157,446,100054,346,100158,100,100043,100,100178,100,100025,1,100286,100,99985,100,100323,100,99980,100,100350,100,99967,100,100391,100,99956,100,100398,100,99929,100,100470,100,99923,100
2019-06-28 09:50:00.000000000,100135,323,100116,223,100157,323,100054,223,100158,223,100043,223,100178,223,100025,124,100286,100,99985,100,100323,100,99980,100,100350,100,99967,100,100391,100,99956,100,100398,100,99929,100,100470,100,99923,100
2019-06-28 09:50:10.000000000,100135,323,100116,223,100157,323,100054,223,100158,223,100043,223,100178,223,100025,124,100286,100,99985,100,100323,100,99980,100,100350,100,99967,100,100391,100,99956,100,100398,100,99929,100,100470,100,99923,100
2019-06-28 09:50:20.000000000,100135,446,100116,346,100157,446,100054,346,100158,100,100043,100,100178,100,100025,1,100286,100,99985,100,100323,100,99980,100,100350,100,99967,100,100391,100,99956,100,100398,100,99929,100,100470,100,99923,100
2019-06-28 09:50:30.000000000,100135,368,100116,268,100157,363,100054,263,100158,263,100043,263,100178,100,100025,1,100286,100,99985,100,100323,100,99980,100,100350,100,99967,100,100391,100,99956,100,100398,100,99929,100,100470,100,99923,100
2019-06-28 09:50:37.484033801,100135,368,100116,268,100157,363,100054,263,100158,263,100043,263,100178,100,100025,1,100286,100,99985,100,100323,100,99980,100,100350,100,99967,100,100391,100,99956,100,100398,100,99929,100,100470,100,99923,100
2019-06-28 09:50:40.000000000,100135,693,100116,593,100157,200,100054,100,100158,100,100043,100,100178,100,100025,1,100286,100,99985,100,100323,100,99980,100,100350,100,99967,100,100391,100,99956,100,100398,100,99929,100,100470,100,99923,100
2019-06-28 09:50:50.000000000,100135,446,100116,346,100157,446,100054,346,100158,100,100043,100,100178,100,100025,1,100286,100,99985,100,100323,100,99980,100,100350,100,99967,100,100391,100,99956,100,100398,100,99929,100,100470,100,99923,100
2019-06-28 09:50:52.194750561,100135,446,100116,246,100157,446,100054,346,100158,100,100043,100,100178,100,100025,1,100286,100,99985,100,100323,100,99980,100,100350,100,99967,100,100391,100,99956,100,100398,100,99929,100,100470,100,99923,100
2019-06-28 09:51:00.000000000,100135,323,100054,223,100157,323,100043,223,100158,223,100025,124,100178,223,99985,223,100286,100,99980,100,100323,100,99967,100,100350,100,99956,100,100391,100,99929,100,100398,100,99923,100,100470,100,99920,100
2019-06-28 09:51:10.000000000,100135,323,100054,223,100157,323,100043,223,100158,223,100025,124,100178,223,99985,223,100286,100,99980,100,100323,100,99967,100,100350,100,99956,100,100391,100,99929,100,100398,100,99923,100,100470,100,99920,100
2019-06-28 09:51:16.031605985,100135,323,100054,123,100157,323,100043,223,100158,223,100025,124,100178,223,99985,223,100286,100,99980,100,100323,100,99967,100,100350,100,99956,100,100391,100,99929,100,100398,100,99923,100,100470,100,99920,100
2019-06-28 09:51:20.000000000,100135,693,100043,593,100157,200,100025,1,100158,100,99985,100,100178,100,99980,100,100286,100,99967,100,100323,100,99956,100,100350,100,99929,100,100391,100,99923,100,100398,100,99920,100,100470,100,99907,100
2019-06-28 09:51:28.932163707,100135,693,100043,593,100157,200,100025,1,100158,100,99985,100,100178,100,99980,100,100286,100,99967,100,100323,100,99956,100,100350,100,99929,100,100391,100,99923,100,100398,100,99920,100,100470,100,99907,100
2019-06-28 09:51:29.556323417,100135,693,100043,493,100157,200,100025,1,100158,100,99985,100,100178,100,99980,100,100286,100,99967,100,100323,100,99956,100,100350,100,99929,100,100391,100,99923,100,100398,100,99920,100,100470,100,99907,100
2019-06-28 09:51:30.000000000,100135,446,100025,247,100157,446,99985,346,100158,100,99980,100,100178,100,99967,100,100286,100,99956,100,100323,100,99929,100,100350,100,99923,100,100391,100,99920,100,100398,100,99907,100,100470,100,99900,100
2019-06-28 09:51:40.000000000,100135,368,100025,169,100157,363,99985,263,100158,263,99980,263,100178,100,99967,100,100286,100,99956,100,100323,100,99929,100,100350,100,99923,100,100391,100,99920,100,100398,100,99907,100,100470,100,99900,100
2019-06-28 09:51:41.241011888,100031,100,100025,169,100135,368,99985,263,100157,363,99980,263,100158,263,99967,100,100178,100,99956,100,100286,100,99929,100,100323,100,99923,100,100350,100,99920,100,100391,100,99907,100,100398,100,99900,100
2019-06-28 09:51:46.333920843,100031,100,100025,169,100054,100,99985,263,100135,368,99980,263,100157,363,99967,100,100158,263,99956,100,100178,100,99929,100,100286,100,99923,100,100323,100,99920,100,100350,100,99907,100,100391,100,99900,100
2019-06-28 09:51:48.115122956,100031,100,100025,69,100054,100,99985,263,100135,368,99980,263,100157,363,99967,100,100158,263,99956,100,100178,100,99929,100,100286,100,99923,100,100323,100,99920,100,100350,100,99907,100,100391,100,99900,100
2019-06-28 09:51:50.000000000,100031,223,99985,223,100054,223,99980,223,100135,323,99967,223,100157,323,99956,223,100158,100,99929,100,100178,100,99923,100,100286,100,99920,100,100323,100,99907,100,100350,100,99900,100,100391,100,99688,100
2019-06-28 09:51:52.703761528,100031,223,100011,100,100054,223,99985,223,100135,323,99980,223,100157,323,99967,223,100158,100,99956,223,100178,100,99929,100,100286,100,99923,100,100323,100,99920,100,100350,100,99907,100,100391,100,99900,100
2019-06-28 09:51:57.305162336,100031,223,100011,100,100054,223,99985,223,100135,323,99980,223,100157,323,99967,223,100158,100,99956,223,100178,100,99929,100,100286,100,99923,100,100323,100,99920,100,100391,100,99907,100,100398,100,99900,100
2019-06-28 09:51:57.347342670,100031,123,100011,100,100054,223,99985,223,100135,323,99980,123,100157,323,99967,223,100158,100,99956,223,100178,100,99929,100,100286,100,99923,100,100323,100,99920,100,100391,100,99907,100,100398,100,99900,100
2019-06-28 09:52:00.000000000,100054,223,100011,223,100135,323,99985,223,100157,323,99967,223,100158,223,99956,223,100178,100,99929,100,100286,100,99923,100,100323,100,99920,100,100391,100,99907,100,100398,100,99900,100,100470,100,99857,100
2019-06-28 09:52:00.868589431,100054,223,100011,223,100135,323,99985,223,100157,323,99967,223,100158,223,99956,223,100178,100,99929,100,100286,100,99923,100,100323,100,99920,100,100391,100,99907,100,100398,100,99900,100,100470,100,99857,100
2019-06-28 09:52:08.625760162,100030,100,100011,223,100054,223,99985,223,100135,223,99967,223,100157,323,99956,223,100158,223,99929,100,100178,100,99923,100,100286,100,99920,100,100323,100,99907,100,100391,100,99900,100,100398,100,99857,100
2019-06-28 09:52:10.000000000,100030,199,100011,199,100054,199,99985,199,100135,199,99967,199,100157,299,99956,199,100158,199,99929,199,100178,100,99923,100,100286,100,99920,100,100323,100,99907,100,100391,100,99900,100,100398,100,99857,100
2019-06-28 09:52:20.000000000,100030,346,100011,346,100054,346,99985,346,100135,100,99967,100,100157,200,99956,100,100158,100,99929,100,100178,100,99923,100,100286,100,99920,100,100323,100,99907,100,100391,100,99900,100,100398,100,99857,100
2019-06-28 09:52:24.461086257,100029,100,100011,346,100030,346,99985,346,100054,346,99956,100,100135,100,99929,100,100157,200,99923,100,100158,100,99920,100,100178,100,99907,100,100286,100,99900,100,100323,100,99857,100,100391,100,99724,100
2019-06-28 09:52:25.090757453,100029,100,100011,246,100030,346,99985,346,100054,346,99956,100,100135,100,99929,100,100157,200,99923,100,100158,100,99920,100,100178,100,99907,100,100286,100,99900,100,100323,100,99857,100,100391,100,99724,100
2019-06-28 09:52:30.000000000,100029,268,99985,268,100030,263,99956,263,100054,263,99929,263,100135,100,99923,100,100157,200,99920,100,100158,100,99907,100,100178,100,99900,100,100286,100,99857,100,100323,100,99724,100,100391,100,99688,100
2019-06-28 09:52:40.000000000,100029,346,99985,346,100030,346,99956,346,100054,100,99929,100,100135,100,99923,100,100157,200,99920,100,100158,100,99907,100,100178,100,99900,100,100286,100,99857,100,100323,100,99724,100,100391,100,99688,100
2019-06-28 09:52:50.000000000,100029,268,99985,268,100030,263,99956,263,100054,263,99929,263,100135,100,99923,100,100157,200,99920,100,100158,100,99907,100,100178,100,99900,100,100286,100,99857,100,100323,100,99724,100,100391,100,99688,100
2019-06-28 09:53:00.000000000,100029,199,99985,199,100030,199,99956,199,100054,199,99929,199,100135,199,99923,199,100157,299,99920,199,100158,100,99907,100,100178,100,99900,100,100286,100,99857,100,100323,100,99724,100,100391,100,99688,100
2019-06-28 09:53:06.602259297,100029,199,99985,199,100030,199,99956,199,100054,199,99929,199,100135,199,99923,199,100157,299,99920,199,100158,100,99907,100,100178,100,99900,100,100286,100,99857,100,100323,100,99724,100,100391,100,99698,100
2019-06-28 09:53:10.000000000,100029,593,99985,593,100030,100,99956,100,100054,100,99929,100,100135,100,99923,100,100157,200,99920,100,100158,100,99907,100,100178,100,99900,100,100286,100,99857,100,100323,100,99724,100,100391,100,99698,100
2019-06-28 09:53:20.000000000,100029,268,99985,268,100030,263,99956,263,100054,263,99929,263,100135,100,99923,100,100157,200,99920,100,100158,100,99907,100,100178,100,99900,100,100286,100,99857,100,100323,100,99724,100,100391,100,99698,100
2019-06-28 09:53:21.984316095,100029,268,99985,268,100030,263,99956,263,100054,263,99929,263,100135,100,99923,100,100157,200,99920,100,100158,100,99907,100,100178,100,99900,100,100286,100,99857,100,100323,100,99827,100,100391,100,99724,100
2019-06-28 09:53:30.000000000,100029,199,99985,199,100030,199,99956,199,100054,199,99929,199,100135,199,99923,199,100157,299,99920,199,100158,100,99907,100,100178,100,99900,100,100286,100,99857,100,100323,100,99827,100,100391,100,99724,100
2019-06-28 09:53:39.751429599,100028,100,99985,199,100029,199,99956,199,100030,199,99929,199,100054,199,99923,199,100135,199,99920,199,100157,299,99907,100,100158,100,99900,100,100178,100,99857,100,100286,100,99827,100,100323,100,99724,100
2019-06-28 09:53:40.000000000,100028,223,99985,223,100029,223,99956,223,100030,223,99929,223,100054,223,99923,223,100135,100,99920,100,100157,200,99907,100,100158,100,99900,100,100178,100,99857,100,100286,100,99827,100,100323,100,99724,100
2019-06-28 09:53:45.047663284,100028,323,99985,123,100029,223,99956,223,100030,223,99929,223,100054,223,99923,223,100135,100,99920,100,100157,200,99907,100,100158,100,99900,100,100178,100,99857,100,100286,100,99827,100,100323,100,99724,100
2019-06-28 09:53:50.000000000,100028,693,99956,593,100029,100,99929,100,100030,100,99923,100,100054,100,99920,100,100135,100,99907,100,100157,200,99900,100,100158,100,99857,100,100178,100,99827,100,100286,100,99724,100,100323,100,99698,100
2019-06-28 09:53:56.872421782,100028,693,99956,493,100029,100,99929,100,100030,100,99923,100,100054,100,99920,100,100135,100,99907,100,100157,200,99900,100,100158,100,99857,100,100178,100,99827,100,100286,100,99724,100,100323,100,99698,100
2019-06-28 09:54:00.000000000,100028,368,99929,268,100029,263,99923,263,100030,263,99920,263,100054,100,99907,100,100135,100,99900,100,100157,200,99857,100,100158,100,99827,100,100178,100,99724,100,100286,100,99698,100,100323,100,99688,100
2019-06-28 09:54:07.030888184,100028,368,99929,168,100029,263,99923,263,100030,263,99920,263,100054,100,99907,100,100135,100,99900,100,100157,200,99857,100,100158,100,99827,100,100178,100,99724,100,100286,100,99688,100,100323,100,99662,100
2019-06-28 09:54:10.000000000,100028,446,99923,346,100029,346,99920,346,100030,100,99907,100,100054,100,99900,100,100135,100,99857,100,100157,200,99827,100,100158,100,99724,100,100178,100,99688,100,100286,100,99662,100,100323,100,,
2019-06-28 09:54:15.300308481,99956,100,99923,346,100028,446,99920,346,100029,346,99907,100,100030,100,99900,100,100054,100,99857,100,100135,100,99827,100,100157,200,99724,100,100158,100,99688,100,100286,100,99662,100,100323,100,,
2019-06-28 09:54:19.084989056,99956,100,99923,346,99985,100,99920,346,100028,446,99907,100,100029,346,99900,100,100030,100,99857,100,100054,100,99827,100,100135,100,99724,100,100157,200,99688,100,100158,100,99662,100,100286,100,,
2019-06-28 09:54:20.000000000,99956,199,99923,199,99985,199,99920,199,100028,299,99907,199,100029,199,99900,199,100030,199,99857,199,100054,100,99827,100,100135,100,99724,100,100157,200,99688,100,100158,100,99662,100,100286,100,,
2019-06-28 09:54:27.389917121,99956,199,99923,199,99985,199,99920,199,100028,199,99907,199,100029,199,99900,199,100030,199,99857,199,100054,100,99827,100,100135,100,99724,100,100157,200,99688,100,100158,100,99662,100,100286,100,,
2019-06-28 09:54:30.000000000,99956,223,99923,223,99985,223,99920,223,100028,223,99907,223,100029,223,99900,223,100030,100,99857,100,100054,100,99827,100,100135,100,99724,100,100157,200,99688,100,100158,100,99662,100,100286,100,,
2019-06-28 09:54:37.473607445,99956,223,99923,223,99985,223,99920,223,100028,223,99907,223,100029,223,99900,223,100030,100,99857,100,100054,100,99827,100,100135,100,99724,100,100157,200,99688,100,100158,100,99662,100,100286,100,99600,100
2019-06-28 09:54:40.000000000,99956,268,99923,268,99985,263,99920,263,100028,263,99907,263,100029,100,99900,100,100030,100,99857,100,100054,100,99827,100,100135,100,99724,100,100157,200,99688,100,100158,100,99662,100,100286,100,99600,100
2019-06-28 09:54:50.000000000,99956,268,99923,268,99985,263,99920,263,100028,263,99907,263,100029,100,99900,100,100030,100,99857,100,100054,100,99827,100,100135,100,99724,100,100157,200,99688,100,100158,100,99662,100,100286,100,99600,100
2019-06-28 09:55:00.000000000,99956,199,99923,199,99985,199,99920,199,100028,199,99907,199,100029,199,99900,199,100030,199,99857,199,100054,100,99827,100,100135,100,99724,100,100157,200,99688,100,100158,100,99662,100,100286,100,99600,100
2019-06-28 09:55:10.000000000,99956,223,99923,223,99985,223,99920,223,100028,223,99907,223,100029,223,99900,223,100030,100,99857,100,100054,100,99827,100,100135,100,99724,100,100157,200,99688,100,100158,100,99662,100,100286,100,99600,100
2019-06-28 09:55:15.319499021,99956,223,99923,223,99985,223,99920,223,100028,223,99907,223,100029,123,99900,223,100030,100,99857,100,100054,100,99827,100,100135,100,99724,100,100157,200,99688,100,100158,100,99662,100,100286,100,99659,100
2019-06-28 09:55:19.311337125,99956,223,99923,123,99985,223,99920,223,100028,223,99907,223,100029,123,99900,223,100030,100,99857,100,100054,100,99827,100,100135,100,99724,100,100157,200,99688,100,100158,100,99662,100,100286,100,99659,100
2019-06-28 09:55:20.000000000,99956,268,99920,268,99985,263,99907,263,100028,263,99900,263,100030,100,99857,100,100054,100,99827,100,100135,100,99724,100,100157,200,99688,100,100158,100,99662,100,100286,100,99659,100,100323,100,99600,100
2019-06-28 09:55:20.842773972,99956,268,99920,168,99985,263,99907,263,100028,263,99900,263,100030,100,99857,100,100054,100,99827,100,100135,100,99724,100,100157,200,99688,100,100158,100,99662,100,100286,100,99659,100,100323,100,99600,100
2019-06-28 09:55:30.000000000,99956,346,99907,346,99985,346,99900,346,100028,100,99857,100,100030,100,99827,100,100054,100,99724,100,100135,100,99688,100,100157,200,99662,100,100158,100,99659,100,100286,100,99600,100,100323,100,,
2019-06-28 09:55:40.000000000,99956,199,99907,199,99985,199,99900,199,100028,199,99857,199,100030,199,99827,199,100054,199,99724,199,100135,100,99688,100,100157,200,99662,100,100158,100,99659,100,100286,100,99600,100,100323,100,,
2019-06-28 09:55:40.468564209,99956,199,99907,99,99985,199,99900,199,100028,199,99857,199,100030,199,99827,199,100054,199,99724,199,100135,100,99688,100,100157,200,99662,100,100158,100,99659,100,100323,100,99600,100,100391,100,,
2019-06-28 09:55:44.928490310,99907,1,99900,199,99956,199,99857,199,99985,199,99827,199,100028,199,99724,199,100030,199,99688,100,100054,199,99662,100,100135,100,99659,100,100157,200,99600,100,100158,100,,,100323,100,,
2019-06-28 09:55:50.000000000,99907,247,99900,346,99956,346,99857,346,99985,100,99827,100,100028,100,99724,100,100030,100,99688,100,100054,100,99662,100,100135,100,99659,100,100157,200,99600,100,100158,100,,,100323,100,,
2019-06-28 09:56:00.000000000,99907,169,99900,268,99956,263,99857,263,99985,263,99827,263,100028,100,99724,100,100030,100,99688,100,100054,100,99662,100,100135,100,99659,100,100157,200,99600,100,100158,100,,,100323,100,,
2019-06-28 09:56:10.000000000,99907,169,99900,268,99956,263,99857,263,99985,263,99827,263,100028,100,99724,100,100030,100,99688,100,100054,100,99662,100,100135,100,99659,100,100157,200,99600,100,100158,100,,,100323,100,,
2019-06-28 09:56:13.991193076,99907,169,99900,268,99956,263,99857,263,99985,263,99827,263,100028,100,99724,100,100030,100,99688,100,100135,100,99662,100,100157,200,99659,100,100158,100,99600,100,100323,100,,,100391,100,,
2019-06-28 09:56:20.000000000,99907,169,99900,268,99956,263,99857,263,99985,263,99827,263,100028,100,99724,100,100030,100,99688,100,100135,100,99662,100,100157,200,99659,100,100158,100,99600,100,100323,100,,,100391,100,,
2019-06-28 09:56:29.685030169,99907,269,99900,268,99956,263,99857,263,99985,263,99827,263,100028,100,99724,100,100030,100,99688,100,100135,100,99662,100,100157,200,99659,100,100158,100,99600,100,100323,100,,,100391,100,,
2019-06-28 09:56:30.000000000,99907,594,99900,593,99956,100,99857,100,99985,100,99827,100,100028,100,99724,100,100030,100,99688,100,100135,100,99662,100,100157,200,99659,100,100158,100,99600,100,100323,100,,,100391,100,,
2019-06-28 09:56:32.156953497,99907,694,99900,593,99956,100,99857,100,99985,100,99827,100,100028,100,99724,100,100030,100,99688,100,100135,100,99662,100,100157,200,99659,100,100158,100,99600,100,100323,100,,,100391,100,,
2019-06-28 09:56:37.285911870,99907,694,99900,493,99956,100,99857,100,99985,100,99827,100,100028,100,99724,100,100030,100,99688,100,100135,100,99662,100,100157,200,99659,100,100158,100,99600,100,100323,100,,,100391,100,,
2019-06-28 09:56:40.000000000,99907,300,99857,199,99956,199,99827,199,99985,199,99724,199,100028,199,99688,199,100030,199,99662,199,100135,100,99659,100,100157,200,99600,100,100158,100,,,100323,100,,,100391,100,,
2019-06-28 09:56:50.000000000,99907,694,99857,593,99956,100,99827,100,99985,100,99724,100,100028,100,99688,100,100030,100,99662,100,100135,100,99659,100,100157,200,99600,100,100158,100,,,100323,100,,,100391,100,,
2019-06-28 09:56:53.128003593,99907,694,99857,593,99956,100,99827,100,99985,100,99724,100,100028,100,99688,100,100030,100,99662,100,100135,100,99659,100,100157,200,99600,100,100158,100,99467,100,100323,100,,,100391,100,,
2019-06-28 09:57:00.000000000,99907,447,99857,346,99956,346,99827,346,99985,100,99724,100,100028,100,99688,100,100030,100,99662,100,100135,100,99659,100,100157,200,99600,100,100158,100,99467,100,100323,100,,,100391,100,,
2019-06-28 09:57:05.800757268,99907,447,99857,346,99956,346,99827,246,99985,100,99724,100,100028,100,99688,100,100030,100,99662,100,100135,100,99659,100,100157,200,99600,100,100158,100,99522,100,100323,100,99467,100,100391,100,,
2019-06-28 09:57:06.458506873,99907,447,99857,346,99956,346,99827,246,99985,100,99724,100,100028,100,99688,100,100030,100,99659,100,100135,100,99600,100,100157,200,99522,100,100158,100,99521,100,100323,100,99467,100,100391,100,,
2019-06-28 09:57:10.000000000,99907,369,99857,268,99956,263,99724,263,99985,263,99688,263,100028,100,99659,100,100030,100,99600,100,100135,100,99522,100,100157,200,99521,100,100158,100,99467,100,100323,100,,,100391,100,,
2019-06-28 09:57:20.000000000,99907,324,99857,223,99956,223,99724,223,99985,223,99688,223,100028,223,99659,223,100030,100,99600,100,100135,100,99522,100,100157,200,99521,100,100158,100,99467,100,100323,100,,,100391,100,,
2019-06-28 09:57:23.663524634,99906,100,99857,223,99907,324,99724,223,99956,223,99688,223,99985,223,99659,223,100028,223,99600,100,100030,100,99522,100,100135,100,99521,100,100157,200,99467,100,100158,100,,,100323,100,,
2019-06-28 09:57:27.792619459,99906,100,99857,223,99907,324,99724,223,99956,123,99688,223,99985,223,99660,100,100028,223,99659,223,100030,100,99600,100,100135,100,99522,100,100157,200,99521,100,100158,100,99467,100,100323,100,,
2019-06-28 09:57:30.000000000,99906,346,99857,346,99907,447,99724,346,99985,100,99688,100,100028,100,99660,100,100030,100,99659,100,100135,100,99600,100,100157,200,99522,100,100158,100,99521,100,100323,100,99467,100,100391,100,,
2019-06-28 09:57:36.713110486,99906,346,99857,346,99907,447,99724,346,99985,100,99688,100,100028,100,99660,100,100030,100,99659,100,100135,100,99615,100,100157,200,99600,100,100158,100,99522,100,100323,100,99521,100,100391,100,99467,100
2019-06-28 09:57:40.000000000,99906,199,99857,199,99907,300,99724,199,99985,199,99688,199,100028,199,99660,199,100030,199,99659,199,100135,100,99615,100,100157,200,99600,100,100158,100,99522,100,100323,100,99521,100,100391,100,99467,100
2019-06-28 09:57:50.000000000,99906,268,99857,268,99907,364,99724,263,99985,263,99688,263,100028,100,99660,100,100030,100,99659,100,100135,100,99615,100,100157,200,99600,100,100158,100,99522,100,100323,100,99521,100,100391,100,99467,100
2019-06-28 09:58:00.000000000,99906,346,99857,346,99907,447,99724,346,99985,100,99688,100,100028,100,99660,100,100030,100,99659,100,100135,100,99615,100,100157,200,99600,100,100158,100,99522,100,100323,100,99521,100,100391,100,99467,100
2019-06-28 09:58:10.000000000,99906,593,99857,593,99907,201,99724,100,99985,100,99688,100,100028,100,99660,100,100030,100,99659,100,100135,100,99615,100,100157,200,99600,100,100158,100,99522,100,100323,100,99521,100,100391,100,99467,100
2019-06-28 09:58:12.344965740,99906,593,99857,593,99907,201,99724,100,99985,100,99688,100,100028,100,99660,100,100030,100,99659,100,100157,200,99615,100,100158,100,99600,100,100323,100,99522,100,100391,100,99521,100,100398,100,99467,100
2019-06-28 09:58:19.356259938,99906,593,99857,593,99907,201,99724,100,99985,100,99688,100,100028,100,99660,100,100030,100,99659,100,100136,100,99615,100,100157,200,99600,100,100158,100,99522,100,100323,100,99521,100,100391,100,99467,100
2019-06-28 09:58:20.000000000,99906,223,99857,223,99907,324,99724,223,99985,223,99688,223,100028,223,99660,223,100030,100,99659,100,100136,100,99615,100,100157,200,99600,100,100158,100,99522,100,100323,100,99521,100,100391,100,99467,100
2019-06-28 09:58:30.000000000,99906,593,99857,593,99907,201,99724,100,99985,100,99688,100,100028,100,99660,100,100030,100,99659,100,100136,100,99615,100,100157,200,99600,100,100158,100,99522,100,100323,100,99521,100,100391,100,99467,100
2019-06-28 09:58:37.786572060,99906,493,99901,100,99907,201,99857,593,99985,100,99724,100,100028,100,99688,100,100030,100,99660,100,100136,100,99659,100,100157,200,99615,100,100158,100,99600,100,100323,100,99522,100,100391,100,99521,100
2019-06-28 09:58:39.805593473,99906,493,99901,100,99907,201,99857,593,99975,100,99724,100,99985,100,99688,100,100028,100,99660,100,100030,100,99659,100,100136,100,99615,100,100157,200,99600,100,100158,100,99522,100,100323,100,99521,100
2019-06-28 09:58:40.000000000,99907,369,99901,268,99975,263,99857,263,99985,263,99724,263,100028,100,99688,100,100030,100,99660,100,100136,100,99659,100,100157,200,99615,100,100158,100,99600,100,100323,100,99522,100,100391,100,99521,100
2019-06-28 09:58:50.000000000,99907,694,99901,593,99975,100,99857,100,99985,100,99724,100,100028,100,99688,100,100030,100,99660,100,100136,100,99659,100,100157,200,99615,100,100158,100,99600,100,100323,100,99522,100,100391,100,99521,100
2019-06-28 09:59:00.000000000,99907,369,99901,268,99975,263,99857,263,99985,263,99724,263,100028,100,99688,100,100030,100,99660,100,100136,100,99659,100,100157,200,99615,100,100158,100,99600,100,100323,100,99522,100,100391,100,99521,100
2019-06-28 09:59:10.000000000,99907,694,99901,593,99975,100,99857,100,99985,100,99724,100,100028,100,99688,100,100030,100,99660,100,100136,100,99659,100,100157,200,99615,100,100158,100,99600,100,100323,100,99522,100,100391,100,99521,100
2019-06-28 09:59:20.000000000,99907,369,99901,268,99975,263,99857,263,99985,263,99724,263,100028,100,99688,100,100030,100,99660,100,100136,100,99659,100,100157,200,99615,100,100158,100,99600,100,100323,100,99522,100,100391,100,99521,100
2019-06-28 09:59:30.000000000,99907,694,99901,593,99975,100,99857,100,99985,100,99724,100,100028,100,99688,100,100030,100,99660,100,100136,100,99659,100,100157,200,99615,100,100158,100,99600,100,100323,100,99522,100,100391,100,99521,100
2019-06-28 09:59:36.468854157,99907,594,99901,593,99975,100,99857,100,99985,100,99724,100,100028,100,99688,100,100030,100,99660,100,100136,100,99659,100,100157,200,99615,100,100158,100,99600,100,100323,100,99522,100,100391,100,99521,100
2019-06-28 09:59:37.230647685,99907,494,99901,593,99975,100,99857,100,99985,100,99724,100,100028,100,99688,100,100030,100,99660,100,100136,100,99659,100,100157,200,99615,100,100158,100,99600,100,100323,100,99522,100,100391,100,99521,100
2019-06-28 09:59:40.000000000,99907,169,99901,268,99975,263,99857,263,99985,263,99724,263,100028,100,99688,100,100030,100,99660,100,100136,100,99659,100,100157,200,99615,100,100158,100,99600,100,100323,100,99522,100,100391,100,99521,100
2019-06-28 09:59:40.567541716,99907,169,99901,268,99975,263,99857,263,99985,263,99724,263,100028,100,99688,100,100030,100,99660,100,100136,100,99659,100,100157,200,99615,100,100158,100,99600,100,100197,100,99522,100,100323,100,99521,100
2019-06-28 09:59:50.000000000,99907,494,99901,593,99975,100,99857,100,99985,100,99724,100,100028,100,99688,100,100030,100,99660,100,100136,100,99659,100,100157,200,99615,100,100158,100,99600,100,100197,100,99522,100,100323,100,99521,100
2019-06-28 10:00:00.000000000,99907,124,99901,223,99975,223,99857,223,99985,223,99724,223,100028,223,99688,223,100030,100,99660,100,100136,100,99659,100,100157,200,99615,100,100158,100,99600,100,100197,100,99522,100,100323,100,99521,100
2019-06-28 10:00:05.510317448,99907,24,99901,223,99975,223,99857,223,99985,223,99724,223,100028,223,99688,223,100030,100,99660,100,100136,100,99659,100,100157,200,99615,100,100158,100,99600,100,100197,100,99522,100,100323,100,99521,100
2019-06-28 10:00:10.000000000,99975,593,99901,593,99985,100,99857,100,100028,100,99724,100,100030,100,99688,100,100136,100,99660,100,100157,200,99659,100,100158,100,99615,100,100197,100,99600,100,100323,100,99522,100,100391,100,99521,100
2019-06-28 10:00:14.533693038,99975,593,99901,593,99985,100,99857,100,100028,100,99724,100,100030,100,99688,100,100157,200,99660,100,100158,100,99659,100,100197,100,99615,100,100323,100,99600,100,100391,100,99522,100,100398,100,99521,100
2019-06-28 10:00:20.000000000,99975,593,99901,593,99985,100,99857,100,100028,100,99724,100,100030,100,99688,100,100157,200,99660,100,100158,100,99659,100,100197,100,99615,100,100323,100,99600,100,100391,100,99522,100,100398,100,99521,100
2019-06-28 10:00:30.000000000,99975,223,99901,223,99985,223,99857,223,100028,223,99724,223,100030,223,99688,223,100157,200,99660,100,100158,100,99659,100,100197,100,99615,100,100323,100,99600,100,100391,100,99522,100,100398,100,99521,100
2019-06-28 10:00:35.579948472,99975,123,99901,223,99985,223,99857,223,100028,223,99724,223,100030,223,99688,123,100157,200,99660,100,100158,100,99659,100,100197,100,99615,100,100323,100,99600,100,100391,100,99522,100,100398,100,99521,100
2019-06-28 10:00:40.000000000,99985,268,99901,268,100028,263,99857,263,100030,263,99724,263,100157,200,99660,100,100158,100,99659,100,100197,100,99615,100,100323,100,99600,100,100391,100,99522,100,100398,100,99521,100,100470,100,99467,100
2019-06-28 10:00:50.000000000,99985,346,99901,346,100028,346,99857,346,100030,100,99724,100,100157,200,99660,100,100158,100,99659,100,100197,100,99615,100,100323,100,99600,100,100391,100,99522,100,100398,100,99521,100,100470,100,99467,100
2019-06-28 10:01:00.000000000,99985,593,99901,593,100028,100,99857,100,100030,100,99724,100,100157,200,99660,100,100158,100,99659,100,100197,100,99615,100,100323,100,99600,100,100391,100,99522,100,100398,100,99521,100,100470,100,99467,100
2019-06-28 10:01:10.000000000,99985,346,99901,346,100028,346,99857,346,100030,100,99724,100,100157,200,99660,100,100158,100,99659,100,100197,100,99615,100,100323,100,99600,100,100391,100,99522,100,100398,100,99521,100,100470,100,99467,100
2019-06-28 10:01:10.726467583,99985,346,99901,346,100028,346,99857,346,100030,100,99724,100,100157,200,99660,100,100158,100,99659,100,100197,100,99615,100,100323,100,99600,100,100391,100,99522,100,100398,100,99521,100,100470,100,99467,100
2019-06-28 10:01:20.000000000,99985,346,99901,346,100028,346,99857,346,100030,100,99724,100,100157,200,99660,100,100158,100,99659,100,100197,100,99615,100,100323,100,99600,100,100391,100,99522,100,100398,100,99521,100,100470,100,99467,100
2019-06-28 10:01:30.000000000,99985,223,99901,223,100028,223,99857,223,100030,223,99724,223,100157,323,99660,223,100158,100,99659,100,100197,100,99615,100,100323,100,99600,100,100391,100,99522,100,100398,100,99521,100,100470,100,99467,100
2019-06-28 10:01:40.000000000,99985,223,99901,223,100028,223,99857,223,100030,223,99724,223,100157,323,99660,223,100158,100,99659,100,100197,100,99615,100,100323,100,99600,100,100391,100,99522,100,100398,100,99521,100,100470,100,99467,100
2019-06-28 10:01:47.150589838,99985,223,99907,100,100028,223,99901,223,100030,223,99857,223,100157,223,99724,223,100158,100,99660,223,100197,100,99659,100,100323,100,99615,100,100391,100,99600,100,100398,100,99522,100,100470,100,99521,100
2019-06-28 10:01:50.000000000,99985,593,99907,593,100028,100,99901,100,100030,100,99857,100,100157,100,99724,100,100158,100,99660,100,100197,100,99659,100,100323,100,99615,100,100391,100,99600,100,100398,100,99522,100,100470,100,99521,100
2019-06-28 10:01:52.833925908,99985,493,99907,593,100028,100,99901,100,100030,100,99857,100,100157,100,99724,100,100158,100,99660,100,100197,100,99659,100,100323,100,99615,100,100391,100,99600,100,100398,100,99522,100,100470,100,99521,100
2019-06-28 10:02:00.000000000,100028,593,99907,593,100030,100,99901,100,100157,100,99857,100,100158,100,99724,100,100197,100,99660,100,100323,100,99659,100,100391,100,99615,100,100398,100,99600,100,100470,100,99522,100,100573,100,99521,100
2019-06-28 10:02:10.000000000,100028,346,99907,346,100030,346,99901,346,100157,100,99857,100,100158,100,99724,100,100197,100,99660,100,100323,100,99659,100,100391,100,99615,100,100398,100,99600,100,100470,100,99522,100,100573,100,99521,100
2019-06-28 10:02:14.129121580,100028,246,99907,346,100030,346,99901,346,100157,100,99857,100,100158,100,99724,100,100197,100,99660,100,100323,100,99659,100,100391,100,99615,100,100398,100,99600,100,100470,100,99522,100,100573,100,99521,100
2019-06-28 10:02:20.000000000,100030,268,99907,268,100157,263,99901,263,100158,263,99857,263,100197,100,99724,100,100323,100,99660,100,100391,100,99659,100,100398,100,99615,100,100470,100,99600,100,100573,100,99522,100,100614,100,99521,100
2019-06-28 10:02:30.000000000,100030,593,99907,593,100157,100,99901,100,100158,100,99857,100,100197,100,99724,100,100323,100,99660,100,100391,100,99659,100,100398,100,99615,100,100470,100,99600,100,100573,100,99522,100,100614,100,99521,100
2019-06-28 10:02:30.134848352,100030,493,99907,593,100157,100,99901,100,100158,100,99857,100,100197,100,99724,100,100323,100,99660,100,100391,100,99659,100,100398,100,99615,100,100470,100,99600,100,100573,100,99522,100,100614,100,99521,100
2019-06-28 10:02:40.000000000,100157,268,99907,268,100158,263,99901,263,100197,263,99857,263,100323,100,99724,100,100391,100,99660,100,100398,100,99659,100,100470,100,99615,100,100573,100,99600,100,100614,100,99522,100,100634,100,99521,100
2019-06-28 10:02:50.000000000,100157,199,99907,199,100158,199,99901,199,100197,199,99857,199,100323,199,99724,199,100391,199,99660,199,100398,100,99659,100,100470,100,99615,100,100573,100,99600,100,100614,100,99522,100,100634,100,99521,100
2019-06-28 10:02:51.583762443,100157,99,99907,199,100158,199,99901,199,100197,199,99857,199,100323,199,99724,199,100391,199,99660,199,100398,100,99659,100,100470,100,99615,100,100573,100,99600,100,100614,100,99522,100,100634,100,99521,100
2019-06-28 10:02:58.897026922,100158,199,100157,1,100197,199,99907,199,100323,199,99901,199,100391,199,99857,199,100398,100,99724,199,100470,100,99660,199,100573,100,99659,100,100614,100,99615,100,100634,100,99600,100,100710,100,99522,100
2019-06-28 10:03:00.000000000,100158,199,100157,100,100197,199,99907,199,100323,199,99901,199,100391,199,99857,199,100398,199,99724,199,100470,100,99660,100,100573,100,99659,100,100614,100,99615,100,100634,100,99600,100,100710,100,99522,100
2019-06-28 10:03:10.000000000,100158,199,100157,100,100197,199,99907,199,100323,199,99901,199,100391,199,99857,199,100398,199,99724,199,100470,100,99660,100,100573,100,99659,100,100614,100,99615,100,100634,100,99600,100,100710,100,99522,100
2019-06-28 10:03:10.286092078,100158,199,100157,100,100197,199,99907,199,100323,199,99901,199,100381,100,99857,199,100391,199,99724,199,100398,199,99660,100,100470,100,99659,100,100573,100,99615,100,100614,100,99600,100,100634,100,99522,100
2019-06-28 10:03:14.625221665,100158,199,100157,200,100197,199,99907,199,100323,199,99901,199,100381,100,99857,199,100391,199,99724,199,100398,199,99660,100,100470,100,99659,100,100573,100,99615,100,100614,100,99600,100,100634,100,99522,100
2019-06-28 10:03:20.000000000,100158,199,100157,200,100197,199,99907,199,100323,199,99901,199,100381,199,99857,199,100391,199,99724,199,100398,100,99660,100,100470,100,99659,100,100573,100,99615,100,100614,100,99600,100,100634,100,99522,100
2019-06-28 10:03:30.000000000,100158,593,100157,594,100197,100,99907,100,100323,100,99901,100,100381,100,99857,100,100391,100,99724,100,100398,100,99660,100,100470,100,99659,100,100573,100,99615,100,100614,100,99600,100,100634,100,99522,100
2019-06-28 10:03:40.000000000,100158,268,100157,269,100197,263,99907,263,100323,263,99901,263,100381,100,99857,100,100391,100,99724,100,100398,100,99660,100,100470,100,99659,100,100573,100,99615,100,100614,100,99600,100,100634,100,99522,100
2019-06-28 10:03:50.000000000,100158,593,100157,594,100197,100,99907,100,100323,100,99901,100,100381,100,99857,100,100391,100,99724,100,100398,100,99660,100,100470,100,99659,100,100573,100,99615,100,100614,100,99600,100,100634,100,99522,100
2019-06-28 10:04:00.000000000,100158,199,100157,200,100197,199,99907,199,100323,199,99901,199,100381,199,99857,199,100391,199,99724,199,100398,100,99660,100,100470,100,99659,100,100573,100,99615,100,100614,100,99600,100,100634,100,99522,100
2019-06-28 10:04:04.751257776,100158,199,100157,200,100197,199,99907,199,100237,100,99901,199,100323,199,99857,199,100381,199,99724,199,100391,199,99660,100,100398,100,99659,100,100470,100,99615,100,100573,100,99600,100,100614,100,99522,100
2019-06-28 10:04:04.889838350,100158,199,100157,200,100197,199,99907,199,100237,100,99901,199,100283,100,99857,199,100323,199,99724,199,100381,199,99660,100,100391,199,99659,100,100398,100,99615,100,100470,100,99600,100,100573,100,99522,100
2019-06-28 10:04:10.000000000,100158,223,100157,224,100197,223,99907,223,100237,223,99901,223,100283,223,99857,223,100323,100,99724,100,100381,100,99660,100,100391,100,99659,100,100398,100,99615,100,100470,100,99600,100,100573,100,99522,100
2019-06-28 10:04:17.974571295,100158,223,100157,224,100197,223,99907,223,100237,223,99905,100,100283,223,99901,223,100323,100,99857,223,100381,100,99724,100,100391,100,99660,100,100398,100,99659,100,100470,100,99615,100,100573,100,99600,100
2019-06-28 10:04:20.000000000,100158,199,100157,200,100197,199,99907,199,100237,199,99905,199,100283,199,99901,199,100323,199,99857,199,100381,100,99724,100,100391,100,99660,100,100398,100,99659,100,100470,100,99615,100,100573,100,99600,100
2019-06-28 10:04:30.000000000,100158,199,100157,200,100197,199,99907,199,100237,199,99905,199,100283,199,99901,199,100323,199,99857,199,100381,100,99724,100,100391,100,99660,100,100398,100,99659,100,100470,100,99615,100,100573,100,99600,100
2019-06-28 10:04:40.000000000,100158,268,100157,269,100197,263,99907,263,100237,263,99905,263,100283,100,99901,100,100323,100,99857,100,100381,100,99724,100,100391,100,99660,100,100398,100,99659,100,100470,100,99615,100,100573,100,99600,100
2019-06-28 10:04:44.735201005,100158,268,100157,268,100197,263,99907,263,100237,263,99905,263,100283,100,99901,100,100323,100,99857,100,100381,100,99772,100,100391,100,99724,100,100398,100,99660,100,100470,100,99659,100,100573,100,99615,100
2019-06-28 10:04:50.000000000,100158,199,100157,199,100197,199,99907,199,100237,199,99905,199,100283,199,99901,199,100323,199,99857,199,100381,100,99772,100,100391,100,99724,100,100398,100,99660,100,100470,100,99659,100,100573,100,99615,100
2019-06-28 10:04:50.463773268,100158,199,100157,199,100197,199,100147,100,100237,199,99907,199,100283,199,99905,199,100323,199,99901,199,100381,100,99857,199,100391,100,99772,100,100398,100,99724,100,100470,100,99660,100,100573,100,99659,100
2019-06-28 10:05:00.000000000,100158,199,100157,199,100197,199,100147,199,100237,199,99907,199,100283,199,99905,199,100323,199,99901,199,100381,100,99857,100,100391,100,99772,100,100398,100,99724,100,100470,100,99660,100,100573,100,99659,100
2019-06-28 10:05:10.000000000,100158,223,100157,223,100197,223,100147,223,100237,223,99907,223,100283,223,99905,223,100323,100,99901,100,100381,100,99857,100,100391,100,99772,100,100398,100,99724,100,100470,100,99660,100,100573,100,99659,100
2019-06-28 10:05:10.326746894,100158,123,100157,223,100197,223,100147,223,100237,223,99907,223,100283,223,99905,223,100323,100,99901,100,100381,100,99857,100,100391,100,99772,100,100398,100,99724,100,100470,100,99660,100,100573,100,99659,100
2019-06-28 10:05:15.559451125,100158,123,100157,223,100197,223,100147,223,100237,223,100136,100,100283,223,99907,223,100323,100,99905,223,100381,100,99901,100,100391,100,99857,100,100398,100,99772,100,100470,100,99724,100,100573,100,99660,100
2019-06-28 10:05:16.148905876,100158,123,100157,123,100197,223,100147,223,100237,223,100136,100,100283,223,99907,223,100323,100,99905,223,100381,100,99901,100,100391,100,99857,100,100398,100,99772,100,100470,100,99724,100,100573,100,99660,100
2019-06-28 10:05:20.000000000,100197,268,100147,268,100237,263,100136,263,100283,263,99907,263,100323,100,99905,100,100381,100,99901,100,100391,100,99857,100,100398,100,99772,100,100470,100,99724,100,100573,100,99660,100,100634,100,99659,100
2019-06-28 10:05:30.000000000,100197,346,100147,346,100237,346,100136,346,100283,100,99907,100,100323,100,99905,100,100381,100,99901,100,100391,100,99857,100,100398,100,99772,100,100470,100,99724,100,100573,100,99660,100,100634,100,99659,100
2019-06-28 10:05:37.251509439,100197,346,100147,346,100237,346,100136,346,100283,100,99907,100,100323,100,99905,100,100381,100,99901,100,100391,100,99857,100,100398,100,99840,100,100470,100,99772,100,100573,100,99724,100,100634,100,99660,100
2019-06-28 10:05:40.000000000,100197,346,100147,346,100237,346,100136,346,100283,100,99907,100,100323,100,99905,100,100381,100,99901,100,100391,100,99857,100,100398,100,99840,100,100470,100,99772,100,100573,100,99724,100,100634,100,99660,100
2019-06-28 10:05:50.000000000,100197,223,100147,223,100237,223,100136,223,100283,223,99907,223,100323,223,99905,223,100381,100,99901,100,100391,100,99857,100,100398,100,99840,100,100470,100,99772,100,100573,100,99724,100,100634,100,99660,100
2019-06-28 10:05:51.156936981,100197,223,100147,223,100237,223,100136,223,100283,223,99907,223,100323,223,99905,223,100381,100,99901,100,100391,100,99857,100,100398,100,99840,100,100470,100,99808,100,100573,100,99772,100,100634,100,99724,100
2019-06-28 10:06:00.000000000,100197,199,100147,199,100237,199,100136,199,100283,199,99907,199,100323,199,99905,199,100381,199,99901,199,100391,100,99857,100,100398,100,99840,100,100470,100,99808,100,100573,100,99772,100,100634,100,99724,100
2019-06-28 10:06:02.580943609,100197,199,100147,99,100237,199,100136,199,100283,199,99907,199,100323,199,99905,199,100381,199,99901,199,100391,100,99857,100,100398,100,99840,100,100470,100,99808,100,100573,100,99772,100,100634,100,99724,100
2019-06-28 10:06:10.000000000,100197,268,100136,268,100237,263,99907,263,100283,263,99905,263,100323,100,99901,100,100381,100,99857,100,100391,100,99840,100,100398,100,99808,100,100470,100,99772,100,100573,100,99724,100,100634,100,99660,100
2019-06-28 10:06:16.438257993,100157,100,100136,268,100197,268,99907,263,100237,263,99905,263,100283,263,99901,100,100323,100,99857,100,100381,100,99840,100,100391,100,99808,100,100398,100,99772,100,100470,100,99724,100,100573,100,99660,100
2019-06-28 10:06:18.600751497,100157,100,100136,268,100197,268,99907,263,100237,263,99905,263,100283,263,99901,100,100323,100,99857,100,100370,100,99840,100,100381,100,99808,100,100391,100,99772,100,100398,100,99724,100,100470,100,99660,100
2019-06-28 10:06:20.000000000,100157,199,100136,199,100197,199,99907,199,100237,199,99905,199,100283,199,99901,199,100323,199,99857,199,100370,100,99840,100,100381,100,99808,100,100391,100,99772,100,100398,100,99724,100,100470,100,99660,100
2019-06-28 10:06:30.000000000,100157,199,100136,199,100197,199,99907,199,100237,199,99905,199,100283,199,99901,199,100323,199,99857,199,100370,100,99840,100,100381,100,99808,100,100391,100,99772,100,100398,100,99724,100,100470,100,99660,100
2019-06-28 10:06:40.000000000,100157,593,100136,593,100197,100,99907,100,100237,100,99905,100,100283,100,99901,100,100323,100,99857,100,100370,100,99840,100,100381,100,99808,100,100391,100,99772,100,100398,100,99724,100,100470,100,99660,100
2019-06-28 10:06:50.000000000,100157,199,100136,199,100197,199,99907,199,100237,199,99905,199,100283,199,99901,199,100323,199,99857,199,100370,100,99840,100,100381,100,99808,100,100391,100,99772,100,100398,100,99724,100,100470,100,99660,100
2019-06-28 10:06:58.149736730,100157,299,100136,199,100197,199,99907,199,100237,199,99905,199,100283,199,99901,199,100323,199,99857,199,100370,100,99840,100,100381,100,99808,100,100391,100,99772,100,100398,100,99724,100,100470,100,99660,100
2019-06-28 10:07:00.000000000,100157,368,100136,268,100197,263,99907,263,100237,263,99905,263,100283,100,99901,100,100323,100,99857,100,100370,100,99840,100,100381,100,99808,100,100391,100,99772,100,100398,100,99724,100,100470,100,99660,100
