,ask_price_1,ask_size_1,bid_price_1,bid_size_1,ask_price_2,ask_size_2,bid_price_2,bid_size_2,ask_price_3,ask_size_3,bid_price_3,bid_size_3,ask_price_4,ask_size_4,bid_price_4,bid_size_4,ask_price_5,ask_size_5,bid_price_5,bid_size_5,ask_price_6,ask_size_6,bid_price_6,bid_size_6,ask_price_7,ask_size_7,bid_price_7,bid_size_7,ask_price_8,ask_size_8,bid_price_8,bid_size_8,ask_price_9,ask_size_9,bid_price_9,bid_size_9,ask_price_10,ask_size_10,bid_price_10,bid_size_10
2019-06-28 09:30:00.000000000,100107,100,,,,,,,,,,,,,,,,,,,,,,,,,,,,,,,,,,,,,,
2019-06-28 09:30:00.000000001,99997,100,,,100019,100,,,100079,100,,,100107,100,,,,,,,,,,,,,,,,,,,,,,,,,,
2019-06-28 09:30:00.000000002,100019,100,,,100079,100,,,100107,100,,,,,,,,,,,,,,,,,,,,,,,,,,,,,,
2019-06-28 09:30:00.000000004,100019,100,,,100079,100,,,100083,100,,,100107,100,,,,,,,,,,,,,,,,,,,,,,,,,,
2019-06-28 09:30:00.000000005,100019,100,,,100079,100,,,100083,100,,,100102,100,,,100107,100,,,,,,,,,,,,,,,,,,,,,,
2019-06-28 09:30:00.000000006,100019,100,99946,100,100079,100,,,100083,100,,,100102,100,,,100107,100,,,,,,,,,,,,,,,,,,,,,,
2019-06-28 09:30:00.000000007,100019,100,99990,100,100079,100,99946,100,100083,100,,,100102,100,,,100107,100,,,,,,,,,,,,,,,,,,,,,,
2019-06-28 09:30:00.000000008,100019,100,99990,100,100079,100,99982,100,100083,100,99946,100,100102,100,99838,100,100107,100,,,,,,,,,,,,,,,,,,,,,,
2019-06-28 09:30:00.000000009,100079,100,99982,100,100083,100,99946,100,100102,100,99838,100,100107,100,,,,,,,,,,,,,,,,,,,,,,,,,,
2019-06-28 09:30:00.000000013,100079,100,100034,100,100083,100,99982,100,100102,100,99946,100,100107,100,99838,100,,,,,,,,,,,,,,,,,,,,,,,,
2019-06-28 09:30:00.000000014,100049,100,100034,100,100079,100,99982,100,100083,100,99946,100,100102,100,99838,100,100107,100,,,,,,,,,,,,,,,,,,,,,,
2019-06-28 09:30:00.000000015,100049,100,100034,100,100063,100,99982,100,100079,100,99946,100,100083,100,99838,100,100102,100,,,100107,100,,,,,,,,,,,,,,,,,,
2019-06-28 09:30:00.000000020,100049,100,100034,100,100063,100,99982,100,100079,100,99968,100,100083,100,99946,100,100102,100,99838,100,100107,100,,,,,,,,,,,,,,,,,,
2019-06-28 09:30:00.000000022,100049,100,100034,100,100063,100,99990,100,100079,100,99982,100,100083,100,99968,100,100102,100,99946,100,100107,100,99838,100,,,,,,,,,,,,,,,,
2019-06-28 09:30:00.000000025,100049,100,100034,100,100063,100,99990,200,100079,100,99982,100,100083,100,99968,100,100102,100,99946,100,100107,100,99838,100,,,,,,,,,,,,,,,,
2019-06-28 09:30:00.000000027,100049,100,100034,100,100063,100,99990,200,100079,100,99982,100,100083,100,99968,100,100102,100,99960,100,100107,100,99946,100,,,99838,100,,,,,,,,,,,,
2019-06-28 09:30:00.000000030,100049,100,100034,100,100063,100,99990,200,100079,100,99982,100,100083,100,99968,100,100102,100,99960,100,100107,100,99946,100,,,99868,100,,,99838,100,,,,,,,,
2019-06-28 09:30:00.000000031,100049,100,99990,200,100063,100,99982,100,100079,100,99968,100,100083,100,99960,100,100102,100,99946,100,100107,100,99868,100,,,99838,100,,,,,,,,,,,,
2019-06-28 09:30:00.000000033,100025,100,99990,200,100049,100,99982,100,100063,100,99968,100,100079,100,99960,100,100083,100,99946,100,100102,100,99868,100,100107,100,99838,100,,,,,,,,,,,,
2019-06-28 09:30:00.000000035,100025,100,99990,200,100049,100,99982,100,100063,100,99968,100,100079,100,99960,100,100083,100,99946,100,100097,100,99868,100,100102,100,99838,100,100107,100,,,,,,,,,,
2019-06-28 09:30:00.000000038,100025,100,99990,200,100034,100,99982,100,100049,100,99968,100,100063,100,99960,100,100079,100,99946,100,100083,100,99868,100,100097,100,99838,100,100102,100,,,100107,100,,,,,,
2019-06-28 09:30:00.000000040,100025,100,99990,200,100034,200,99982,100,100049,100,99968,100,100063,100,99960,100,100079,100,99946,100,100083,100,99942,100,100097,100,99868,100,100102,100,99838,100,100107,100,,,100134,100,,
2019-06-28 09:30:00.000000041,100034,200,99990,200,100049,100,99982,100,100063,100,99968,100,100079,100,99960,100,100083,100,99946,100,100097,100,99942,100,100102,100,99868,100,100107,100,99838,100,100134,100,,,,,,
2019-06-28 09:30:00.000000043,100034,200,100019,100,100039,100,99990,200,100049,100,99982,100,100063,100,99968,100,100079,100,99960,100,100083,100,99946,100,100097,100,99942,100,100102,100,99868,100,100107,100,99838,100,100134,100,,
2019-06-28 09:30:00.000000047,100034,200,100019,100,100039,100,99990,200,100049,100,99982,100,100063,100,99968,100,100079,100,99960,100,100083,100,99946,100,100097,100,99942,100,100102,100,99873,100,100107,100,99868,100,100134,100,99838,100
2019-06-28 09:30:00.000000050,100034,200,100019,100,100039,100,99990,200,100049,100,99982,100,100063,100,99968,100,100079,100,99960,100,100083,100,99946,100,100097,100,99942,100,100102,100,99873,100,100107,100,99868,100,100134,100,99838,100
2019-06-28 09:30:00.000000053,100033,100,100019,100,100034,200,99990,200,100039,100,99982,100,100049,100,99968,100,100063,100,99960,100,100079,100,99946,100,100083,100,99942,100,100097,100,99873,100,100102,100,99868,100,100107,100,99845,100
2019-06-28 09:30:00.000000056,100033,100,100025,100,100034,200,100019,100,100039,100,99990,200,100049,100,99982,100,100063,100,99968,100,100079,100,99960,100,100083,100,99946,100,100097,100,99942,100,100102,100,99873,100,100107,100,99868,100
2019-06-28 09:30:00.000000057,100033,100,100025,100,100034,200,100019,100,100039,100,99990,200,100049,100,99982,100,100063,100,99976,100,100079,100,99968,100,100083,100,99960,100,100097,100,99946,100,100102,100,99942,100,100107,100,99873,100
2019-06-28 09:30:00.000000059,100033,100,100025,100,100034,200,100019,100,100039,100,100003,100,100049,100,99990,200,100063,100,99982,100,100079,100,99976,100,100083,100,99968,100,100097,100,99960,100,100102,100,99946,100,100107,100,99942,100
2019-06-28 09:30:00.000000060,100033,100,100025,100,100034,200,100019,100,100039,100,100003,100,100049,100,99990,200,100063,100,99982,100,100070,100,99976,100,100079,100,99968,100,100083,100,99960,100,100097,100,99946,100,100102,100,99942,100
2019-06-28 09:30:00.000000061,100033,100,100019,100,100034,200,100003,100,100039,100,99990,200,100049,100,99982,100,100063,100,99976,100,100070,100,99968,100,100079,100,99960,100,100083,100,99946,100,100097,100,99942,100,100102,100,99873,100
2019-06-28 09:30:00.000000063,100033,100,100019,100,100034,200,100003,100,100039,100,99990,200,100049,100,99982,100,100063,100,99976,100,100070,100,99968,100,100079,100,99960,100,100083,100,99946,100,100097,100,99942,100,100102,100,99873,100
2019-06-28 09:30:00.000000065,100033,100,100019,100,100034,200,100003,100,100039,100,99990,200,100049,100,99982,100,100063,100,99976,100,100070,100,99968,100,100079,100,99960,100,100083,100,99946,100,100097,100,99942,100,100102,100,99873,100
2019-06-28 09:30:00.000000066,100033,100,100025,100,100034,200,100019,100,100039,100,100003,100,100049,100,99990,200,100063,100,99982,100,100070,100,99976,100,100079,100,99968,100,100083,100,99960,100,100097,100,99946,100,100102,100,99942,100
2019-06-28 09:30:00.000000073,100033,100,100019,100,100034,200,100003,100,100039,100,99990,200,100049,100,99982,100,100063,100,99976,100,100070,100,99968,100,100079,100,99960,100,100083,100,99946,100,100097,100,99942,100,100102,100,99873,100
2019-06-28 09:30:00.000000075,100033,100,100019,100,100034,200,100003,100,100039,100,99990,200,100049,100,99982,100,100063,100,99976,100,100070,100,99968,100,100079,100,99960,100,100083,100,99946,100,100094,100,99942,100,100097,100,99873,100
2019-06-28 09:30:00.000000076,100025,100,100019,100,100033,100,100003,100,100034,200,99990,200,100039,100,99982,100,100049,100,99976,100,100063,100,99968,100,100070,100,99960,100,100079,100,99946,100,100083,100,99942,100,100094,100,99873,100
2019-06-28 09:30:00.000000081,100025,100,100019,100,100033,100,100007,100,100034,200,100003,100,100039,100,99990,200,100049,100,99982,100,100063,100,99976,100,100070,100,99968,100,100079,100,99960,100,100083,100,99946,100,100094,100,99942,100
2019-06-28 09:30:00.000000083,100025,100,100019,100,100033,100,100007,100,100034,200,100003,100,100039,100,99990,200,100049,100,99982,100,100063,100,99976,100,100070,100,99968,100,100079,100,99960,100,100083,100,99946,100,100094,100,99942,100
2019-06-28 09:30:00.000000085,100025,100,100019,100,100033,100,100007,100,100034,200,100003,100,100039,100,99990,200,100049,100,99982,100,100063,100,99976,100,100070,100,99968,100,100079,100,99960,100,100083,100,99946,100,100094,100,99942,100
2019-06-28 09:30:00.000000087,100025,100,100019,100,100033,100,100007,100,100034,200,100003,100,100039,100,99990,200,100049,100,99982,100,100063,100,99976,100,100070,100,99968,100,100079,100,99960,100,100083,100,99946,100,100094,100,99942,100
2019-06-28 09:30:00.000000088,100025,100,100019,100,100033,100,100007,100,100034,200,100003,100,100039,100,99990,200,100049,100,99982,100,100063,100,99976,100,100070,100,99968,100,100079,100,99960,100,100083,100,99946,100,100094,100,99942,100
2019-06-28 09:30:00.000000091,100023,100,100019,100,100025,100,100007,100,100033,100,100003,100,100034,200,99990,200,100039,100,99982,100,100049,100,99976,100,100063,100,99968,100,100070,100,99960,100,100079,100,99946,100,100083,100,99942,100
2019-06-28 09:30:00.000000093,100023,100,100019,100,100025,100,100007,100,100033,100,100003,100,100034,200,99990,200,100039,100,99982,100,100049,100,99976,100,100063,100,99968,100,100070,100,99960,100,100079,100,99946,100,100083,100,99942,100
2019-06-28 09:30:00.000000094,100023,100,100019,100,100025,100,100007,100,100033,100,100003,100,100034,200,99997,100,100039,100,99990,200,100049,100,99982,100,100063,100,99976,100,100070,100,99968,100,100079,100,99960,100,100083,100,99946,100
2019-06-28 09:30:00.000000095,100023,100,100019,100,100025,100,100007,100,100033,100,100003,100,100034,200,99997,100,100039,100,99990,200,100049,100,99989,100,100063,100,99982,100,100070,100,99976,100,100079,100,99968,100,100083,100,99960,100
2019-06-28 09:30:00.000000096,100023,100,100019,100,100025,100,100007,100,100033,100,100003,100,100034,200,99997,100,100039,100,99990,200,100049,100,99989,100,100063,100,99982,100,100070,100,99976,100,100079,100,99968,100,100083,100,99960,100
2019-06-28 09:30:02.662606015,100025,100,100019,100,100033,100,100007,100,100034,200,100003,100,100039,100,99997,100,100049,100,99990,200,100063,100,99989,100,100070,100,99982,100,100079,100,99976,100,100083,100,99968,100,100094,100,99960,100
2019-06-28 09:30:08.366541534,100025,100,100019,100,100033,100,100003,100,100034,200,99997,100,100039,100,99990,200,100049,100,99989,100,100063,100,99982,100,100070,100,99976,100,100079,100,99968,100,100083,100,99960,100,100094,100,99946,100
2019-06-28 09:30:10.000000000,100025,556,100019,556,100033,100,100003,100,100034,200,99997,100,100039,100,99990,200,100049,100,99989,100,100063,100,99982,100,100070,100,99976,100,100079,100,99968,100,100083,100,99960,100,100094,100,99946,100
2019-06-28 09:30:20.000000000,100025,328,100019,328,100033,328,100003,328,100034,200,99997,100,100039,100,99990,200,100049,100,99989,100,100063,100,99982,100,100070,100,99976,100,100079,100,99968,100,100083,100,99960,100,100094,100,99946,100
2019-06-28 09:30:22.416062494,100025,328,100019,328,100033,328,100017,100,100034,200,100003,328,100039,100,99997,100,100049,100,99990,200,100063,100,99989,100,100070,100,99982,100,100079,100,99976,100,100083,100,99968,100,100094,100,99960,100
2019-06-28 09:30:30.000000000,100025,255,100019,255,100033,250,100017,250,100034,350,100003,250,100039,100,99997,100,100049,100,99990,200,100063,100,99989,100,100070,100,99982,100,100079,100,99976,100,100083,100,99968,100,100094,100,99960,100
2019-06-28 09:30:40.000000000,100025,328,100019,328,100033,328,100017,328,100034,200,100003,100,100039,100,99997,100,100049,100,99990,200,100063,100,99989,100,100070,100,99982,100,100079,100,99976,100,100083,100,99968,100,100094,100,99960,100
2019-06-28 09:30:46.574793435,100025,428,100019,328,100033,328,100017,328,100034,200,100003,100,100039,100,99997,100,100049,100,99990,200,100070,100,99989,100,100079,100,99982,100,100083,100,99976,100,100094,100,99968,100,100097,100,99960,100
2019-06-28 09:30:50.000000000,100025,355,100019,255,100033,250,100017,250,100034,350,100003,250,100039,100,99997,100,100049,100,99990,200,100070,100,99989,100,100079,100,99982,100,100083,100,99976,100,100094,100,99968,100,100097,100,99960,100
2019-06-28 09:31:00.000000000,100025,428,100019,328,100033,328,100017,328,100034,200,100003,100,100039,100,99997,100,100049,100,99990,200,100070,100,99989,100,100079,100,99982,100,100083,100,99976,100,100094,100,99968,100,100097,100,99960,100
2019-06-28 09:31:10.000000000,100025,355,100019,255,100033,250,100017,250,100034,350,100003,250,100039,100,99997,100,100049,100,99990,200,100070,100,99989,100,100079,100,99982,100,100083,100,99976,100,100094,100,99968,100,100097,100,99960,100
2019-06-28 09:31:20.000000000,100025,291,100019,191,100033,191,100017,191,100034,291,100003,191,100039,191,99997,191,100049,191,99990,291,100070,100,99989,100,100079,100,99982,100,100083,100,99976,100,100094,100,99968,100,100097,100,99960,100
2019-06-28 09:31:20.938383765,100025,291,100019,191,100033,191,100017,191,100034,291,100003,191,100039,191,99997,191,100049,191,99990,291,100070,100,99989,100,100079,100,99982,100,100083,100,99976,100,100094,100,99968,100,100097,100,99960,100
2019-06-28 09:31:30.000000000,100025,428,100019,328,100033,328,100017,328,100034,200,100003,100,100039,100,99997,100,100049,100,99990,200,100070,100,99989,100,100079,100,99982,100,100083,100,99976,100,100094,100,99968,100,100097,100,99960,100
2019-06-28 09:31:31.148548403,100025,328,100019,328,100033,328,100017,328,100034,200,100003,100,100039,100,99997,100,100049,100,99990,100,100070,100,99989,100,100079,100,99982,100,100083,100,99976,100,100094,100,99968,100,100097,100,99960,100
2019-06-28 09:31:36.242063827,100025,328,100019,328,100033,328,100017,328,100034,200,100003,100,100039,100,99997,100,100049,100,99990,100,100070,100,99989,100,100079,100,99982,100,100083,100,99976,100,100094,100,99968,100,100097,100,99960,100
2019-06-28 09:31:40.000000000,100025,255,100019,255,100033,250,100017,250,100034,350,100003,250,100039,100,99997,100,100049,100,99990,100,100070,100,99989,100,100079,100,99982,100,100083,100,99976,100,100094,100,99968,100,100097,100,99960,100
2019-06-28 09:31:50.000000000,100025,556,100019,556,100033,100,100017,100,100034,200,100003,100,100039,100,99997,100,100049,100,99990,100,100070,100,99989,100,100079,100,99982,100,100083,100,99976,100,100094,100,99968,100,100097,100,99960,100
2019-06-28 09:31:57.225597191,100025,556,100019,556,100033,100,100017,100,100034,200,100003,100,100039,100,99997,100,100049,100,99990,100,100070,100,99989,100,100079,100,99982,100,100083,100,99976,100,100094,100,99968,100,100097,100,99960,100
2019-06-28 09:32:00.000000000,100025,255,100019,255,100033,250,100017,250,100034,350,100003,250,100039,100,99997,100,100049,100,99990,100,100070,100,99989,100,100079,100,99982,100,100083,100,99976,100,100094,100,99968,100,100097,100,99960,100
2019-06-28 09:32:04.947692085,100025,255,100019,255,100033,250,100017,250,100034,350,100003,250,100039,100,99997,100,100049,100,99990,100,100070,100,99989,100,100079,100,99982,100,100083,100,99976,100,100094,100,99968,100,100097,100,99960,100
2019-06-28 09:32:10.000000000,100025,214,100019,214,100033,214,100017,214,100034,314,100003,214,100039,214,99997,214,100049,100,99990,100,100070,100,99989,100,100079,100,99982,100,100083,100,99976,100,100094,100,99968,100,100097,100,99960,100
2019-06-28 09:32:20.000000000,100025,255,100019,255,100033,250,100017,250,100034,350,100003,250,100039,100,99997,100,100049,100,99990,100,100070,100,99989,100,100079,100,99982,100,100083,100,99976,100,100094,100,99968,100,100097,100,99960,100
2019-06-28 09:32:30.000000000,100025,191,100019,191,100033,191,100017,191,100034,291,100003,191,100039,191,99997,191,100049,191,99990,191,100070,100,99989,100,100079,100,99982,100,100083,100,99976,100,100094,100,99968,100,100097,100,99960,100
2019-06-28 09:32:40.000000000,100025,328,100019,328,100033,328,100017,328,100034,200,100003,100,100039,100,99997,100,100049,100,99990,100,100070,100,99989,100,100079,100,99982,100,100083,100,99976,100,100094,100,99968,100,100097,100,99960,100
2019-06-28 09:32:43.939894956,100025,328,100019,328,100033,328,100017,328,100034,200,100003,100,100039,100,99997,100,100049,100,99990,100,100070,100,99989,100,100079,100,99982,100,100083,100,99976,100,100094,100,99968,100,100097,100,99960,100
2019-06-28 09:32:47.191373385,100025,228,100019,328,100033,328,100017,328,100034,200,100003,100,100039,100,99997,100,100049,100,99990,100,100070,100,99989,100,100079,100,99976,100,100083,100,99968,100,100094,100,99960,100,100097,100,99946,100
2019-06-28 09:32:50.000000000,100033,556,100019,556,100034,200,100017,100,100039,100,100003,100,100049,100,99997,100,100070,100,99990,100,100079,100,99989,100,100083,100,99976,100,100094,100,99968,100,100097,100,99960,100,100102,100,99946,100
2019-06-28 09:32:57.016837820,100024,100,100019,556,100033,556,100017,100,100034,200,100003,100,100039,100,99997,100,100049,100,99990,100,100070,100,99989,100,100079,100,99976,100,100083,100,99968,100,100094,100,99960,100,100097,100,99946,100
2019-06-28 09:33:00.000000000,100024,191,100019,191,100033,191,100017,191,100034,291,100003,191,100039,191,99997,191,100049,191,99990,191,100070,100,99989,100,100079,100,99976,100,100083,100,99968,100,100094,100,99960,100,100097,100,99946,100
2019-06-28 09:33:05.278002465,100024,191,100019,91,100033,191,100017,191,100034,291,100003,191,100039,191,99997,191,100049,191,99990,191,100070,100,99989,100,100079,100,99976,100,100083,100,99968,100,100097,100,99960,100,100102,100,99946,100
2019-06-28 09:33:10.000000000,100024,191,100017,191,100033,191,100003,191,100034,291,99997,191,100039,191,99990,191,100049,191,99989,191,100070,100,99976,100,100079,100,99968,100,100083,100,99960,100,100097,100,99946,100,100102,100,99942,100
2019-06-28 09:33:20.000000000,100024,556,100017,556,100033,100,100003,100,100034,200,99997,100,100039,100,99990,100,100049,100,99989,100,100070,100,99976,100,100079,100,99968,100,100083,100,99960,100,100097,100,99946,100,100102,100,99942,100
2019-06-28 09:33:30.000000000,100024,214,100017,214,100033,214,100003,214,100034,314,99997,214,100039,214,99990,214,100049,100,99989,100,100070,100,99976,100,100079,100,99968,100,100083,100,99960,100,100097,100,99946,100,100102,100,99942,100
2019-06-28 09:33:33.194859717,100024,214,100017,214,100033,214,100003,214,100034,314,99997,214,100039,214,99990,214,100049,100,99989,100,100070,100,99976,100,100079,100,99968,100,100083,100,99960,100,100097,100,99946,100,100102,100,99942,100
2019-06-28 09:33:40.000000000,100024,191,100017,191,100033,191,100003,191,100034,291,99997,191,100039,191,99990,191,100049,191,99989,191,100070,100,99976,100,100079,100,99968,100,100083,100,99960,100,100097,100,99946,100,100102,100,99942,100
2019-06-28 09:33:50.000000000,100024,191,100017,191,100033,191,100003,191,100034,291,99997,191,100039,191,99990,191,100049,191,99989,191,100070,100,99976,100,100079,100,99968,100,100083,100,99960,100,100097,100,99946,100,100102,100,99942,100
2019-06-28 09:34:00.000000000,100024,556,100017,556,100033,100,100003,100,100034,200,99997,100,100039,100,99990,100,100049,100,99989,100,100070,100,99976,100,100079,100,99968,100,100083,100,99960,100,100097,100,99946,100,100102,100,99942,100
2019-06-28 09:34:10.000000000,100024,214,100017,214,100033,214,100003,214,100034,314,99997,214,100039,214,99990,214,100049,100,99989,100,100070,100,99976,100,100079,100,99968,100,100083,100,99960,100,100097,100,99946,100,100102,100,99942,100
2019-06-28 09:34:14.998662172,100024,214,100017,214,100033,214,100003,214,100034,314,99997,214,100039,214,99990,214,100049,100,99989,100,100079,100,99976,100,100083,100,99968,100,100097,100,99960,100,100102,100,99946,100,100110,100,99942,100
2019-06-28 09:34:16.829343563,100024,214,100017,214,100033,214,100003,214,100034,214,99997,214,100039,214,99990,214,100049,100,99989,100,100079,100,99976,100,100083,100,99968,100,100097,100,99960,100,100102,100,99946,100,100110,100,99942,100
2019-06-28 09:34:18.300716241,100024,214,100017,114,100033,214,100003,214,100034,214,99997,214,100039,214,99990,214,100049,100,99989,100,100079,100,99976,100,100083,100,99968,100,100097,100,99960,100,100102,100,99946,100,100110,100,99942,100
2019-06-28 09:34:20.000000000,100024,556,100003,556,100033,100,99997,100,100034,100,99990,100,100039,100,99989,100,100049,100,99976,100,100079,100,99968,100,100083,100,99960,100,100097,100,99946,100,100102,100,99942,100,100110,100,99941,100
2019-06-28 09:34:30.000000000,100024,556,100003,556,100033,100,99997,100,100034,100,99990,100,100039,100,99989,100,100049,100,99976,100,100079,100,99968,100,100083,100,99960,100,100097,100,99946,100,100102,100,99942,100,100110,100,99941,100
2019-06-28 09:34:37.159395544,100024,556,100003,556,100033,100,99997,100,100034,100,99990,100,100039,100,99989,100,100049,100,99976,100,100079,100,99968,100,100083,100,99960,100,100097,100,99946,100,100102,100,99942,100,100110,100,99941,100
2019-06-28 09:34:40.000000000,100024,191,100003,191,100033,191,99997,191,100034,191,99990,191,100039,191,99989,191,100049,191,99976,191,100079,100,99968,100,100083,100,99960,100,100097,100,99946,100,100102,100,99942,100,100110,100,99941,100
2019-06-28 09:34:50.000000000,100024,328,100003,328,100033,328,99997,328,100034,100,99990,100,100039,100,99989,100,100049,100,99976,100,100079,100,99968,100,100083,100,99960,100,100097,100,99946,100,100102,100,99942,100,100110,100,99941,100
2019-06-28 09:34:57.369557401,100024,328,100003,328,100033,328,99997,328,100034,100,99990,100,100039,100,99989,100,100049,100,99976,100,100079,100,99968,100,100083,100,99960,100,100097,100,99946,100,100102,100,99942,100,100110,100,99941,100
2019-06-28 09:35:00.000000000,100024,191,100003,191,100033,191,99997,191,100034,191,99990,191,100039,191,99989,191,100049,191,99976,191,100079,100,99968,100,100083,100,99960,100,100097,100,99946,100,100102,100,99942,100,100110,100,99941,100
2019-06-28 09:35:02.035936473,100024,191,100003,91,100033,191,99997,191,100034,191,99990,191,100039,191,99989,191,100049,191,99976,191,100079,100,99968,100,100083,100,99960,100,100097,100,99946,100,100102,100,99942,100,100110,100,99941,100
2019-06-28 09:35:10.000000000,100024,328,99997,328,100033,328,99990,328,100034,100,99989,100,100039,100,99976,100,100049,100,99968,100,100079,100,99960,100,100083,100,99946,100,100097,100,99942,100,100102,100,99941,100,100110,100,99873,100
2019-06-28 09:35:17.546850818,100024,328,99997,328,100033,328,99990,328,100034,100,99989,100,100039,100,99976,100,100049,100,99968,100,100079,100,99960,100,100083,100,99946,100,100097,100,99942,100,100102,100,99941,100,100110,100,99873,100
2019-06-28 09:35:20.000000000,100024,556,99997,556,100033,100,99990,100,100034,100,99989,100,100039,100,99976,100,100049,100,99968,100,100079,100,99960,100,100083,100,99946,100,100097,100,99942,100,100102,100,99941,100,100110,100,99873,100
2019-06-28 09:35:30.000000000,100024,328,99997,328,100033,328,99990,328,100034,100,99989,100,100039,100,99976,100,100049,100,99968,100,100079,100,99960,100,100083,100,99946,100,100097,100,99942,100,100102,100,99941,100,100110,100,99873,100
2019-06-28 09:35:40.000000000,100024,191,99997,191,100033,191,99990,191,100034,191,99989,191,100039,191,99976,191,100049,191,99968,191,100079,100,99960,100,100083,100,99946,100,100097,100,99942,100,100102,100,99941,100,100110,100,99873,100
2019-06-28 09:35:45.130634646,100024,91,99997,191,100033,191,99990,191,100034,191,99989,191,100039,191,99976,191,100049,191,99968,191,100079,100,99960,100,100083,100,99946,100,100097,100,99942,100,100102,100,99941,100,100110,100,99873,100
2019-06-28 09:35:47.088616352,100021,100,99997,191,100024,91,99990,191,100033,191,99989,191,100034,191,99976,191,100039,191,99968,191,100049,191,99960,100,100079,100,99946,100,100083,100,99942,100,100097,100,99941,100,100102,100,99873,100
2019-06-28 09:35:50.000000000,100021,328,99997,328,100033,328,99990,328,100034,100,99989,100,100039,100,99976,100,100049,100,99968,100,100079,100,99960,100,100083,100,99946,100,100097,100,99942,100,100102,100,99941,100,100110,100,99873,100
2019-06-28 09:36:00.000000000,100021,255,99997,255,100033,250,99990,250,100034,250,99989,250,100039,100,99976,100,100049,100,99968,100,100079,100,99960,100,100083,100,99946,100,100097,100,99942,100,100102,100,99941,100,100110,100,99873,100
2019-06-28 09:36:10.000000000,100021,214,99997,214,100033,214,99990,214,100034,214,99989,214,100039,214,99976,214,100049,100,99968,100,100079,100,99960,100,100083,100,99946,100,100097,100,99942,100,100102,100,99941,100,100110,100,99873,100
2019-06-28 09:36:20.000000000,100021,255,99997,255,100033,250,99990,250,100034,250,99989,250,100039,100,99976,100,100049,100,99968,100,100079,100,99960,100,100083,100,99946,100,100097,100,99942,100,100102,100,99941,100,100110,100,99873,100
2019-06-28 09:36:20.666674574,100021,155,99997,255,100033,250,99990,250,100034,250,99989,250,100039,100,99976,100,100049,100,99968,100,100079,100,99960,100,100083,100,99946,100,100097,100,99942,100,100102,100,99941,100,100110,100,99873,100
2019-06-28 09:36:30.000000000,100033,191,99997,191,100034,191,99990,191,100039,191,99989,191,100049,191,99976,191,100079,191,99968,191,100083,100,99960,100,100097,100,99946,100,100102,100,99942,100,100110,100,99941,100,100112,100,99873,100
2019-06-28 09:36:40.000000000,100033,556,99997,556,100034,100,99990,100,100039,100,99989,100,100049,100,99976,100,100079,100,99968,100,100083,100,99960,100,100097,100,99946,100,100102,100,99942,100,100110,100,99941,100,100112,100,99873,100
2019-06-28 09:36:50.000000000,100033,255,99997,255,100034,250,99990,250,100039,250,99989,250,100049,100,99976,100,100079,100,99968,100,100083,100,99960,100,100097,100,99946,100,100102,100,99942,100,100110,100,99941,100,100112,100,99873,100
2019-06-28 09:37:00.000000000,100033,214,99997,214,100034,214,99990,214,100039,214,99989,214,100049,214,99976,214,100079,100,99968,100,100083,100,99960,100,100097,100,99946,100,100102,100,99942,100,100110,100,99941,100,100112,100,99873,100
2019-06-28 09:37:10.000000000,100033,191,99997,191,100034,191,99990,191,100039,191,99989,191,100049,191,99976,191,100079,191,99968,191,100083,100,99960,100,100097,100,99946,100,100102,100,99942,100,100110,100,99941,100,100112,100,99873,100
2019-06-28 09:37:20.000000000,100033,191,99997,191,100034,191,99990,191,100039,191,99989,191,100049,191,99976,191,100079,191,99968,191,100083,100,99960,100,100097,100,99946,100,100102,100,99942,100,100110,100,99941,100,100112,100,99873,100
2019-06-28 09:37:30.000000000,100033,255,99997,255,100034,250,99990,250,100039,250,99989,250,100049,100,99976,100,100079,100,99968,100,100083,100,99960,100,100097,100,99946,100,100102,100,99942,100,100110,100,99941,100,100112,100,99873,100
2019-06-28 09:37:40.000000000,100033,191,99997,191,100034,191,99990,191,100039,191,99989,191,100049,191,99976,191,100079,191,99968,191,100083,100,99960,100,100097,100,99946,100,100102,100,99942,100,100110,100,99941,100,100112,100,99873,100
2019-06-28 09:37:50.000000000,100033,556,99997,556,100034,100,99990,100,100039,100,99989,100,100049,100,99976,100,100079,100,99968,100,100083,100,99960,100,100097,100,99946,100,100102,100,99942,100,100110,100,99941,100,100112,100,99873,100
2019-06-28 09:38:00.000000000,100033,328,99997,328,100034,328,99990,328,100039,100,99989,100,100049,100,99976,100,100079,100,99968,100,100083,100,99960,100,100097,100,99946,100,100102,100,99942,100,100110,100,99941,100,100112,100,99873,100
2019-06-28 09:38:10.000000000,100033,556,99997,556,100034,100,99990,100,100039,100,99989,100,100049,100,99976,100,100079,100,99968,100,100083,100,99960,100,100097,100,99946,100,100102,100,99942,100,100110,100,99941,100,100112,100,99873,100
2019-06-28 09:38:20.000000000,100033,255,99997,255,100034,250,99990,250,100039,250,99989,250,100049,100,99976,100,100079,100,99968,100,100083,100,99960,100,100097,100,99946,100,100102,100,99942,100,100110,100,99941,100,100112,100,99873,100
2019-06-28 09:38:30.000000000,100033,328,99997,328,100034,328,99990,328,100039,100,99989,100,100049,100,99976,100,100079,100,99968,100,100083,100,99960,100,100097,100,99946,100,100102,100,99942,100,100110,100,99941,100,100112,100,99873,100
2019-06-28 09:38:32.140156171,100033,328,99997,328,100034,328,99990,328,100039,100,99989,100,100049,100,99976,100,100079,100,99968,100,100083,100,99960,100,100097,100,99946,100,100102,100,99942,100,100110,100,99941,100,100112,100,99873,100
2019-06-28 09:38:34.347162612,100033,328,99997,328,100034,328,99990,328,100039,100,99989,100,100049,100,99976,100,100079,100,99968,100,100083,100,99960,100,100097,100,99946,100,100102,100,99942,100,100110,100,99941,100,100112,100,99873,100
2019-06-28 09:38:40.000000000,100033,214,99997,214,100034,214,99990,214,100039,214,99989,214,100049,214,99976,214,100079,100,99968,100,100083,100,99960,100,100097,100,99946,100,100102,100,99942,100,100110,100,99941,100,100112,100,99873,100
2019-06-28 09:38:50.000000000,100033,556,99997,556,100034,100,99990,100,100039,100,99989,100,100049,100,99976,100,100079,100,99968,100,100083,100,99960,100,100097,100,99946,100,100102,100,99942,100,100110,100,99941,100,100112,100,99873,100
2019-06-28 09:39:00.000000000,100033,214,99997,214,100034,214,99990,214,100039,214,99989,214,100049,214,99976,214,100079,100,99968,100,100083,100,99960,100,100097,100,99946,100,100102,100,99942,100,100110,100,99941,100,100112,100,99873,100
2019-06-28 09:39:10.000000000,100033,214,99997,214,100034,214,99990,214,100039,214,99989,214,100049,214,99976,214,100079,100,99968,100,100083,100,99960,100,100097,100,99946,100,100102,100,99942,100,100110,100,99941,100,100112,100,99873,100
2019-06-28 09:39:16.851154339,100033,214,99997,214,100034,214,99990,214,100039,214,99989,214,100049,214,99976,214,100079,100,99968,100,100083,100,99960,100,100097,100,99946,100,100102,100,99942,100,100110,100,99941,100,100112,100,99873,100
2019-06-28 09:39:19.655165271,100033,214,99997,114,100034,214,99990,214,100039,214,99989,214,100049,214,99976,214,100079,100,99968,100,100083,100,99960,100,100097,100,99946,100,100102,100,99942,100,100110,100,99941,100,100112,100,99873,100
2019-06-28 09:39:20.000000000,100033,328,99990,328,100034,328,99989,328,100039,100,99976,100,100049,100,99968,100,100079,100,99960,100,100083,100,99946,100,100097,100,99942,100,100102,100,99941,100,100110,100,99873,100,100112,100,99869,200
2019-06-28 09:39:26.959540369,100033,328,99990,328,100034,328,99989,328,100039,100,99976,100,100049,100,99968,100,100079,100,99960,100,100083,100,99946,100,100097,100,99942,100,100102,100,99941,100,100110,100,99873,100,100112,100,99869,200
2019-06-28 09:39:29.894767405,100033,328,99990,228,100034,328,99989,328,100039,100,99976,100,100049,100,99968,100,100079,100,99960,100,100083,100,99946,100,100097,100,99942,100,100102,100,99941,100,100110,100,99873,100,100112,100,99869,200
2019-06-28 09:39:30.000000000,100033,556,99989,556,100034,100,99976,100,100039,100,99968,100,100049,100,99960,100,100079,100,99946,100,100083,100,99942,100,100097,100,99941,100,100102,100,99873,100,100110,100,99869,200,100112,100,99868,100
2019-06-28 09:39:31.967839615,99997,100,99989,556,100033,556,99976,100,100034,100,99968,100,100039,100,99960,100,100049,100,99946,100,100079,100,99942,100,100083,100,99941,100,100097,100,99873,100,100102,100,99869,200,100110,100,99868,100
2019-06-28 09:39:36.430581253,99997,200,99989,556,100033,556,99976,100,100034,100,99968,100,100039,100,99960,100,100049,100,99946,100,100079,100,99942,100,100083,100,99941,100,100097,100,99873,100,100102,100,99869,200,100110,100,99868,100
2019-06-28 09:39:40.000000000,99997,291,99989,191,100033,191,99976,191,100034,191,99968,191,100039,191,99960,191,100049,191,99946,191,100079,100,99942,100,100083,100,99941,100,100097,100,99873,100,100102,100,99869,200,100110,100,99868,100
2019-06-28 09:39:40.664069251,99997,291,99989,191,100033,191,99976,191,100034,191,99968,191,100039,191,99960,191,100049,191,99946,191,100079,100,99942,100,100083,100,99941,100,100097,100,99873,100,100102,100,99869,200,100110,100,99868,100
2019-06-28 09:39:45.514552464,99997,291,99989,191,100033,191,99976,191,100034,191,99968,191,100039,191,99960,191,100049,191,99946,191,100079,100,99942,100,100083,100,99941,100,100095,100,99873,100,100097,100,99869,200,100102,100,99868,100
2019-06-28 09:39:50.000000000,99997,314,99989,214,100033,214,99976,214,100034,214,99968,214,100039,214,99960,214,100049,100,99946,100,100079,100,99942,100,100083,100,99941,100,100095,100,99873,100,100097,100,99869,200,100102,100,99868,100
2019-06-28 09:40:00.000000000,99997,291,99989,191,100033,191,99976,191,100034,191,99968,191,100039,191,99960,191,100049,191,99946,191,100079,100,99942,100,100083,100,99941,100,100095,100,99873,100,100097,100,99869,200,100102,100,99868,100
2019-06-28 09:40:09.419369127,99997,391,99989,191,100033,191,99976,191,100034,191,99968,191,100039,191,99960,191,100049,191,99946,191,100079,100,99942,100,100083,100,99941,100,100095,100,99873,100,100097,100,99869,200,100102,100,99868,100
2019-06-28 09:40:10.000000000,99997,528,99989,328,100033,328,99976,328,100034,100,99968,100,100039,100,99960,100,100049,100,99946,100,100079,100,99942,100,100083,100,99941,100,100095,100,99873,100,100097,100,99869,200,100102,100,99868,100
2019-06-28 09:40:11.553657775,99997,528,99989,328,100033,328,99976,328,100034,100,99968,100,100039,100,99960,100,100049,100,99946,100,100079,100,99942,100,100083,100,99941,100,100095,100,99873,100,100097,100,99869,200,100102,100,99868,100
2019-06-28 09:40:15.131597827,99997,528,99989,228,100033,328,99976,328,100034,100,99968,100,100039,100,99960,100,100049,100,99946,100,100079,100,99942,100,100083,100,99941,100,100095,100,99873,100,100097,100,99869,200,100102,100,99868,100
2019-06-28 09:40:20.000000000,99997,455,99976,255,100033,250,99968,250,100034,250,99960,250,100039,100,99946,100,100049,100,99942,100,100079,100,99941,100,100083,100,99873,100,100095,100,99869,200,100097,100,99868,100,100102,100,99864,100
2019-06-28 09:40:25.853365343,99990,100,99976,255,99997,355,99968,250,100033,250,99960,250,100034,250,99946,100,100039,100,99942,100,100049,100,99941,100,100079,100,99873,100,100083,100,99869,200,100095,100,99868,100,100097,100,99864,100
2019-06-28 09:40:26.658150201,99990,100,99976,255,99997,355,99968,250,100033,250,99960,250,100034,250,99946,100,100039,100,99942,100,100049,100,99941,100,100079,100,99873,100,100083,100,99869,200,100095,100,99868,100,100097,100,99864,100
2019-06-28 09:40:30.000000000,99990,255,99976,255,99997,350,99968,250,100033,250,99960,250,100034,100,99946,100,100039,100,99942,100,100049,100,99941,100,100079,100,99873,100,100083,100,99869,200,100095,100,99868,100,100097,100,99864,100
2019-06-28 09:40:40.000000000,99990,214,99976,214,99997,314,99968,214,100033,214,99960,214,100034,214,99946,214,100039,100,99942,100,100049,100,99941,100,100079,100,99873,100,100083,100,99869,200,100095,100,99868,100,100097,100,99864,100
2019-06-28 09:40:42.571462190,99990,214,99976,114,99997,314,99968,214,100033,214,99960,214,100034,214,99946,214,100039,100,99942,100,100049,100,99941,100,100079,100,99873,100,100083,100,99869,200,100095,100,99868,100,100097,100,99864,100
2019-06-28 09:40:50.000000000,99990,191,99968,191,99997,291,99960,191,100033,191,99946,191,100034,191,99942,191,100039,191,99941,191,100049,100,99873,100,100079,100,99869,200,100083,100,99868,100,100095,100,99864,100,100097,100,99863,100
2019-06-28 09:40:53.340784362,99990,191,99968,91,99997,291,99960,191,100033,191,99946,191,100034,191,99942,191,100039,191,99941,191,100049,100,99873,100,100079,100,99869,200,100083,100,99868,100,100095,100,99864,100,100097,100,99863,100
2019-06-28 09:41:00.000000000,99990,191,99960,191,99997,291,99946,191,100033,191,99942,191,100034,191,99941,191,100039,191,99873,191,100049,100,99869,200,100079,100,99868,100,100083,100,99864,100,100095,100,99863,100,100097,100,99796,100
2019-06-28 09:41:00.345436372,99990,191,99960,191,99997,291,99946,191,100033,191,99942,191,100034,191,99941,191,100039,191,99873,191,100049,100,99869,200,100079,100,99868,100,100095,100,99864,100,100097,100,99863,100,100102,100,99796,100
2019-06-28 09:41:07.349575936,99990,191,99960,91,99997,291,99946,191,100033,191,99942,191,100034,191,99941,191,100039,191,99873,191,100049,100,99869,200,100079,100,99868,100,100095,100,99864,100,100097,100,99863,100,100102,100,99796,100
2019-06-28 09:41:10.000000000,99990,556,99946,556,99997,200,99942,100,100033,100,99941,100,100034,100,99873,100,100039,100,99869,200,100049,100,99868,100,100079,100,99864,100,100095,100,99863,100,100097,100,99796,100,100102,100,99793,100
2019-06-28 09:41:10.551400375,99990,556,99946,456,99997,200,99942,100,100033,100,99941,100,100034,100,99873,100,100039,100,99869,200,100049,100,99868,100,100079,100,99864,100,100097,100,99863,100,100102,100,99796,100,100110,100,99793,100
2019-06-28 09:41:10.665821512,99990,556,99946,456,99997,200,99942,100,100033,100,99941,100,100039,100,99873,100,100049,100,99869,200,100079,100,99868,100,100097,100,99864,100,100102,100,99863,100,100110,100,99796,100,100112,100,99793,100
2019-06-28 09:41:11.763732260,99990,556,99946,456,99997,200,99942,100,100033,100,99941,100,100039,100,99873,100,100049,100,99869,200,100079,100,99868,100,100097,100,99864,100,100102,100,99863,100,100110,100,99796,100,100112,100,99793,100
2019-06-28 09:41:13.248190869,99990,556,99946,456,99997,200,99942,100,100033,100,99873,100,100039,100,99869,200,100049,100,99868,100,100079,100,99864,100,100097,100,99863,100,100102,100,99796,100,100110,100,99793,100,100112,100,99792,100
2019-06-28 09:41:15.376003761,99990,556,99946,456,99997,200,99942,100,100033,100,99873,100,100039,100,99869,200,100049,100,99868,100,100079,100,99864,100,100097,100,99863,100,100102,100,99796,100,100110,100,99793,100,100112,100,99792,100
2019-06-28 09:41:20.000000000,99990,191,99942,191,99997,291,99873,191,100033,191,99869,291,100039,191,99868,191,100049,191,99864,191,100079,100,99863,100,100097,100,99796,100,100102,100,99793,100,100110,100,99792,100,100112,100,99722,100
2019-06-28 09:41:30.000000000,99990,556,99942,556,99997,200,99873,100,100033,100,99869,200,100039,100,99868,100,100049,100,99864,100,100079,100,99863,100,100097,100,99796,100,100102,100,99793,100,100110,100,99792,100,100112,100,99722,100
2019-06-28 09:41:31.089972486,99990,556,99942,456,99997,200,99873,100,100033,100,99869,200,100039,100,99868,100,100049,100,99864,100,100079,100,99863,100,100097,100,99796,100,100102,100,99793,100,100110,100,99792,100,100112,100,99722,100
2019-06-28 09:41:40.000000000,99990,191,99873,191,99997,291,99869,291,100033,191,99868,191,100039,191,99864,191,100049,191,99863,191,100079,100,99796,100,100097,100,99793,100,100102,100,99792,100,100110,100,99722,100,100112,100,99719,100
2019-06-28 09:41:42.318559353,99990,191,99873,191,99997,291,99869,291,100033,191,99868,191,100039,191,99864,191,100049,191,99863,191,100079,100,99796,100,100102,100,99793,100,100110,100,99792,100,100112,100,99722,100,100134,100,99719,100
2019-06-28 09:41:50.000000000,99990,328,99873,328,99997,428,99869,428,100033,100,99868,100,100039,100,99864,100,100049,100,99863,100,100079,100,99796,100,100102,100,99793,100,100110,100,99792,100,100112,100,99722,100,100134,100,99719,100
2019-06-28 09:42:00.000000000,99990,556,99873,556,99997,200,99869,200,100033,100,99868,100,100039,100,99864,100,100049,100,99863,100,100079,100,99796,100,100102,100,99793,100,100110,100,99792,100,100112,100,99722,100,100134,100,99719,100
2019-06-28 09:42:10.000000000,99990,191,99873,191,99997,291,99869,291,100033,191,99868,191,100039,191,99864,191,100049,191,99863,191,100079,100,99796,100,100102,100,99793,100,100110,100,99792,100,100112,100,99722,100,100134,100,99719,100
2019-06-28 09:42:20.000000000,99990,328,99873,328,99997,428,99869,428,100033,100,99868,100,100039,100,99864,100,100049,100,99863,100,100079,100,99796,100,100102,100,99793,100,100110,100,99792,100,100112,100,99722,100,100134,100,99719,100
2019-06-28 09:42:30.000000000,99990,328,99873,328,99997,428,99869,428,100033,100,99868,100,100039,100,99864,100,100049,100,99863,100,100079,100,99796,100,100102,100,99793,100,100110,100,99792,100,100112,100,99722,100,100134,100,99719,100
2019-06-28 09:42:37.139602096,99990,328,99873,328,99997,428,99869,428,100033,100,99868,100,100039,100,99864,100,100049,100,99863,100,100079,100,99796,100,100102,100,99793,100,100110,100,99792,100,100112,100,99722,100,100134,100,99719,100
2019-06-28 09:42:40.000000000,99990,556,99873,556,99997,200,99869,200,100033,100,99868,100,100039,100,99864,100,100049,100,99863,100,100079,100,99796,100,100102,100,99793,100,100110,100,99792,100,100112,100,99722,100,100134,100,99719,100
2019-06-28 09:42:42.804748557,99990,556,99873,556,99997,200,99869,200,100033,100,99868,100,100039,100,99864,100,100049,100,99863,100,100079,100,99796,100,100102,100,99793,100,100110,100,99792,100,100112,100,99722,100,100134,100,99719,100
2019-06-28 09:42:50.000000000,99990,191,99873,191,99997,291,99869,291,100033,191,99868,191,100039,191,99864,191,100049,191,99863,191,100079,100,99796,100,100102,100,99793,100,100110,100,99792,100,100112,100,99722,100,100134,100,99719,100
2019-06-28 09:42:54.837549198,99990,191,99873,191,99997,291,99869,291,100033,191,99868,191,100039,191,99864,191,100049,191,99863,91,100079,100,99796,100,100102,100,99793,100,100110,100,99792,100,100112,100,99722,100,100134,100,99719,100
2019-06-28 09:43:00.000000000,99990,191,99873,191,99997,291,99869,291,100033,191,99868,191,100039,191,99864,191,100049,191,99796,191,100079,100,99793,100,100102,100,99792,100,100110,100,99722,100,100112,100,99719,100,100134,100,99612,100
2019-06-28 09:43:03.278174057,99990,191,99873,91,99997,291,99869,291,100033,191,99868,191,100039,191,99864,191,100049,191,99796,191,100079,100,99793,100,100102,100,99792,100,100110,100,99722,100,100112,100,99719,100,100134,100,99612,100
2019-06-28 09:43:03.789607381,99990,191,99873,91,99997,291,99869,291,100033,191,99868,191,100039,191,99864,191,100049,191,99796,191,100079,100,99793,100,100102,100,99792,100,100110,100,99722,100,100112,100,99719,100,100134,100,99612,100
2019-06-28 09:43:05.775702324,99990,191,99873,91,99997,291,99869,291,100033,91,99868,191,100039,191,99864,191,100049,191,99796,191,100079,100,99793,100,100102,100,99792,100,100110,100,99722,100,100112,100,99719,100,100134,100,99612,100
2019-06-28 09:43:10.000000000,99990,328,99869,428,99997,428,99868,328,100039,100,99864,100,100049,100,99796,100,100079,100,99793,100,100102,100,99792,100,100110,100,99722,100,100112,100,99719,100,100134,100,99612,100,100155,100,99608,100
2019-06-28 09:43:20.000000000,99990,328,99869,428,99997,428,99868,328,100039,100,99864,100,100049,100,99796,100,100079,100,99793,100,100102,100,99792,100,100110,100,99722,100,100112,100,99719,100,100134,100,99612,100,100155,100,99608,100
2019-06-28 09:43:30.000000000,99990,255,99869,355,99997,350,99868,250,100039,250,99864,250,100049,100,99796,100,100079,100,99793,100,100102,100,99792,100,100110,100,99722,100,100112,100,99719,100,100134,100,99612,100,100155,100,99608,100
2019-06-28 09:43:40.000000000,99990,255,99869,355,99997,350,99868,250,100039,250,99864,250,100049,100,99796,100,100079,100,99793,100,100102,100,99792,100,100110,100,99722,100,100112,100,99719,100,100134,100,99612,100,100155,100,99608,100
2019-06-28 09:43:50.000000000,99990,255,99869,355,99997,350,99868,250,100039,250,99864,250,100049,100,99796,100,100079,100,99793,100,100102,100,99792,100,100110,100,99722,100,100112,100,99719,100,100134,100,99612,100,100155,100,99608,100
2019-06-28 09:43:59.408577593,99990,255,99869,355,99997,350,99868,250,100039,250,99864,250,100042,100,99796,100,100049,100,99793,100,100079,100,99792,100,100102,100,99722,100,100110,100,99719,100,100112,100,99612,100,100134,100,99608,100
2019-06-28 09:44:00.000000000,99990,214,99869,314,99997,314,99868,214,100039,214,99864,214,100042,214,99796,214,100049,100,99793,100,100079,100,99792,100,100102,100,99722,100,100110,100,99719,100,100112,100,99612,100,100134,100,99608,100
2019-06-28 09:44:10.000000000,99990,328,99869,428,99997,428,99868,328,100039,100,99864,100,100042,100,99796,100,100049,100,99793,100,100079,100,99792,100,100102,100,99722,100,100110,100,99719,100,100112,100,99612,100,100134,100,99608,100
2019-06-28 09:44:12.629837573,99908,100,99869,428,99990,328,99868,328,99997,428,99864,100,100039,100,99796,100,100042,100,99793,100,100049,100,99792,100,100079,100,99722,100,100102,100,99719,100,100110,100,99612,100,100112,100,99608,100
2019-06-28 09:44:14.910267543,99908,100,99869,428,99922,100,99868,328,99990,328,99864,100,99997,428,99796,100,100039,100,99793,100,100042,100,99792,100,100049,100,99722,100,100079,100,99719,100,100102,100,99612,100,100110,100,99608,100
2019-06-28 09:44:20.000000000,99908,191,99869,291,99922,191,99868,191,99990,191,99864,191,99997,291,99796,191,100039,191,99793,191,100042,100,99792,100,100049,100,99722,100,100079,100,99719,100,100102,100,99612,100,100110,100,99608,100
2019-06-28 09:44:30.000000000,99908,328,99869,428,99922,328,99868,328,99990,100,99864,100,99997,200,99796,100,100039,100,99793,100,100042,100,99792,100,100049,100,99722,100,100079,100,99719,100,100102,100,99612,100,100110,100,99608,100
2019-06-28 09:44:30.063124199,99908,328,99869,428,99922,328,99868,328,99942,100,99864,100,99990,100,99796,100,99997,100,99793,100,100039,100,99792,100,100042,100,99722,100,100049,100,99719,100,100079,100,99612,100,100102,100,99608,100
2019-06-28 09:44:40.000000000,99908,328,99869,428,99922,328,99868,328,99942,100,99864,100,99990,100,99796,100,99997,100,99793,100,100039,100,99792,100,100042,100,99722,100,100049,100,99719,100,100079,100,99612,100,100102,100,99608,100
2019-06-28 09:44:43.620606034,99908,328,99869,428,99922,328,99868,328,99942,100,99864,100,99990,100,99846,100,99997,100,99796,100,100039,100,99793,100,100042,100,99792,100,100049,100,99722,100,100079,100,99719,100,100102,100,99612,100
2019-06-28 09:44:50.000000000,99908,191,99869,291,99922,191,99868,191,99942,191,99864,191,99990,191,99846,191,99997,191,99796,191,100039,100,99793,100,100042,100,99792,100,100049,100,99722,100,100079,100,99719,100,100102,100,99612,100
2019-06-28 09:45:00.000000000,99908,328,99869,428,99922,328,99868,328,99942,100,99864,100,99990,100,99846,100,99997,100,99796,100,100039,100,99793,100,100042,100,99792,100,100049,100,99722,100,100079,100,99719,100,100102,100,99612,100
2019-06-28 09:45:08.573309448,99908,328,99869,428,99922,328,99868,328,99942,200,99864,100,99990,100,99846,100,100039,100,99796,100,100042,100,99793,100,100049,100,99792,100,100079,100,99722,100,100102,100,99719,100,100110,100,99612,100
2019-06-28 09:45:10.000000000,99908,255,99869,355,99922,250,99868,250,99942,350,99864,250,99990,100,99846,100,100039,100,99796,100,100042,100,99793,100,100049,100,99792,100,100079,100,99722,100,100102,100,99719,100,100110,100,99612,100
2019-06-28 09:45:20.000000000,99908,328,99869,428,99922,328,99868,328,99942,200,99864,100,99990,100,99846,100,100039,100,99796,100,100042,100,99793,100,100049,100,99792,100,100079,100,99722,100,100102,100,99719,100,100110,100,99612,100
2019-06-28 09:45:30.000000000,99908,328,99869,428,99922,328,99868,328,99942,200,99864,100,99990,100,99846,100,100039,100,99796,100,100042,100,99793,100,100049,100,99792,100,100079,100,99722,100,100102,100,99719,100,100110,100,99612,100
2019-06-28 09:45:34.396000581,99908,328,99869,428,99922,328,99868,328,99942,200,99864,100,99990,100,99846,100,100039,100,99796,100,100042,100,99793,100,100049,100,99792,100,100079,100,99722,100,100102,100,99719,100,100110,100,99612,100
2019-06-28 09:45:35.153424409,99908,328,99869,328,99922,328,99868,328,99942,200,99864,100,99990,100,99846,100,100039,100,99796,100,100042,100,99793,100,100049,100,99792,100,100079,100,99722,100,100102,100,99719,100,100110,100,99612,100
2019-06-28 09:45:40.000000000,99908,191,99869,191,99922,191,99868,191,99942,291,99864,191,99990,191,99846,191,100039,191,99796,191,100042,100,99793,100,100049,100,99792,100,100079,100,99722,100,100102,100,99719,100,100110,100,99612,100
2019-06-28 09:45:50.000000000,99908,556,99869,556,99922,100,99868,100,99942,200,99864,100,99990,100,99846,100,100039,100,99796,100,100042,100,99793,100,100049,100,99792,100,100079,100,99722,100,100102,100,99719,100,100110,100,99612,100
2019-06-28 09:46:00.000000000,99908,255,99869,255,99922,250,99868,250,99942,350,99864,250,99990,100,99846,100,100039,100,99796,100,100042,100,99793,100,100049,100,99792,100,100079,100,99722,100,100102,100,99719,100,100110,100,99612,100
2019-06-28 09:46:10.000000000,99908,214,99869,214,99922,214,99868,214,99942,314,99864,214,99990,214,99846,214,100039,100,99796,100,100042,100,99793,100,100049,100,99792,100,100079,100,99722,100,100102,100,99719,100,100110,100,99612,100
2019-06-28 09:46:20.000000000,99908,556,99869,556,99922,100,99868,100,99942,200,99864,100,99990,100,99846,100,100039,100,99796,100,100042,100,99793,100,100049,100,99792,100,100079,100,99722,100,100102,100,99719,100,100110,100,99612,100
2019-06-28 09:46:30.000000000,99908,191,99869,191,99922,191,99868,191,99942,291,99864,191,99990,191,99846,191,100039,191,99796,191,100042,100,99793,100,100049,100,99792,100,100079,100,99722,100,100102,100,99719,100,100110,100,99612,100
2019-06-28 09:46:40.000000000,99908,556,99869,556,99922,100,99868,100,99942,200,99864,100,99990,100,99846,100,100039,100,99796,100,100042,100,99793,100,100049,100,99792,100,100079,100,99722,100,100102,100,99719,100,100110,100,99612,100
2019-06-28 09:46:50.000000000,99908,328,99869,328,99922,328,99868,328,99942,200,99864,100,99990,100,99846,100,100039,100,99796,100,100042,100,99793,100,100049,100,99792,100,100079,100,99722,100,100102,100,99719,100,100110,100,99612,100
2019-06-28 09:46:50.660790332,99908,328,99869,328,99922,328,99868,328,99942,200,99864,100,99990,100,99846,100,100039,100,99796,100,100042,100,99793,100,100049,100,99792,100,100079,100,99722,100,100102,100,99719,100,100110,100,99612,100
2019-06-28 09:46:59.894288862,99908,328,99869,328,99922,328,99868,328,99942,200,99864,100,99990,100,99846,100,100039,100,99796,100,100042,100,99793,100,100049,100,99792,100,100079,100,99722,100,100102,100,99719,100,100110,100,99612,100
2019-06-28 09:47:00.000000000,99908,255,99869,255,99922,250,99868,250,99942,350,99864,250,99990,100,99846,100,100039,100,99796,100,100042,100,99793,100,100049,100,99792,100,100079,100,99722,100,100102,100,99719,100,100110,100,99612,100
2019-06-28 09:47:05.570184092,99908,255,99869,155,99922,250,99868,250,99942,350,99864,250,99990,100,99846,100,100039,100,99796,100,100042,100,99793,100,100049,100,99792,100,100079,100,99722,100,100102,100,99719,100,100110,100,99612,100
2019-06-28 09:47:10.000000000,99908,214,99868,214,99922,214,99864,214,99942,314,99846,214,99990,214,99796,214,100039,100,99793,100,100042,100,99792,100,100049,100,99722,100,100079,100,99719,100,100102,100,99612,100,100110,100,99610,100
2019-06-28 09:47:13.271255806,99908,214,99868,214,99922,214,99864,214,99942,314,99846,214,99990,214,99796,214,100039,100,99793,100,100042,100,99722,100,100049,100,99719,100,100079,100,99612,100,100102,100,99610,100,100110,100,99608,100
2019-06-28 09:47:20.000000000,99908,556,99868,556,99922,100,99864,100,99942,200,99846,100,99990,100,99796,100,100039,100,99793,100,100042,100,99722,100,100049,100,99719,100,100079,100,99612,100,100102,100,99610,100,100110,100,99608,100
2019-06-28 09:47:21.538961233,99908,456,99868,556,99922,100,99864,100,99942,200,99846,100,99990,100,99796,100,100039,100,99793,100,100042,100,99722,100,100049,100,99719,100,100079,100,99612,100,100102,100,99610,100,100110,100,99608,100
2019-06-28 09:47:30.000000000,99922,255,99868,255,99942,350,99864,250,99990,250,99846,250,100039,100,99796,100,100042,100,99793,100,100049,100,99722,100,100079,100,99719,100,100102,100,99612,100,100110,100,99610,100,100112,100,99608,100
2019-06-28 09:47:33.799668478,99922,255,99868,255,99942,350,99864,250,99990,250,99846,250,100039,100,99796,100,100049,100,99793,100,100079,100,99722,100,100102,100,99719,100,100110,100,99612,100,100112,100,99610,100,100134,100,99608,100
2019-06-28 09:47:40.000000000,99922,328,99868,328,99942,428,99864,328,99990,100,99846,100,100039,100,99796,100,100049,100,99793,100,100079,100,99722,100,100102,100,99719,100,100110,100,99612,100,100112,100,99610,100,100134,100,99608,100
2019-06-28 09:47:50.000000000,99922,328,99868,328,99942,428,99864,328,99990,100,99846,100,100039,100,99796,100,100049,100,99793,100,100079,100,99722,100,100102,100,99719,100,100110,100,99612,100,100112,100,99610,100,100134,100,99608,100
2019-06-28 09:48:00.000000000,99922,556,99868,556,99942,200,99864,100,99990,100,99846,100,100039,100,99796,100,100049,100,99793,100,100079,100,99722,100,100102,100,99719,100,100110,100,99612,100,100112,100,99610,100,100134,100,99608,100
2019-06-28 09:48:02.975404346,99922,556,99868,556,99942,200,99864,100,99990,100,99846,100,100039,100,99796,100,100049,100,99793,100,100079,100,99722,100,100102,100,99719,100,100110,100,99612,100,100112,100,99610,100,100134,100,99608,100
2019-06-28 09:48:10.000000000,99922,556,99868,556,99942,200,99864,100,99990,100,99846,100,100039,100,99796,100,100049,100,99793,100,100079,100,99722,100,100102,100,99719,100,100110,100,99612,100,100112,100,99610,100,100134,100,99608,100
2019-06-28 09:48:20.000000000,99922,191,99868,191,99942,291,99864,191,99990,191,99846,191,100039,191,99796,191,100049,191,99793,191,100079,100,99722,100,100102,100,99719,100,100110,100,99612,100,100112,100,99610,100,100134,100,99608,100
2019-06-28 09:48:24.394478952,99922,191,99868,191,99942,291,99864,191,99990,191,99846,191,100039,191,99796,191,100049,191,99793,191,100079,100,99722,100,100102,100,99719,100,100110,100,99661,100,100112,100,99612,100,100134,100,99610,100
2019-06-28 09:48:30.000000000,99922,191,99868,191,99942,291,99864,191,99990,191,99846,191,100039,191,99796,191,100049,191,99793,191,100079,100,99722,100,100102,100,99719,100,100110,100,99661,100,100112,100,99612,100,100134,100,99610,100
2019-06-28 09:48:40.000000000,99922,191,99868,191,99942,291,99864,191,99990,191,99846,191,100039,191,99796,191,100049,191,99793,191,100079,100,99722,100,100102,100,99719,100,100110,100,99661,100,100112,100,99612,100,100134,100,99610,100
2019-06-28 09:48:50.000000000,99922,191,99868,191,99942,291,99864,191,99990,191,99846,191,100039,191,99796,191,100049,191,99793,191,100079,100,99722,100,100102,100,99719,100,100110,100,99661,100,100112,100,99612,100,100134,100,99610,100
2019-06-28 09:48:55.691008149,99922,91,99868,191,99942,291,99864,191,99990,191,99846,191,100039,191,99796,191,100049,191,99793,191,100079,100,99722,100,100102,100,99719,100,100110,100,99661,100,100112,100,99612,100,100134,100,99610,100
2019-06-28 09:49:00.000000000,99942,291,99868,191,99990,191,99864,191,100039,191,99846,191,100049,191,99796,191,100079,191,99793,191,100102,100,99722,100,100110,100,99719,100,100112,100,99661,100,100134,100,99612,100,100155,100,99610,100
2019-06-28 09:49:10.000000000,99942,355,99868,255,99990,250,99864,250,100039,250,99846,250,100049,100,99796,100,100079,100,99793,100,100102,100,99722,100,100110,100,99719,100,100112,100,99661,100,100134,100,99612,100,100155,100,99610,100
2019-06-28 09:49:20.000000000,99942,355,99868,255,99990,250,99864,250,100039,250,99846,250,100049,100,99796,100,100079,100,99793,100,100102,100,99722,100,100110,100,99719,100,100112,100,99661,100,100134,100,99612,100,100155,100,99610,100
2019-06-28 09:49:30.000000000,99942,314,99868,214,99990,214,99864,214,100039,214,99846,214,100049,214,99796,214,100079,100,99793,100,100102,100,99722,100,100110,100,99719,100,100112,100,99661,100,100134,100,99612,100,100155,100,99610,100
2019-06-28 09:49:31.992009116,99942,314,99868,214,99990,214,99864,214,100039,214,99846,214,100049,214,99796,214,100079,100,99793,100,100102,100,99722,100,100110,100,99719,100,100112,100,99661,100,100134,100,99612,100,100155,100,99610,100
2019-06-28 09:49:34.078339284,99942,214,99868,214,99990,214,99864,214,100039,214,99846,214,100049,214,99796,214,100079,100,99793,100,100102,100,99722,100,100110,100,99719,100,100112,100,99661,100,100134,100,99612,100,100155,100,99610,100
2019-06-28 09:49:40.000000000,99942,255,99868,255,99990,250,99864,250,100039,250,99846,250,100049,100,99796,100,100079,100,99793,100,100102,100,99722,100,100110,100,99719,100,100112,100,99661,100,100134,100,99612,100,100155,100,99610,100
2019-06-28 09:49:50.000000000,99942,556,99868,556,99990,100,99864,100,100039,100,99846,100,100049,100,99796,100,100079,100,99793,100,100102,100,99722,100,100110,100,99719,100,100112,100,99661,100,100134,100,99612,100,100155,100,99610,100
2019-06-28 09:50:00.000000000,99942,328,99868,328,99990,328,99864,328,100039,100,99846,100,100049,100,99796,100,100079,100,99793,100,100102,100,99722,100,100110,100,99719,100,100112,100,99661,100,100134,100,99612,100,100155,100,99610,100
2019-06-28 09:50:08.969512998,99942,228,99868,328,99990,328,99864,328,100039,100,99846,100,100049,100,99796,100,100079,100,99793,100,100102,100,99722,100,100110,100,99719,100,100112,100,99661,100,100134,100,99612,100,100155,100,99610,100
2019-06-28 09:50:10.000000000,99990,255,99868,255,100039,250,99864,250,100049,250,99846,250,100079,100,99796,100,100102,100,99793,100,100110,100,99722,100,100112,100,99719,100,100134,100,99661,100,100155,100,99612,100,100595,100,99610,100
2019-06-28 09:50:14.727386698,99990,255,99868,255,100039,250,99864,250,100049,250,99846,250,100102,100,99796,100,100110,100,99793,100,100112,100,99722,100,100134,100,99719,100,100155,100,99661,100,100595,100,99612,100,,,99610,100
2019-06-28 09:50:20.000000000,99990,214,99868,214,100039,214,99864,214,100049,214,99846,214,100102,214,99796,214,100110,100,99793,100,100112,100,99722,100,100134,100,99719,100,100155,100,99661,100,100595,100,99612,100,,,99610,100
2019-06-28 09:50:30.000000000,99990,556,99868,556,100039,100,99864,100,100049,100,99846,100,100102,100,99796,100,100110,100,99793,100,100112,100,99722,100,100134,100,99719,100,100155,100,99661,100,100595,100,99612,100,,,99610,100
2019-06-28 09:50:40.000000000,99990,214,99868,214,100039,214,99864,214,100049,214,99846,214,100102,214,99796,214,100110,100,99793,100,100112,100,99722,100,100134,100,99719,100,100155,100,99661,100,100595,100,99612,100,,,99610,100
2019-06-28 09:50:50.000000000,99990,556,99868,556,100039,100,99864,100,100049,100,99846,100,100102,100,99796,100,100110,100,99793,100,100112,100,99722,100,100134,100,99719,100,100155,100,99661,100,100595,100,99612,100,,,99610,100
2019-06-28 09:51:00.000000000,99990,191,99868,191,100039,191,99864,191,100049,191,99846,191,100102,191,99796,191,100110,191,99793,191,100112,100,99722,100,100134,100,99719,100,100155,100,99661,100,100595,100,99612,100,,,99610,100
2019-06-28 09:51:10.000000000,99990,328,99868,328,100039,328,99864,328,100049,100,99846,100,100102,100,99796,100,100110,100,99793,100,100112,100,99722,100,100134,100,99719,100,100155,100,99661,100,100595,100,99612,100,,,99610,100
2019-06-28 09:51:20.000000000,99990,214,99868,214,100039,214,99864,214,100049,214,99846,214,100102,214,99796,214,100110,100,99793,100,100112,100,99722,100,100134,100,99719,100,100155,100,99661,100,100595,100,99612,100,,,99610,100
2019-06-28 09:51:30.000000000,99990,255,99868,255,100039,250,99864,250,100049,250,99846,250,100102,100,99796,100,100110,100,99793,100,100112,100,99722,100,100134,100,99719,100,100155,100,99661,100,100595,100,99612,100,,,99610,100
2019-06-28 09:51:34.447924572,99990,255,99942,100,100039,250,99868,255,100049,250,99864,250,100102,100,99846,250,100110,100,99796,100,100112,100,99793,100,100134,100,99722,100,100155,100,99719,100,100595,100,99661,100,,,99612,100
2019-06-28 09:51:40.000000000,99990,255,99942,255,100039,250,99868,250,100049,250,99864,250,100102,100,99846,100,100110,100,99796,100,100112,100,99793,100,100134,100,99722,100,100155,100,99719,100,100595,100,99661,100,,,99612,100
2019-06-28 09:51:50.000000000,99990,328,99942,328,100039,328,99868,328,100049,100,99864,100,100102,100,99846,100,100110,100,99796,100,100112,100,99793,100,100134,100,99722,100,100155,100,99719,100,100595,100,99661,100,,,99612,100
2019-06-28 09:52:00.000000000,99990,556,99942,556,100039,100,99868,100,100049,100,99864,100,100102,100,99846,100,100110,100,99796,100,100112,100,99793,100,100134,100,99722,100,100155,100,99719,100,100595,100,99661,100,,,99612,100
2019-06-28 09:52:10.000000000,99990,255,99942,255,100039,250,99868,250,100049,250,99864,250,100102,100,99846,100,100110,100,99796,100,100112,100,99793,100,100134,100,99722,100,100155,100,99719,100,100595,100,99661,100,,,99612,100
2019-06-28 09:52:20.000000000,99990,255,99942,255,100039,250,99868,250,100049,250,99864,250,100102,100,99846,100,100110,100,99796,100,100112,100,99793,100,100134,100,99722,100,100155,100,99719,100,100595,100,99661,100,,,99612,100
2019-06-28 09:52:26.609234487,99990,155,99942,255,100039,250,99868,250,100049,250,99864,250,100102,100,99846,100,100110,100,99796,100,100112,100,99793,100,100134,100,99722,100,100155,100,99719,100,100595,100,99661,100,,,99612,100
2019-06-28 09:52:30.000000000,100039,191,99942,191,100049,191,99868,191,100102,191,99864,191,100110,191,99846,191,100112,191,99796,191,100134,100,99793,100,100155,100,99722,100,100595,100,99719,100,,,99661,100,,,99612,100
2019-06-28 09:52:32.812365682,100039,191,99942,191,100049,191,99868,191,100102,191,99864,191,100110,191,99846,191,100112,191,99796,191,100134,100,99793,100,100155,100,99722,100,100595,100,99719,100,101485,100,99661,100,,,99612,100
2019-06-28 09:52:38.010004067,100039,91,99942,191,100049,91,99868,191,100102,191,99864,191,100110,191,99846,191,100112,191,99796,191,100134,100,99793,100,100155,100,99722,100,100595,100,99719,100,101485,100,99661,100,,,99612,100
2019-06-28 09:52:40.000000000,100102,255,99942,255,100110,250,99868,250,100112,250,99864,250,100134,100,99846,100,100155,100,99796,100,100595,100,99793,100,101485,100,99722,100,,,99719,100,,,99661,100,,,99612,100
2019-06-28 09:52:50.000000000,100102,214,99942,214,100110,214,99868,214,100112,214,99864,214,100134,214,99846,214,100155,100,99796,100,100595,100,99793,100,101485,100,99722,100,,,99719,100,,,99661,100,,,99612,100
2019-06-28 09:53:00.000000000,100102,556,99942,556,100110,100,99868,100,100112,100,99864,100,100134,100,99846,100,100155,100,99796,100,100595,100,99793,100,101485,100,99722,100,,,99719,100,,,99661,100,,,99612,100
2019-06-28 09:53:09.914085839,100102,556,99990,100,100110,100,99942,556,100112,100,99868,100,100134,100,99864,100,100155,100,99846,100,100595,100,99796,100,101485,100,99793,100,,,99722,100,,,99719,100,,,99661,100
2019-06-28 09:53:10.000000000,100102,328,99990,328,100110,328,99942,328,100112,100,99868,100,100134,100,99864,100,100155,100,99846,100,100595,100,99796,100,101485,100,99793,100,,,99722,100,,,99719,100,,,99661,100
2019-06-28 09:53:10.314040923,100102,228,99990,328,100110,328,99942,328,100112,100,99868,100,100134,100,99864,100,100155,100,99846,100,100595,100,99796,100,101485,100,99793,100,,,99722,100,,,99719,100,,,99661,100
2019-06-28 09:53:20.000000000,100110,214,99990,214,100112,214,99942,214,100134,214,99868,214,100155,214,99864,214,100595,100,99846,100,101485,100,99796,100,,,99793,100,,,99722,100,,,99719,100,,,99661,100
2019-06-28 09:53:22.269766304,100110,214,100039,100,100112,214,99990,214,100134,214,99942,214,100155,214,99868,214,100595,100,99864,214,101485,100,99846,100,,,99796,100,,,99793,100,,,99722,100,,,99719,100
2019-06-28 09:53:30.000000000,100110,328,100039,328,100112,328,99990,328,100134,100,99942,100,100155,100,99868,100,100595,100,99864,100,101485,100,99846,100,,,99796,100,,,99793,100,,,99722,100,,,99719,100
2019-06-28 09:53:40.000000000,100110,255,100039,255,100112,250,99990,250,100134,250,99942,250,100155,100,99868,100,100595,100,99864,100,101485,100,99846,100,,,99796,100,,,99793,100,,,99722,100,,,99719,100
2019-06-28 09:53:50.000000000,100110,255,100039,255,100112,250,99990,250,100134,250,99942,250,100155,100,99868,100,100595,100,99864,100,101485,100,99846,100,,,99796,100,,,99793,100,,,99722,100,,,99719,100
2019-06-28 09:54:00.000000000,100110,556,100039,556,100112,100,99990,100,100134,100,99942,100,100155,100,99868,100,100595,100,99864,100,101485,100,99846,100,,,99796,100,,,99793,100,,,99722,100,,,99719,100
2019-06-28 09:54:01.617099501,100110,556,100039,656,100112,100,99990,100,100134,100,99942,100,100155,100,99868,100,100595,100,99864,100,101485,100,99846,100,,,99796,100,,,99793,100,,,99722,100,,,99719,100
2019-06-28 09:54:10.000000000,100110,191,100039,291,100112,191,99990,191,100134,191,99942,191,100155,191,99868,191,100595,191,99864,191,101485,100,99846,100,,,99796,100,,,99793,100,,,99722,100,,,99719,100
2019-06-28 09:54:20.000000000,100110,556,100039,656,100112,100,99990,100,100134,100,99942,100,100155,100,99868,100,100595,100,99864,100,101485,100,99846,100,,,99796,100,,,99793,100,,,99722,100,,,99719,100
2019-06-28 09:54:30.000000000,100110,556,100039,656,100112,100,99990,100,100134,100,99942,100,100155,100,99868,100,100595,100,99864,100,101485,100,99846,100,,,99796,100,,,99793,100,,,99722,100,,,99719,100
2019-06-28 09:54:40.000000000,100110,191,100039,291,100112,191,99990,191,100134,191,99942,191,100155,191,99868,191,100595,191,99864,191,101485,100,99846,100,,,99796,100,,,99793,100,,,99722,100,,,99719,100
2019-06-28 09:54:50.000000000,100110,328,100039,428,100112,328,99990,328,100134,100,99942,100,100155,100,99868,100,100595,100,99864,100,101485,100,99846,100,,,99796,100,,,99793,100,,,99722,100,,,99719,100
2019-06-28 09:54:51.401538713,100110,228,100039,428,100112,328,99990,328,100134,100,99942,100,100155,100,99868,100,100595,100,99864,100,101485,100,99846,100,,,99796,100,,,99793,100,,,99722,100,,,99719,100
2019-06-28 09:55:00.000000000,100112,328,100039,428,100134,328,99990,328,100155,100,99942,100,100595,100,99868,100,101485,100,99864,100,,,99846,100,,,99796,100,,,99793,100,,,99722,100,,,99719,100
2019-06-28 09:55:10.000000000,100112,328,100039,428,100134,328,99990,328,100155,100,99942,100,100595,100,99868,100,101485,100,99864,100,,,99846,100,,,99796,100,,,99793,100,,,99722,100,,,99719,100
2019-06-28 09:55:10.005935731,100112,328,100102,100,100134,328,100039,428,100155,100,99990,328,100595,100,99942,100,101485,100,99868,100,,,99864,100,,,99846,100,,,99796,100,,,99793,100,,,99722,100
2019-06-28 09:55:20.000000000,100112,255,100102,255,100134,250,100039,350,100155,250,99990,250,100595,100,99942,100,101485,100,99868,100,,,99864,100,,,99846,100,,,99796,100,,,99793,100,,,99722,100
2019-06-28 09:55:30.000000000,100112,191,100102,191,100134,191,100039,291,100155,191,99990,191,100595,191,99942,191,101485,191,99868,191,,,99864,100,,,99846,100,,,99796,100,,,99793,100,,,99722,100
2019-06-28 09:55:38.751974541,100112,191,100102,291,100134,191,100039,291,100155,191,99990,191,100595,191,99942,191,101485,191,99868,191,,,99864,100,,,99846,100,,,99796,100,,,99793,100,,,99722,100
2019-06-28 09:55:40.000000000,100112,328,100102,428,100134,328,100039,428,100155,100,99990,100,100595,100,99942,100,101485,100,99868,100,,,99864,100,,,99846,100,,,99796,100,,,99793,100,,,99722,100
2019-06-28 09:55:42.906518607,100112,328,100102,528,100134,328,100039,428,100155,100,99990,100,100595,100,99942,100,101485,100,99868,100,,,99864,100,,,99846,100,,,99796,100,,,99793,100,,,99722,100
2019-06-28 09:55:48.097626903,100112,228,100102,528,100134,328,100039,428,100155,100,99990,100,100595,100,99942,100,101485,100,99868,100,,,99864,100,,,99846,100,,,99796,100,,,99793,100,,,99722,100
2019-06-28 09:55:50.000000000,100134,328,100102,528,100155,328,100039,428,100595,100,99990,100,101485,100,99942,100,,,99868,100,,,99864,100,,,99846,100,,,99796,100,,,99793,100,,,99722,100
2019-06-28 09:56:00.000000000,100134,191,100102,391,100155,191,100039,291,100595,191,99990,191,101485,191,99942,191,101486,91,99868,191,,,99864,100,,,99846,100,,,99796,100,,,99793,100,,,99722,100
2019-06-28 09:56:00.967309012,100134,191,100102,391,100155,191,100039,291,100595,191,99990,191,100690,100,99942,191,101485,191,99868,191,101486,91,99864,100,,,99846,100,,,99796,100,,,99793,100,,,99722,100
2019-06-28 09:56:10.000000000,100134,214,100102,414,100155,214,100039,314,100595,214,99990,214,100690,214,99942,214,101485,100,99868,100,,,99864,100,,,99846,100,,,99796,100,,,99793,100,,,99722,100
2019-06-28 09:56:20.000000000,100134,214,100102,414,100155,214,100039,314,100595,214,99990,214,100690,214,99942,214,101485,100,99868,100,,,99864,100,,,99846,100,,,99796,100,,,99793,100,,,99722,100
2019-06-28 09:56:30.000000000,100134,556,100102,756,100155,100,100039,200,100595,100,99990,100,100690,100,99942,100,101485,100,99868,100,,,99864,100,,,99846,100,,,99796,100,,,99793,100,,,99722,100
2019-06-28 09:56:30.413538921,100134,556,100110,100,100155,100,100102,756,100595,100,100039,200,100690,100,99990,100,101485,100,99942,100,,,99868,100,,,99864,100,,,99846,100,,,99796,100,,,99793,100
2019-06-28 09:56:33.292225863,100134,456,100110,100,100155,100,100102,756,100595,100,100039,200,100690,100,99990,100,101485,100,99942,100,,,99868,100,,,99864,100,,,99846,100,,,99796,100,,,99793,100
2019-06-28 09:56:33.801818155,100134,456,100110,100,100155,100,100102,756,100595,100,100039,200,100690,100,99990,100,101089,100,99942,100,101485,100,99868,100,,,99864,100,,,99846,100,,,99796,100,,,99793,100
2019-06-28 09:56:40.000000000,100155,556,100110,556,100595,100,100102,300,100690,100,100039,200,101089,100,99990,100,101485,100,99942,100,,,99868,100,,,99864,100,,,99846,100,,,99796,100,,,99793,100
2019-06-28 09:56:43.539463231,100155,456,100110,556,100595,100,100102,300,100690,100,100039,200,101089,100,99990,100,101485,100,99942,100,,,99868,100,,,99864,100,,,99846,100,,,99796,100,,,99793,100
2019-06-28 09:56:50.000000000,100595,255,100110,255,100690,250,100102,450,101089,250,100039,350,101485,100,99990,100,,,99942,100,,,99868,100,,,99864,100,,,99846,100,,,99796,100,,,99793,100
2019-06-28 09:57:00.000000000,100595,214,100110,214,100690,214,100102,414,101089,214,100039,314,101485,214,99990,214,,,99942,100,,,99868,100,,,99864,100,,,99846,100,,,99796,100,,,99793,100
2019-06-28 09:57:10.000000000,100595,191,100110,191,100690,191,100102,391,101089,191,100039,291,101485,191,99990,191,101486,91,99942,191,,,99868,100,,,99864,100,,,99846,100,,,99796,100,,,99793,100
2019-06-28 09:57:20.000000000,100595,556,100110,556,100690,100,100102,300,101089,100,100039,200,101485,100,99990,100,,,99942,100,,,99868,100,,,99864,100,,,99846,100,,,99796,100,,,99793,100
2019-06-28 09:57:30.000000000,100595,328,100110,328,100690,328,100102,528,101089,100,100039,200,101485,100,99990,100,,,99942,100,,,99868,100,,,99864,100,,,99846,100,,,99796,100,,,99793,100
2019-06-28 09:57:40.000000000,100595,556,100110,556,100690,100,100102,300,101089,100,100039,200,101485,100,99990,100,,,99942,100,,,99868,100,,,99864,100,,,99846,100,,,99796,100,,,99793,100
2019-06-28 09:57:50.000000000,100595,214,100110,214,100690,214,100102,414,101089,214,100039,314,101485,214,99990,214,,,99942,100,,,99868,100,,,99864,100,,,99846,100,,,99796,100,,,99793,100
2019-06-28 09:58:00.000000000,100595,191,100110,191,100690,191,100102,391,101089,191,100039,291,101485,191,99990,191,101486,91,99942,191,,,99868,100,,,99864,100,,,99846,100,,,99796,100,,,99793,100
2019-06-28 09:58:10.000000000,100595,328,100110,328,100690,328,100102,528,101089,100,100039,200,101485,100,99990,100,,,99942,100,,,99868,100,,,99864,100,,,99846,100,,,99796,100,,,99793,100
2019-06-28 09:58:18.096267302,100595,328,100110,328,100690,328,100102,528,101089,100,100039,100,101485,100,99990,100,,,99942,100,,,99868,100,,,99864,100,,,99846,100,,,99796,100,,,99793,100
2019-06-28 09:58:19.555217310,100595,328,100110,328,100690,328,100102,528,101089,100,100039,100,101485,100,99990,100,,,99942,100,,,99868,100,,,99864,100,,,99846,100,,,99796,100,,,99794,100
2019-06-28 09:58:20.000000000,100595,214,100110,214,100690,214,100102,414,101089,214,100039,214,101485,214,99990,214,,,99942,100,,,99868,100,,,99864,100,,,99846,100,,,99796,100,,,99794,100
2019-06-28 09:58:30.000000000,100595,255,100110,255,100690,250,100102,450,101089,250,100039,250,101485,100,99990,100,,,99942,100,,,99868,100,,,99864,100,,,99846,100,,,99796,100,,,99794,100
2019-06-28 09:58:39.316853340,100133,100,100110,155,100595,255,100102,450,100690,250,100039,250,101089,250,99990,100,101485,100,99942,100,,,99868,100,,,99864,100,,,99846,100,,,99796,100,,,99794,100
2019-06-28 09:58:40.000000000,100133,556,100102,756,100595,100,100039,100,100690,100,99990,100,101089,100,99942,100,101485,100,99868,100,,,99864,100,,,99846,100,,,99796,100,,,99794,100,,,99793,100
2019-06-28 09:58:50.000000000,100133,556,100102,756,100595,100,100039,100,100690,100,99990,100,101089,100,99942,100,101485,100,99868,100,,,99864,100,,,99846,100,,,99796,100,,,99794,100,,,99793,100
2019-06-28 09:59:00.000000000,100133,255,100102,455,100595,250,100039,250,100690,250,99990,250,101089,100,99942,100,101485,100,99868,100,,,99864,100,,,99846,100,,,99796,100,,,99794,100,,,99793,100
2019-06-28 09:59:10.000000000,100133,214,100102,414,100595,214,100039,214,100690,214,99990,214,101089,214,99942,214,101485,100,99868,100,,,99864,100,,,99846,100,,,99796,100,,,99794,100,,,99793,100
2019-06-28 09:59:13.765230741,100133,214,100102,314,100595,114,100039,214,100690,214,99990,214,101089,214,99942,214,101485,100,99868,100,,,99864,100,,,99846,100,,,99796,100,,,99794,100,,,99793,100
2019-06-28 09:59:20.000000000,100133,328,100102,428,100690,328,100039,328,101089,100,99990,100,101485,100,99942,100,,,99868,100,,,99864,100,,,99846,100,,,99796,100,,,99794,100,,,99793,100
2019-06-28 09:59:21.859200154,100133,328,100102,328,100690,328,100039,328,101089,100,99990,100,101485,100,99942,100,,,99868,100,,,99864,100,,,99846,100,,,99796,100,,,99794,100,,,99793,100
2019-06-28 09:59:30.000000000,100133,191,100102,191,100690,191,100039,191,101089,191,99990,191,101485,191,99942,191,101486,91,99868,191,,,99864,100,,,99846,100,,,99796,100,,,99794,100,,,99793,100
2019-06-28 09:59:32.739689106,100133,191,100102,191,100690,191,100039,191,101089,191,99990,191,101485,191,99942,191,101486,91,99868,191,,,99864,100,,,99846,100,,,99796,100,,,99794,100,,,99793,100
2019-06-28 09:59:34.526664714,100133,191,100102,91,100690,191,100039,191,101089,191,99990,191,101485,191,99942,191,101486,91,99868,191,,,99864,100,,,99846,100,,,99796,100,,,99794,100,,,99793,100
2019-06-28 09:59:40.000000000,100133,255,100039,255,100690,250,99990,250,101089,250,99942,250,101485,100,99868,100,,,99864,100,,,99846,100,,,99796,100,,,99794,100,,,99793,100,,,99722,100
2019-06-28 09:59:41.517758076,100102,100,100039,255,100133,255,99990,250,100690,250,99942,250,101089,250,99868,100,101485,100,99864,100,,,99846,100,,,99796,100,,,99794,100,,,99793,100,,,99722,100
2019-06-28 09:59:50.000000000,100102,328,100039,328,100133,328,99990,328,100690,100,99942,100,101089,100,99868,100,101485,100,99864,100,,,99846,100,,,99796,100,,,99794,100,,,99793,100,,,99722,100
2019-06-28 09:59:59.700149661,100102,428,100039,328,100133,328,99990,328,100690,100,99942,100,101089,100,99868,100,101485,100,99864,100,,,99846,100,,,99796,100,,,99794,100,,,99793,100,,,99722,100
2019-06-28 10:00:00.000000000,100102,291,100039,191,100133,191,99990,191,100690,191,99942,191,101089,191,99868,191,101485,191,99864,191,,,99846,100,,,99796,100,,,99794,100,,,99793,100,,,99722,100
2019-06-28 10:00:01.507693718,100102,291,100039,191,100133,191,99990,191,100690,191,99942,191,101089,191,99930,100,101485,191,99868,191,,,99864,191,,,99846,100,,,99796,100,,,99794,100,,,99793,100
2019-06-28 10:00:03.549657590,100102,291,100039,191,100133,191,99990,191,100690,191,99942,191,101089,191,99930,100,101485,191,99868,191,,,99864,191,,,99846,100,,,99796,100,,,99794,100,,,99793,100
2019-06-28 10:00:10.000000000,100102,656,100039,556,100133,100,99990,100,100690,100,99942,100,101089,100,99930,100,101485,100,99868,100,,,99864,100,,,99846,100,,,99796,100,,,99794,100,,,99793,100
2019-06-28 10:00:18.152755636,100102,656,100039,556,100133,100,100009,100,100690,100,99990,100,101089,100,99942,100,101485,100,99930,100,,,99868,100,,,99864,100,,,99846,100,,,99796,100,,,99794,100
2019-06-28 10:00:20.000000000,100102,656,100039,556,100133,100,100009,100,100690,100,99990,100,101089,100,99942,100,101485,100,99930,100,,,99868,100,,,99864,100,,,99846,100,,,99796,100,,,99794,100
2019-06-28 10:00:20.347612631,100102,656,100039,456,100133,100,100009,100,100690,100,99990,100,101089,100,99942,100,101485,100,99930,100,,,99868,100,,,99864,100,,,99846,100,,,99796,100,,,99794,100
2019-06-28 10:00:30.000000000,100102,314,100009,214,100133,214,99990,214,100690,214,99942,214,101089,214,99930,214,101485,100,99868,100,,,99864,100,,,99846,100,,,99796,100,,,99794,100,,,99793,100
2019-06-28 10:00:32.651880400,100102,314,100009,214,100133,214,99990,214,100690,214,99942,214,101089,214,99930,214,101485,100,99868,100,,,99864,100,,,99846,100,,,99796,100,,,99794,200,,,99793,100
2019-06-28 10:00:40.000000000,100102,355,100009,255,100133,250,99990,250,100690,250,99942,250,101089,100,99930,100,101485,100,99868,100,,,99864,100,,,99846,100,,,99796,100,,,99794,200,,,99793,100
2019-06-28 10:00:50.000000000,100102,355,100009,255,100133,250,99990,250,100690,250,99942,250,101089,100,99930,100,101485,100,99868,100,,,99864,100,,,99846,100,,,99796,100,,,99794,200,,,99793,100
2019-06-28 10:01:00.000000000,100102,656,100009,556,100133,100,99990,100,100690,100,99942,100,101089,100,99930,100,101485,100,99868,100,,,99864,100,,,99846,100,,,99796,100,,,99794,200,,,99793,100
2019-06-28 10:01:10.000000000,100102,428,100009,328,100133,328,99990,328,100690,100,99942,100,101089,100,99930,100,101485,100,99868,100,,,99864,100,,,99846,100,,,99796,100,,,99794,200,,,99793,100
2019-06-28 10:01:11.264451825,100101,100,100009,328,100102,328,99990,328,100133,328,99942,100,100690,100,99930,100,101089,100,99868,100,101485,100,99864,100,,,99846,100,,,99796,100,,,99794,200,,,99793,100
2019-06-28 10:01:20.000000000,100101,328,100009,328,100102,328,99990,328,100133,100,99942,100,100690,100,99930,100,101089,100,99868,100,101485,100,99864,100,,,99846,100,,,99796,100,,,99794,200,,,99793,100
2019-06-28 10:01:28.949445277,100101,428,100009,328,100102,328,99990,328,100133,100,99942,100,100690,100,99930,100,101089,100,99868,100,101485,100,99864,100,,,99846,100,,,99796,100,,,99794,200,,,99793,100
2019-06-28 10:01:30.000000000,100101,656,100009,556,100102,100,99990,100,100133,100,99942,100,100690,100,99930,100,101089,100,99868,100,101485,100,99864,100,,,99846,100,,,99796,100,,,99794,200,,,99793,100
2019-06-28 10:01:40.000000000,100101,355,100009,255,100102,250,99990,250,100133,250,99942,250,100690,100,99930,100,101089,100,99868,100,101485,100,99864,100,,,99846,100,,,99796,100,,,99794,200,,,99793,100
2019-06-28 10:01:50.000000000,100101,355,100009,255,100102,250,99990,250,100133,250,99942,250,100690,100,99930,100,101089,100,99868,100,101485,100,99864,100,,,99846,100,,,99796,100,,,99794,200,,,99793,100
2019-06-28 10:02:00.000000000,100101,291,100009,191,100102,191,99990,191,100133,191,99942,191,100690,191,99930,191,101089,191,99868,191,101485,100,99864,100,,,99846,100,,,99796,100,,,99794,200,,,99793,100
2019-06-28 10:02:04.035569842,100101,291,100009,91,100102,191,99990,191,100133,191,99942,191,100690,191,99930,191,101089,191,99868,191,101485,100,99864,100,,,99846,100,,,99796,100,,,99794,200,,,99793,100
2019-06-28 10:02:08.738404364,100101,291,100009,91,100102,191,99990,91,100133,191,99942,191,100690,191,99930,191,101089,191,99868,191,101485,100,99864,100,,,99846,100,,,99796,100,,,99794,200,,,99793,100
2019-06-28 10:02:10.000000000,100101,656,99942,556,100102,100,99930,100,100133,100,99868,100,100690,100,99864,100,101089,100,99846,100,101485,100,99796,100,,,99794,200,,,99793,100,,,99775,100,,,99722,100
2019-06-28 10:02:20.000000000,100101,428,99942,328,100102,328,99930,328,100133,100,99868,100,100690,100,99864,100,101089,100,99846,100,101485,100,99796,100,,,99794,200,,,99793,100,,,99775,100,,,99722,100
2019-06-28 10:02:26.522149556,100101,428,99942,228,100102,328,99930,328,100133,100,99868,100,100690,100,99864,100,101089,100,99846,100,101485,100,99796,100,,,99794,200,,,99793,100,,,99775,100,,,99722,100
2019-06-28 10:02:30.000000000,100101,428,99930,328,100102,328,99868,328,100133,100,99864,100,100690,100,99846,100,101089,100,99796,100,101485,100,99794,200,,,99793,100,,,99775,100,,,99722,100,,,99719,100
2019-06-28 10:02:35.393744179,100101,428,99930,328,100102,328,99868,328,100133,100,99864,100,100690,100,99846,100,101089,100,99796,100,101485,100,99794,200,,,99793,100,,,99775,100,,,99722,100,,,99719,100
2019-06-28 10:02:36.848385615,100009,100,99930,328,100101,428,99868,328,100102,328,99864,100,100133,100,99846,100,100690,100,99796,100,101089,100,99794,200,101485,100,99793,100,,,99775,100,,,99722,100,,,99719,100
2019-06-28 10:02:40.000000000,100009,255,99930,255,100101,350,99868,250,100102,250,99864,250,100133,100,99846,100,100690,100,99796,100,101089,100,99794,200,101485,100,99793,100,,,99775,100,,,99722,100,,,99719,100
2019-06-28 10:02:41.717922109,100009,355,99930,255,100101,350,99868,250,100102,250,99864,250,100133,100,99846,100,100690,100,99796,100,101089,100,99794,200,101485,100,99793,100,,,99775,100,,,99722,100,,,99719,100
2019-06-28 10:02:50.000000000,100009,314,99930,214,100101,314,99868,214,100102,214,99864,214,100133,214,99846,214,100690,100,99796,100,101089,100,99794,200,101485,100,99793,100,,,99775,100,,,99722,100,,,99719,100
2019-06-28 10:02:51.306569548,100009,414,99930,214,100101,314,99868,214,100102,214,99864,214,100133,214,99846,214,100690,100,99796,100,101089,100,99794,200,101485,100,99793,100,,,99775,100,,,99722,100,,,99719,100
2019-06-28 10:03:00.000000000,100009,391,99930,191,100101,291,99868,191,100102,191,99864,191,100133,191,99846,191,100690,191,99796,191,101089,100,99794,200,101485,100,99793,100,,,99775,100,,,99722,100,,,99719,100
2019-06-28 10:03:10.000000000,100009,528,99930,328,100101,428,99868,328,100102,100,99864,100,100133,100,99846,100,100690,100,99796,100,101089,100,99794,200,101485,100,99793,100,,,99775,100,,,99722,100,,,99719,100
2019-06-28 10:03:20.000000000,100009,528,99930,328,100101,428,99868,328,100102,100,99864,100,100133,100,99846,100,100690,100,99796,100,101089,100,99794,200,101485,100,99793,100,,,99775,100,,,99722,100,,,99719,100
2019-06-28 10:03:21.355644362,100009,528,99930,328,100101,428,99868,228,100102,100,99864,100,100133,100,99846,100,100690,100,99796,100,101089,100,99794,200,101485,100,99793,100,,,99775,100,,,99722,100,,,99719,100
2019-06-28 10:03:28.032793845,100009,528,99930,328,100101,428,99868,228,100102,100,99864,100,100690,100,99846,100,101089,100,99796,100,101485,100,99794,200,,,99793,100,,,99775,100,,,99722,100,,,99719,100
2019-06-28 10:03:30.000000000,100009,528,99930,328,100101,428,99864,328,100102,100,99846,100,100690,100,99796,100,101089,100,99794,200,101485,100,99793,100,,,99775,100,,,99722,100,,,99719,100,,,99661,100
2019-06-28 10:03:36.828618042,100009,628,99930,328,100101,428,99864,328,100102,100,99846,100,100690,100,99796,100,101089,100,99794,200,101485,100,99793,100,,,99775,100,,,99722,100,,,99719,100,,,99661,100
2019-06-28 10:03:40.000000000,100009,856,99930,556,100101,200,99864,100,100102,100,99846,100,100690,100,99796,100,101089,100,99794,200,101485,100,99793,100,,,99775,100,,,99722,100,,,99719,100,,,99661,100
2019-06-28 10:03:40.235122543,100009,856,99930,556,100101,200,99864,100,100102,100,99846,100,100690,100,99796,100,101089,100,99794,200,101485,100,99793,100,,,99775,100,,,99722,100,,,99719,100,,,99661,100
2019-06-28 10:03:50.000000000,100009,514,99930,214,100101,314,99864,214,100102,214,99846,214,100690,214,99796,214,101089,100,99794,200,101485,100,99793,100,,,99775,100,,,99722,100,,,99719,100,,,99661,100
2019-06-28 10:03:54.618062093,100009,514,99930,114,100101,314,99864,214,100102,214,99846,214,100690,214,99796,214,101089,100,99794,200,101485,100,99775,100,,,99722,100,,,99719,100,,,99661,100,,,99626,100
2019-06-28 10:04:00.000000000,100009,856,99864,556,100101,200,99846,100,100102,100,99796,100,100690,100,99794,200,101089,100,99775,100,101485,100,99722,100,,,99719,100,,,99661,100,,,99626,100,,,99612,100
2019-06-28 10:04:10.000000000,100009,856,99864,556,100101,200,99846,100,100102,100,99796,100,100690,100,99794,200,101089,100,99775,100,101485,100,99722,100,,,99719,100,,,99661,100,,,99626,100,,,99612,100
2019-06-28 10:04:20.000000000,100009,514,99864,214,100101,314,99846,214,100102,214,99796,214,100690,214,99794,314,101089,100,99775,100,101485,100,99722,100,,,99719,100,,,99661,100,,,99626,100,,,99612,100
2019-06-28 10:04:30.000000000,100009,628,99864,328,100101,428,99846,328,100102,100,99796,100,100690,100,99794,200,101089,100,99775,100,101485,100,99722,100,,,99719,100,,,99661,100,,,99626,100,,,99612,100
2019-06-28 10:04:40.000000000,100009,856,99864,556,100101,200,99846,100,100102,100,99796,100,100690,100,99794,200,101089,100,99775,100,101485,100,99722,100,,,99719,100,,,99661,100,,,99626,100,,,99612,100
2019-06-28 10:04:50.000000000,100009,491,99864,191,100101,291,99846,191,100102,191,99796,191,100690,191,99794,291,101089,191,99775,191,101485,100,99722,100,,,99719,100,,,99661,100,,,99626,100,,,99612,100
2019-06-28 10:05:00.000000000,100009,856,99864,556,100101,200,99846,100,100102,100,99796,100,100690,100,99794,200,101089,100,99775,100,101485,100,99722,100,,,99719,100,,,99661,100,,,99626,100,,,99612,100
2019-06-28 10:05:03.523840603,100009,856,99864,556,100101,200,99846,100,100102,100,99796,100,100690,100,99794,200,101089,100,99775,100,101485,100,99722,100,,,99719,100,,,99661,100,,,99626,100,,,99612,100
2019-06-28 10:05:09.038596452,100009,856,99864,456,100101,200,99846,100,100102,100,99796,100,100690,100,99794,200,101089,100,99775,100,101485,100,99722,100,,,99719,100,,,99661,100,,,99626,100,,,99612,100
2019-06-28 10:05:10.000000000,100009,491,99846,191,100101,291,99796,191,100102,191,99794,291,100690,191,99775,191,101089,191,99722,191,101485,100,99719,100,,,99661,100,,,99626,100,,,99612,100,,,99337,100
2019-06-28 10:05:14.250293465,99930,100,99846,191,100009,491,99796,191,100101,291,99794,291,100102,91,99775,191,100690,191,99722,191,101089,191,99719,100,101485,100,99661,100,,,99626,100,,,99612,100,,,99337,100
2019-06-28 10:05:20.000000000,99930,255,99846,255,100009,550,99796,250,100101,350,99794,350,100690,100,99775,100,101089,100,99722,100,101485,100,99719,100,,,99661,100,,,99626,100,,,99612,100,,,99337,100
2019-06-28 10:05:30.000000000,99930,255,99846,255,100009,550,99796,250,100101,350,99794,350,100690,100,99775,100,101089,100,99722,100,101485,100,99719,100,,,99661,100,,,99626,100,,,99612,100,,,99337,100
2019-06-28 10:05:40.000000000,99930,214,99846,214,100009,514,99796,214,100101,314,99794,314,100690,214,99775,214,101089,100,99722,100,101485,100,99719,100,,,99661,100,,,99626,100,,,99612,100,,,99337,100
2019-06-28 10:05:50.000000000,99930,255,99846,255,100009,550,99796,250,100101,350,99794,350,100690,100,99775,100,101089,100,99722,100,101485,100,99719,100,,,99661,100,,,99626,100,,,99612,100,,,99337,100
2019-06-28 10:05:56.844771763,99930,255,99846,255,100009,550,99796,250,100101,350,99794,350,100690,100,99775,100,101089,100,99722,100,101485,100,99719,100,,,99661,100,,,99626,100,,,99612,100,,,99337,100
2019-06-28 10:06:00.000000000,99930,191,99846,191,100009,491,99796,191,100101,291,99794,291,100690,191,99775,191,101089,191,99722,191,101485,100,99719,100,,,99661,100,,,99626,100,,,99612,100,,,99337,100
2019-06-28 10:06:06.832085020,99930,191,99846,191,100009,491,99796,191,100101,291,99794,291,100690,191,99775,191,101089,191,99722,191,101485,100,99719,100,,,99661,100,,,99626,100,,,99612,100,,,99337,100
2019-06-28 10:06:08.098036277,99930,191,99846,191,100009,491,99796,191,100101,291,99794,291,100690,191,99775,191,101089,191,99722,191,101485,100,99719,100,,,99661,100,,,99626,100,,,99612,100,,,99390,100
2019-06-28 10:06:10.000000000,99930,255,99846,255,100009,550,99796,250,100101,350,99794,350,100690,100,99775,100,101089,100,99722,100,101485,100,99719,100,,,99661,100,,,99626,100,,,99612,100,,,99390,100
2019-06-28 10:06:20.000000000,99930,214,99846,214,100009,514,99796,214,100101,314,99794,314,100690,214,99775,214,101089,100,99722,100,101485,100,99719,100,,,99661,100,,,99626,100,,,99612,100,,,99390,100
2019-06-28 10:06:28.373850825,99930,214,99846,114,100009,514,99796,214,100101,314,99794,314,100690,214,99775,214,101089,100,99722,100,101485,100,99719,100,,,99661,100,,,99626,100,,,99612,100,,,99390,100
2019-06-28 10:06:30.000000000,99930,328,99796,328,100009,628,99794,428,100101,200,99775,100,100690,100,99722,100,101089,100,99719,100,101485,100,99661,100,,,99626,100,,,99612,100,,,99390,100,,,99337,100
2019-06-28 10:06:40.000000000,99930,214,99796,214,100009,514,99794,314,100101,314,99775,214,100690,214,99722,214,101089,100,99719,100,101485,100,99661,100,,,99626,100,,,99612,100,,,99390,100,,,99337,100
2019-06-28 10:06:50.000000000,99930,328,99796,328,100009,628,99794,428,100101,200,99775,100,100690,100,99722,100,101089,100,99719,100,101485,100,99661,100,,,99626,100,,,99612,100,,,99390,100,,,99337,100
2019-06-28 10:06:56.675207384,99930,328,99796,228,100009,628,99794,428,100101,200,99775,100,100690,100,99722,100,101089,100,99719,100,101485,100,99661,100,,,99626,100,,,99612,100,,,99390,100,,,99337,100
2019-06-28 10:07:00.000000000,99930,328,99794,428,100009,628,99775,328,100101,200,99722,100,100690,100,99719,100,101089,100,99661,100,101485,100,99626,100,,,99612,100,,,99390,100,,,99337,100,,,99302,100
2019-06-28 10:07:08.206503297,99930,328,99794,328,100009,628,99775,328,100101,200,99722,100,101089,100,99719,100,101485,100,99661,100,,,99626,100,,,99612,100,,,99390,100,,,99337,100,,,99302,100
2019-06-28 10:07:10.000000000,99930,328,99794,328,100009,628,99775,328,100101,200,99722,100,101089,100,99719,100,101485,100,99661,100,,,99626,100,,,99612,100,,,99390,100,,,99337,100,,,99302,100
2019-06-28 10:07:20.000000000,99930,328,99794,328,100009,628,99775,328,100101,200,99722,100,101089,100,99719,100,101485,100,99661,100,,,99626,100,,,99612,100,,,99390,100,,,99337,100,,,99302,100
2019-06-28 10:07:30.000000000,99930,328,99794,328,100009,628,99775,328,100101,200,99722,100,101089,100,99719,100,101485,100,99661,100,,,99626,100,,,99612,100,,,99390,100,,,99337,100,,,99302,100
2019-06-28 10:07:40.000000000,99930,191,99794,191,100009,491,99775,191,100101,291,99722,191,101089,191,99719,191,101485,191,99661,191,,,99626,100,,,99612,100,,,99390,100,,,99337,100,,,99302,100
2019-06-28 10:07:50.000000000,99930,214,99794,214,100009,514,99775,214,100101,314,99722,214,101089,214,99719,214,101485,100,99661,100,,,99626,100,,,99612,100,,,99390,100,,,99337,100,,,99302,100
2019-06-28 10:08:00.000000000,99930,255,99794,255,100009,550,99775,250,100101,350,99722,250,101089,100,99719,100,101485,100,99661,100,,,99626,100,,,99612,100,,,99390,100,,,99337,100,,,99302,100
2019-06-28 10:08:08.632279329,99930,255,99797,100,100009,550,99794,255,100101,350,99775,250,101089,100,99722,250,101485,100,99719,100,,,99661,100,,,99626,100,,,99612,100,,,99390,100,,,99337,100
2019-06-28 10:08:10.000000000,99930,191,99797,191,100009,491,99794,191,100101,291,99775,191,101089,191,99722,191,101485,191,99719,191,,,99661,100,,,99626,100,,,99612,100,,,99390,100,,,99337,100
2019-06-28 10:08:13.912215306,99930,91,99797,191,100009,491,99794,191,100101,291,99775,191,101089,191,99722,191,101485,191,99719,191,,,99661,100,,,99626,100,,,99612,100,,,99390,100,,,99337,100
2019-06-28 10:08:20.000000000,100009,555,99797,255,100101,350,99794,250,101089,250,99775,250,101485,100,99722,100,,,99719,100,,,99661,100,,,99626,100,,,99612,100,,,99390,100,,,99337,100
2019-06-28 10:08:29.915270192,100009,455,99797,255,100101,350,99794,250,101089,250,99775,250,101485,100,99722,100,,,99719,100,,,99661,100,,,99626,100,,,99612,100,,,99390,100,,,99337,100
2019-06-28 10:08:30.000000000,100009,391,99797,191,100101,291,99794,191,101089,191,99775,191,101485,191,99722,191,101486,91,99719,191,,,99661,100,,,99626,100,,,99612,100,,,99390,100,,,99337,100
2019-06-28 10:08:32.077274429,100009,391,99797,191,100101,291,99794,191,100524,100,99775,191,101089,191,99722,191,101485,191,99719,191,101486,91,99661,100,,,99626,100,,,99612,100,,,99390,100,,,99337,100
2019-06-28 10:08:40.000000000,100009,414,99797,214,100101,314,99794,214,100524,214,99775,214,101089,214,99722,214,101485,100,99719,100,,,99661,100,,,99626,100,,,99612,100,,,99390,100,,,99337,100
2019-06-28 10:08:43.284828626,100009,414,99930,100,100101,314,99797,214,100524,214,99794,214,101089,214,99775,214,101485,100,99722,214,,,99719,100,,,99661,100,,,99626,100,,,99612,100,,,99390,100
2019-06-28 10:08:50.000000000,100009,528,99930,328,100101,428,99797,328,100524,100,99794,100,101089,100,99775,100,101485,100,99722,100,,,99719,100,,,99661,100,,,99626,100,,,99612,100,,,99390,100
2019-06-28 10:08:51.677204411,100009,528,99930,328,100101,328,99797,328,100524,100,99794,100,101089,100,99775,100,101485,100,99722,100,,,99719,100,,,99661,100,,,99626,100,,,99612,100,,,99390,100
2019-06-28 10:09:00.000000000,100009,414,99930,214,100101,214,99797,214,100524,214,99794,214,101089,214,99775,214,101485,100,99722,100,,,99719,100,,,99661,100,,,99626,100,,,99612,100,,,99390,100
2019-06-28 10:09:08.136813318,100009,314,99930,214,100101,214,99797,214,100524,214,99794,214,101089,214,99775,214,101485,100,99722,100,,,99719,100,,,99661,100,,,99626,100,,,99612,100,,,99390,100
2019-06-28 10:09:10.000000000,100009,428,99930,328,100101,328,99797,328,100524,100,99794,100,101089,100,99775,100,101485,100,99722,100,,,99719,100,,,99661,100,,,99626,100,,,99612,100,,,99390,100
2019-06-28 10:09:20.000000000,100009,355,99930,255,100101,250,99797,250,100524,250,99794,250,101089,100,99775,100,101485,100,99722,100,,,99719,100,,,99661,100,,,99626,100,,,99612,100,,,99390,100
2019-06-28 10:09:30.000000000,100009,428,99930,328,100101,328,99797,328,100524,100,99794,100,101089,100,99775,100,101485,100,99722,100,,,99719,100,,,99661,100,,,99626,100,,,99612,100,,,99390,100
2019-06-28 10:09:34.856793018,100009,328,99930,328,100101,328,99797,328,100524,100,99794,100,101089,100,99775,100,101485,100,99722,100,,,99719,100,,,99661,100,,,99626,100,,,99612,100,,,99390,100
2019-06-28 10:09:40.000000000,100009,191,99930,191,100101,191,99797,191,100524,191,99794,191,101089,191,99775,191,101485,191,99722,191,,,99719,100,,,99661,100,,,99626,100,,,99612,100,,,99390,100
2019-06-28 10:09:50.000000000,100009,191,99930,191,100101,191,99797,191,100524,191,99794,191,101089,191,99775,191,101485,191,99722,191,,,99719,100,,,99661,100,,,99626,100,,,99612,100,,,99390,100
2019-06-28 10:10:00.000000000,100009,328,99930,328,100101,328,99797,328,100524,100,99794,100,101089,100,99775,100,101485,100,99722,100,,,99719,100,,,99661,100,,,99626,100,,,99612,100,,,99390,100
2019-06-28 10:10:10.000000000,100009,255,99930,255,100101,250,99797,250,100524,250,99794,250,101089,100,99775,100,101485,100,99722,100,,,99719,100,,,99661,100,,,99626,100,,,99612,100,,,99390,100
2019-06-28 10:10:11.671471684,100009,255,99930,255,100101,250,99797,250,100490,100,99794,250,100524,250,99775,100,101089,100,99722,100,101485,100,99719,100,,,99661,100,,,99626,100,,,99612,100,,,99390,100
2019-06-28 10:10:20.000000000,100009,328,99930,328,100101,328,99797,328,100490,100,99794,100,100524,100,99775,100,101089,100,99722,100,101485,100,99719,100,,,99661,100,,,99626,100,,,99612,100,,,99390,100
2019-06-28 10:10:20.787457438,100009,328,99930,328,100101,328,99797,328,100490,100,99794,100,100524,100,99775,100,100569,100,99722,100,101089,100,99719,100,101485,100,99661,100,,,99626,100,,,99612,100,,,99390,100
2019-06-28 10:10:30.000000000,100009,556,99930,556,100101,100,99797,100,100490,100,99794,100,100524,100,99775,100,100569,100,99722,100,101089,100,99719,100,101485,100,99661,100,,,99626,100,,,99612,100,,,99390,100
2019-06-28 10:10:40.000000000,100009,214,99930,214,100101,214,99797,214,100490,214,99794,214,100524,214,99775,214,100569,100,99722,100,101089,100,99719,100,101485,100,99661,100,,,99626,100,,,99612,100,,,99390,100
2019-06-28 10:10:44.804155650,100009,214,99930,214,100101,214,99797,214,100490,214,99794,214,100524,214,99775,214,100569,100,99722,100,100570,100,99719,100,101089,100,99661,100,101485,100,99626,100,,,99612,100,,,99390,100
2019-06-28 10:10:50.000000000,100009,214,99930,214,100101,214,99797,214,100490,214,99794,214,100524,214,99775,214,100569,100,99722,100,100570,100,99719,100,101089,100,99661,100,101485,100,99626,100,,,99612,100,,,99390,100
2019-06-28 10:11:00.000000000,100009,328,99930,328,100101,328,99797,328,100490,100,99794,100,100524,100,99775,100,100569,100,99722,100,100570,100,99719,100,101089,100,99661,100,101485,100,99626,100,,,99612,100,,,99390,100
2019-06-28 10:11:02.607705097,100009,328,99930,328,100101,328,99797,328,100490,100,99794,100,100524,100,99775,100,100569,100,99722,100,100570,100,99719,100,100707,100,99626,100,101089,100,99612,100,101485,100,99390,100,,,99337,100
2019-06-28 10:11:10.000000000,100009,255,99930,255,100101,250,99797,250,100490,250,99794,250,100524,100,99775,100,100569,100,99722,100,100570,100,99719,100,100707,100,99626,100,101089,100,99612,100,101485,100,99390,100,,,99337,100
2019-06-28 10:11:20.000000000,100009,328,99930,328,100101,328,99797,328,100490,100,99794,100,100524,100,99775,100,100569,100,99722,100,100570,100,99719,100,100707,100,99626,100,101089,100,99612,100,101485,100,99390,100,,,99337,100
2019-06-28 10:11:30.000000000,100009,214,99930,214,100101,214,99797,214,100490,214,99794,214,100524,214,99775,214,100569,100,99722,100,100570,100,99719,100,100707,100,99626,100,101089,100,99612,100,101485,100,99390,100,,,99337,100
2019-06-28 10:11:40.000000000,100009,255,99930,255,100101,250,99797,250,100490,250,99794,250,100524,100,99775,100,100569,100,99722,100,100570,100,99719,100,100707,100,99626,100,101089,100,99612,100,101485,100,99390,100,,,99337,100
2019-06-28 10:11:47.404618122,100009,255,100002,100,100101,250,99930,255,100490,250,99797,250,100524,100,99794,250,100569,100,99775,100,100570,100,99722,100,100707,100,99719,100,101089,100,99626,100,101485,100,99612,100,,,99390,100
2019-06-28 10:11:50.000000000,100009,328,100002,328,100101,328,99930,328,100490,100,99797,100,100524,100,99794,100,100569,100,99775,100,100570,100,99722,100,100707,100,99719,100,101089,100,99626,100,101485,100,99612,100,,,99390,100
2019-06-28 10:11:50.587043334,100009,328,100002,328,100101,328,99930,328,100448,100,99797,100,100490,100,99794,100,100524,100,99775,100,100569,100,99722,100,100570,100,99719,100,100707,100,99626,100,101089,100,99612,100,101485,100,99390,100
2019-06-28 10:12:00.000000000,100009,191,100002,191,100101,191,99930,191,100448,191,99797,191,100490,191,99794,191,100524,191,99775,191,100569,100,99722,100,100570,100,99719,100,100707,100,99626,100,101089,100,99612,100,101485,100,99390,100
2019-06-28 10:12:10.000000000,100009,556,100002,556,100101,100,99930,100,100448,100,99797,100,100490,100,99794,100,100524,100,99775,100,100569,100,99722,100,100570,100,99719,100,100707,100,99626,100,101089,100,99612,100,101485,100,99390,100
2019-06-28 10:12:18.110905128,100009,556,100002,556,100101,100,99930,100,100446,100,99797,100,100448,100,99775,100,100490,100,99722,100,100524,100,99719,100,100569,100,99626,100,100570,100,99612,100,100707,100,99390,100,101089,100,99337,100
2019-06-28 10:12:18.631902631,100009,556,100002,556,100101,100,99930,100,100420,100,99797,100,100446,100,99775,100,100448,100,99722,100,100490,100,99719,100,100524,100,99626,100,100569,100,99612,100,100570,100,99390,100,100707,100,99337,100
2019-06-28 10:12:20.000000000,100009,556,100002,556,100101,100,99930,100,100420,100,99797,100,100446,100,99775,100,100448,100,99722,100,100490,100,99719,100,100524,100,99626,100,100569,100,99612,100,100570,100,99390,100,100707,100,99337,100
2019-06-28 10:12:30.000000000,100009,191,100002,191,100101,191,99930,191,100420,191,99797,191,100446,191,99775,191,100448,191,99722,191,100490,100,99719,100,100524,100,99626,100,100569,100,99612,100,100570,100,99390,100,100707,100,99337,100
2019-06-28 10:12:32.795062935,100009,191,100002,191,100101,191,99930,191,100420,191,99797,191,100446,191,99775,191,100448,191,99722,191,100490,100,99719,100,100524,100,99626,100,100569,100,99612,100,100570,100,99390,100,100707,100,99337,100
