,ask_price_1,ask_size_1,bid_price_1,bid_size_1,ask_price_2,ask_size_2,bid_price_2,bid_size_2,ask_price_3,ask_size_3,bid_price_3,bid_size_3,ask_price_4,ask_size_4,bid_price_4,bid_size_4,ask_price_5,ask_size_5,bid_price_5,bid_size_5,ask_price_6,ask_size_6,bid_price_6,bid_size_6,ask_price_7,ask_size_7,bid_price_7,bid_size_7,ask_price_8,ask_size_8,bid_price_8,bid_size_8,ask_price_9,ask_size_9,bid_price_9,bid_size_9,ask_price_10,ask_size_10,bid_price_10,bid_size_10
2019-06-28 09:30:00.000000000,100049,100,,,,,,,,,,,,,,,,,,,,,,,,,,,,,,,,,,,,,,
2019-06-28 09:30:00.000000003,100018,100,,,100046,100,,,100049,100,,,100076,100,,,100080,100,,,,,,,,,,,,,,,,,,,,,,
2019-06-28 09:30:00.000000004,100018,100,99841,100,100046,100,,,100049,100,,,100076,100,,,100080,100,,,,,,,,,,,,,,,,,,,,,,
2019-06-28 09:30:00.000000006,100018,100,99841,100,100046,100,,,100049,100,,,100076,100,,,100080,100,,,100118,100,,,,,,,,,,,,,,,,,,
2019-06-28 09:30:00.000000008,100018,100,99970,100,100046,100,99841,100,100049,100,,,100076,100,,,100080,100,,,100118,100,,,,,,,,,,,,,,,,,,
2019-06-28 09:30:00.000000010,100018,100,99841,100,100046,100,,,100049,100,,,100076,100,,,100080,100,,,100118,100,,,,,,,,,,,,,,,,,,
2019-06-28 09:30:00.000000014,100018,100,99880,100,100031,100,99841,100,100046,100,,,100049,100,,,100057,100,,,100076,100,,,100080,100,,,100118,100,,,,,,,,,,
2019-06-28 09:30:00.000000015,100018,100,99880,100,100031,100,99841,100,100046,100,,,100049,100,,,100057,100,,,100076,100,,,100080,100,,,100118,100,,,100125,100,,,,,,
2019-06-28 09:30:00.000000016,99983,100,99933,100,100018,100,99932,100,100031,100,99880,100,100046,100,99841,100,100049,100,,,100057,100,,,100076,100,,,100080,100,,,100118,100,,,100125,100,,
2019-06-28 09:30:00.000000017,99983,100,99933,100,100018,100,99932,100,100021,100,99880,100,100031,100,99841,100,100046,100,,,100049,100,,,100057,100,,,100076,100,,,100080,100,,,100118,100,,
2019-06-28 09:30:00.000000020,99983,100,99933,100,100018,100,99932,100,100021,100,99898,100,100031,100,99880,100,100046,100,99841,100,100049,100,,,100057,100,,,100076,100,,,100080,100,,,100118,100,,
2019-06-28 09:30:00.000000021,99983,100,99933,100,100018,100,99932,100,100021,100,99905,100,100031,100,99898,100,100046,100,99880,100,100049,100,99841,100,100057,100,,,100076,100,,,100080,100,,,100118,100,,
2019-06-28 09:30:00.000000022,99983,100,99933,100,100018,100,99932,100,100021,100,99905,100,100031,100,99898,100,100046,100,99880,100,100049,100,99841,100,100057,100,,,100076,100,,,100080,100,,,100108,100,,
2019-06-28 09:30:00.000000023,99983,100,99933,100,100015,100,99932,100,100018,100,99905,100,100021,100,99898,100,100031,100,99880,100,100046,100,99841,100,100049,100,,,100057,100,,,100076,100,,,100080,100,,
2019-06-28 09:30:00.000000025,99983,100,99933,100,100015,100,99932,100,100018,100,99918,100,100021,100,99905,100,100031,100,99898,100,100046,100,99880,100,100049,100,99841,100,100057,100,,,100076,100,,,100080,100,,
2019-06-28 09:30:00.000000026,99983,100,99933,100,100015,100,99932,100,100018,100,99923,100,100021,100,99918,100,100031,100,99905,100,100046,100,99898,100,100049,100,99880,100,100057,100,99841,100,100076,100,,,100080,100,,
2019-06-28 09:30:00.000000029,99983,100,99933,100,100015,100,99932,100,100018,100,99923,100,100021,100,99918,100,100031,100,99905,100,100046,100,99898,100,100049,100,99880,100,100057,100,99841,100,100076,100,,,100080,100,,
2019-06-28 09:30:00.000000031,99983,100,99973,100,100015,100,99933,100,100018,100,99932,100,100021,100,99923,100,100031,100,99918,100,100046,100,99905,100,100049,100,99898,100,100057,100,99880,100,100076,100,99841,100,100080,100,,
2019-06-28 09:30:00.000000032,100015,100,99973,100,100018,100,99933,100,100021,100,99932,100,100031,100,99923,100,100046,100,99918,100,100049,100,99905,100,100057,100,99898,100,100076,100,99880,100,100080,100,99841,100,100108,100,,
2019-06-28 09:30:00.000000034,100015,100,99973,100,100018,100,99933,100,100021,100,99932,100,100022,100,99923,100,100031,100,99918,100,100046,100,99905,100,100049,100,99898,100,100057,100,99880,100,100071,100,99841,100,100076,100,,
2019-06-28 09:30:00.000000035,100015,100,99973,100,100018,100,99933,100,100021,100,99932,100,100022,100,99923,100,100031,100,99918,100,100046,100,99905,100,100049,100,99898,100,100057,100,99880,100,100071,100,99841,100,100076,100,,
2019-06-28 09:30:00.000000036,100015,100,99977,100,100018,100,99973,100,100021,100,99962,100,100022,100,99933,100,100031,100,99932,100,100046,100,99923,100,100049,100,99918,100,100057,100,99905,100,100071,100,99898,100,100076,100,99880,100
2019-06-28 09:30:00.000000040,100015,100,99977,100,100018,100,99973,100,100021,100,99962,100,100022,100,99933,100,100031,100,99932,100,100046,100,99923,100,100049,100,99918,100,100057,100,99905,100,100071,100,99898,100,100076,100,99880,100
2019-06-28 09:30:00.000000046,100015,100,99977,100,100018,100,99973,100,100021,100,99962,100,100022,100,99933,100,100031,100,99932,100,100046,100,99923,100,100049,100,99918,100,100057,100,99905,100,100071,100,99898,100,100076,100,99880,100
2019-06-28 09:30:00.000000047,100015,100,99977,100,100018,100,99973,100,100021,100,99970,100,100022,100,99962,100,100031,100,99933,100,100046,100,99932,100,100049,100,99923,100,100057,100,99918,100,100071,100,99905,100,100076,100,99900,100
2019-06-28 09:30:00.000000048,100015,100,99977,100,100018,100,99974,100,100021,100,99973,100,100022,100,99970,100,100031,100,99962,100,100046,100,99933,100,100049,100,99932,100,100057,100,99923,100,100071,100,99918,100,100076,100,99905,100
2019-06-28 09:30:00.000000051,100006,100,99977,100,100015,100,99974,100,100018,100,99973,100,100021,100,99970,100,100022,100,99962,100,100031,100,99933,100,100046,100,99932,100,100049,100,99923,100,100057,100,99918,100,100071,100,99905,100
2019-06-28 09:30:00.000000052,100006,100,99977,100,100015,100,99974,100,100018,100,99973,100,100021,100,99970,100,100022,100,99962,100,100031,100,99933,100,100046,100,99932,100,100049,100,99923,100,100057,100,99918,100,100071,100,99905,100
2019-06-28 09:30:00.000000053,100003,100,99977,100,100006,100,99974,100,100015,100,99973,100,100018,100,99970,100,100021,100,99962,100,100022,100,99933,100,100031,100,99932,100,100046,100,99928,100,100049,100,99923,100,100057,100,99918,100
2019-06-28 09:30:00.000000057,100003,100,99977,100,100006,100,99974,100,100015,100,99973,100,100018,100,99970,100,100021,100,99962,100,100022,100,99933,100,100031,100,99932,100,100046,100,99928,100,100048,100,99923,100,100049,100,99918,100
2019-06-28 09:30:00.000000065,100003,100,99977,100,100006,100,99974,100,100015,100,99973,100,100018,100,99970,100,100021,100,99962,100,100022,100,99933,100,100031,100,99932,100,100046,100,99928,100,100048,100,99923,100,100049,100,99918,100
2019-06-28 09:30:00.000000067,100003,100,99974,100,100006,100,99973,100,100015,100,99970,100,100018,100,99962,100,100021,100,99933,100,100022,100,99932,100,100031,100,99928,100,100046,100,99923,100,100048,100,99918,100,100049,100,99905,100
2019-06-28 09:30:00.000000068,100003,100,99974,100,100006,100,99973,100,100015,100,99970,100,100018,100,99962,100,100021,100,99933,100,100022,100,99932,100,100031,100,99928,100,100046,100,99923,100,100048,100,99918,100,100049,100,99905,100
2019-06-28 09:30:00.000000069,100003,100,99974,100,100006,100,99973,100,100015,100,99970,100,100018,100,99962,100,100021,100,99933,100,100022,100,99932,100,100031,100,99928,100,100046,100,99923,100,100048,100,99918,100,100049,100,99905,100
2019-06-28 09:30:00.000000070,100003,100,99977,100,100006,100,99974,100,100015,100,99973,100,100018,100,99970,100,100021,100,99962,100,100022,100,99933,100,100031,100,99932,100,100046,100,99928,100,100048,100,99923,100,100049,100,99918,100
2019-06-28 09:30:00.000000072,100003,100,99977,100,100006,100,99974,100,100015,100,99973,100,100018,100,99970,100,100021,100,99962,100,100022,100,99934,100,100031,100,99933,100,100046,100,99932,100,100048,100,99928,100,100049,100,99923,100
2019-06-28 09:30:00.000000077,100003,100,99977,100,100006,100,99974,100,100015,100,99973,100,100018,100,99970,100,100021,100,99962,100,100022,100,99934,100,100031,100,99933,100,100046,100,99932,100,100048,100,99928,100,100049,100,99923,100
2019-06-28 09:30:00.000000081,100003,100,99977,200,100006,100,99974,100,100015,100,99973,100,100018,100,99970,100,100021,100,99962,100,100022,100,99934,100,100031,100,99933,100,100046,100,99932,100,100048,100,99928,100,100049,100,99923,100
2019-06-28 09:30:00.000000083,100006,100,99977,200,100015,100,99974,100,100018,100,99973,100,100021,100,99970,100,100022,100,99962,100,100031,100,99934,100,100046,100,99933,100,100048,100,99932,100,100049,100,99928,100,100053,100,99923,100
2019-06-28 09:30:00.000000085,100006,100,99977,200,100015,100,99974,100,100018,100,99973,100,100021,100,99970,100,100022,100,99962,100,100031,100,99948,100,100046,100,99934,100,100048,100,99933,100,100049,100,99932,100,100053,100,99928,100
2019-06-28 09:30:00.000000088,100006,100,99977,200,100015,100,99974,100,100018,100,99973,100,100021,100,99970,100,100022,100,99962,100,100031,100,99957,100,100046,100,99948,100,100048,100,99934,100,100049,100,99933,100,100053,100,99932,100
2019-06-28 09:30:00.000000089,100006,100,99978,100,100015,100,99977,100,100018,100,99974,100,100021,100,99973,100,100022,100,99970,100,100031,100,99962,100,100046,100,99957,100,100048,100,99948,100,100049,100,99934,100,100053,100,99933,100
2019-06-28 09:30:00.000000096,100006,100,99977,100,100015,100,99974,100,100018,100,99973,100,100021,100,99970,100,100022,100,99962,100,100031,100,99957,100,100046,100,99948,100,100048,100,99934,100,100049,100,99933,100,100053,100,99932,100
2019-06-28 09:30:00.000000099,100006,100,99977,100,100015,100,99974,100,100018,100,99973,100,100021,100,99970,100,100022,100,99962,100,100031,100,99957,100,100046,100,99948,100,100048,100,99934,100,100049,100,99933,100,100053,100,99932,100
2019-06-28 09:30:10.000000000,100006,339,99977,339,100015,339,99974,339,100018,100,99973,100,100021,100,99970,100,100022,100,99962,100,100031,100,99957,100,100046,100,99948,100,100048,100,99934,100,100049,100,99933,100,100053,100,99932,100
2019-06-28 09:30:20.000000000,100006,196,99977,196,100015,196,99974,196,100018,196,99973,196,100021,196,99970,196,100022,196,99962,196,100031,100,99957,100,100046,100,99948,100,100048,100,99934,100,100049,100,99933,100,100053,100,99932,100
2019-06-28 09:30:30.000000000,100006,196,99977,196,100015,196,99974,196,100018,196,99973,196,100021,196,99970,196,100022,196,99962,196,100031,100,99957,100,100046,100,99948,100,100048,100,99934,100,100049,100,99933,100,100053,100,99932,100
2019-06-28 09:30:40.000000000,100006,339,99977,339,100015,339,99974,339,100018,100,99973,100,100021,100,99970,100,100022,100,99962,100,100031,100,99957,100,100046,100,99948,100,100048,100,99934,100,100049,100,99933,100,100053,100,99932,100
2019-06-28 09:30:40.835639342,100006,339,99977,339,100015,339,99974,339,100018,100,99973,100,100021,100,99970,100,100022,100,99962,100,100046,100,99957,100,100048,100,99948,100,100049,100,99934,100,100053,100,99933,100,100057,100,99932,100
2019-06-28 09:30:50.000000000,100006,220,99977,220,100015,220,99974,220,100018,220,99973,220,100021,220,99970,220,100022,100,99962,100,100046,100,99957,100,100048,100,99948,100,100049,100,99934,100,100053,100,99933,100,100057,100,99932,100
2019-06-28 09:30:55.083039648,100006,220,99977,220,100015,220,99974,220,100018,220,99973,220,100021,220,99970,220,100022,100,99962,100,100046,100,99957,100,100048,100,99948,100,100049,100,99933,100,100053,100,99932,100,100057,100,99928,100
2019-06-28 09:31:00.000000000,100006,578,99977,578,100015,100,99974,100,100018,100,99973,100,100021,100,99970,100,100022,100,99962,100,100046,100,99957,100,100048,100,99948,100,100049,100,99933,100,100053,100,99932,100,100057,100,99928,100
2019-06-28 09:31:10.000000000,100006,339,99977,339,100015,339,99974,339,100018,100,99973,100,100021,100,99970,100,100022,100,99962,100,100046,100,99957,100,100048,100,99948,100,100049,100,99933,100,100053,100,99932,100,100057,100,99928,100
2019-06-28 09:31:15.014422004,99978,100,99977,339,100006,339,99974,339,100015,239,99973,100,100018,100,99970,100,100021,100,99962,100,100022,100,99957,100,100046,100,99948,100,100048,100,99933,100,100049,100,99932,100,100053,100,99928,100
2019-06-28 09:31:16.280591693,99978,100,99977,239,100006,339,99974,339,100015,239,99973,100,100018,100,99970,100,100021,100,99962,100,100022,100,99957,100,100046,100,99948,100,100048,100,99933,100,100049,100,99932,100,100053,100,99928,100
2019-06-28 09:31:20.000000000,99978,578,99974,578,100006,100,99973,100,100018,100,99970,100,100021,100,99962,100,100022,100,99957,100,100046,100,99948,100,100048,100,99933,100,100049,100,99932,100,100053,100,99928,100,100057,100,99923,100
2019-06-28 09:31:24.520406066,99978,578,99974,478,100006,100,99973,100,100018,100,99970,100,100021,100,99962,100,100022,100,99957,100,100046,100,99948,100,100048,100,99933,100,100049,100,99932,100,100053,100,99928,100,100057,100,99923,100
2019-06-28 09:31:30.000000000,99978,578,99973,578,100006,100,99970,100,100018,100,99962,100,100021,100,99957,100,100022,100,99948,100,100046,100,99933,100,100048,100,99932,100,100049,100,99928,100,100053,100,99923,100,100057,100,99918,100
2019-06-28 09:31:34.842742105,99978,478,99973,578,100006,100,99970,100,100018,100,99962,100,100021,100,99957,100,100022,100,99948,100,100046,100,99933,100,100048,100,99932,100,100049,100,99928,100,100053,100,99923,100,100057,100,99918,100
2019-06-28 09:31:40.000000000,100006,220,99973,220,100018,220,99970,220,100021,220,99962,220,100022,220,99957,220,100046,100,99948,100,100048,100,99933,100,100049,100,99932,100,100053,100,99928,100,100057,100,99923,100,100071,100,99918,100
2019-06-28 09:31:50.000000000,100006,578,99973,578,100018,100,99970,100,100021,100,99962,100,100022,100,99957,100,100046,100,99948,100,100048,100,99933,100,100049,100,99932,100,100053,100,99928,100,100057,100,99923,100,100071,100,99918,100
2019-06-28 09:32:00.000000000,100006,263,99973,263,100018,258,99970,258,100021,258,99962,258,100022,100,99957,100,100046,100,99948,100,100048,100,99933,100,100049,100,99932,100,100053,100,99928,100,100057,100,99923,100,100071,100,99918,100
2019-06-28 09:32:10.000000000,100006,196,99973,196,100018,196,99970,196,100021,196,99962,196,100022,196,99957,196,100046,196,99948,196,100048,100,99933,100,100049,100,99932,100,100053,100,99928,100,100057,100,99923,100,100071,100,99918,100
2019-06-28 09:32:20.000000000,100006,220,99973,220,100018,220,99970,220,100021,220,99962,220,100022,220,99957,220,100046,100,99948,100,100048,100,99933,100,100049,100,99932,100,100053,100,99928,100,100057,100,99923,100,100071,100,99918,100
2019-06-28 09:32:22.658222840,100006,220,99973,220,100018,220,99970,220,100021,220,99962,220,100022,220,99957,220,100046,100,99948,100,100048,100,99933,100,100049,100,99932,100,100053,100,99928,100,100057,100,99923,100,100071,100,99918,100
2019-06-28 09:32:30.000000000,100006,196,99973,196,100018,196,99970,196,100021,196,99962,196,100022,196,99957,196,100046,196,99948,196,100048,100,99933,100,100049,100,99932,100,100053,100,99928,100,100057,100,99923,100,100071,100,99918,100
2019-06-28 09:32:32.734302446,100006,196,99973,196,100018,196,99970,196,100021,196,99962,196,100022,196,99957,196,100046,196,99948,196,100048,100,99933,100,100049,100,99932,100,100053,100,99928,100,100057,100,99923,100,100071,100,99918,100
2019-06-28 09:32:40.000000000,100006,220,99973,220,100018,220,99970,220,100021,220,99962,220,100022,220,99957,220,100046,100,99948,100,100048,100,99933,100,100049,100,99932,100,100053,100,99928,100,100057,100,99923,100,100071,100,99918,100
2019-06-28 09:32:42.670239473,100006,220,99973,220,100018,220,99970,220,100021,220,99962,220,100022,220,99957,220,100046,100,99948,100,100048,100,99933,100,100049,100,99932,100,100057,100,99928,100,100071,100,99923,100,100074,100,99918,100
2019-06-28 09:32:50.000000000,100006,578,99973,578,100018,100,99970,100,100021,100,99962,100,100022,100,99957,100,100046,100,99948,100,100048,100,99933,100,100049,100,99932,100,100057,100,99928,100,100071,100,99923,100,100074,100,99918,100
2019-06-28 09:33:00.000000000,100006,578,99973,578,100018,100,99970,100,100021,100,99962,100,100022,100,99957,100,100046,100,99948,100,100048,100,99933,100,100049,100,99932,100,100057,100,99928,100,100071,100,99923,100,100074,100,99918,100
2019-06-28 09:33:10.000000000,100006,196,99973,196,100018,196,99970,196,100021,196,99962,196,100022,196,99957,196,100046,196,99948,196,100048,100,99933,100,100049,100,99932,100,100057,100,99928,100,100071,100,99923,100,100074,100,99918,100
2019-06-28 09:33:10.815647725,100006,196,99973,196,100018,196,99970,196,100021,196,99962,196,100022,196,99957,196,100046,196,99948,196,100048,100,99933,100,100049,100,99932,100,100057,100,99928,100,100071,100,99923,100,100074,100,99918,100
2019-06-28 09:33:12.619703099,100006,196,99973,196,100018,196,99970,196,100021,196,99962,196,100022,196,99957,196,100046,196,99948,196,100048,100,99933,100,100057,100,99932,100,100071,100,99928,100,100074,100,99923,100,100080,100,99918,100
2019-06-28 09:33:20.000000000,100006,263,99973,263,100018,258,99970,258,100021,258,99962,258,100022,100,99957,100,100046,100,99948,100,100048,100,99933,100,100057,100,99932,100,100071,100,99928,100,100074,100,99923,100,100080,100,99918,100
2019-06-28 09:33:20.511742342,99977,100,99973,263,100006,263,99970,258,100018,258,99962,258,100021,258,99957,100,100022,100,99948,100,100046,100,99933,100,100048,100,99932,100,100057,100,99928,100,100071,100,99923,100,100074,100,99918,100
2019-06-28 09:33:30.000000000,99977,578,99973,578,100006,100,99970,100,100018,100,99962,100,100021,100,99957,100,100022,100,99948,100,100046,100,99933,100,100048,100,99932,100,100057,100,99928,100,100071,100,99923,100,100074,100,99918,100
2019-06-28 09:33:40.000000000,99977,339,99973,339,100006,339,99970,339,100018,100,99962,100,100021,100,99957,100,100022,100,99948,100,100046,100,99933,100,100048,100,99932,100,100057,100,99928,100,100071,100,99923,100,100074,100,99918,100
2019-06-28 09:33:50.000000000,99977,578,99973,578,100006,100,99970,100,100018,100,99962,100,100021,100,99957,100,100022,100,99948,100,100046,100,99933,100,100048,100,99932,100,100057,100,99928,100,100071,100,99923,100,100074,100,99918,100
2019-06-28 09:33:57.477649758,99977,578,99973,478,100006,100,99970,100,100018,100,99962,100,100021,100,99957,100,100022,100,99948,100,100046,100,99933,100,100048,100,99932,100,100057,100,99923,100,100071,100,99918,100,100074,100,99917,100
2019-06-28 09:34:00.000000000,99977,578,99970,578,100006,100,99962,100,100018,100,99957,100,100021,100,99948,100,100022,100,99933,100,100046,100,99932,100,100048,100,99923,100,100057,100,99918,100,100071,100,99917,100,100074,100,99905,100
2019-06-28 09:34:05.379286037,99977,578,99970,578,100018,100,99962,100,100021,100,99957,100,100022,100,99948,100,100046,100,99933,100,100048,100,99932,100,100057,100,99923,100,100071,100,99918,100,100074,100,99917,100,100080,100,99905,100
2019-06-28 09:34:10.000000000,99977,578,99970,578,100018,100,99962,100,100021,100,99957,100,100022,100,99948,100,100046,100,99933,100,100048,100,99932,100,100057,100,99923,100,100071,100,99918,100,100074,100,99917,100,100080,100,99905,100
2019-06-28 09:34:14.393585737,99977,578,99970,478,100018,100,99962,100,100021,100,99957,100,100022,100,99948,100,100046,100,99933,100,100048,100,99932,100,100057,100,99923,100,100071,100,99918,100,100074,100,99917,100,100080,100,99905,100
2019-06-28 09:34:20.000000000,99977,578,99962,578,100018,100,99957,100,100021,100,99948,100,100022,100,99933,100,100046,100,99932,100,100048,100,99923,100,100057,100,99918,100,100071,100,99917,100,100074,100,99905,100,100080,100,99898,100
2019-06-28 09:34:27.179666259,99977,578,99962,578,100018,100,99957,100,100021,100,99948,100,100022,100,99933,100,100046,100,99932,100,100048,100,99923,100,100057,100,99918,100,100071,100,99917,100,100074,100,99905,100,100080,100,99898,100
2019-06-28 09:34:30.000000000,99977,339,99962,339,100018,339,99957,339,100021,100,99948,100,100022,100,99933,100,100046,100,99932,100,100048,100,99923,100,100057,100,99918,100,100071,100,99917,100,100074,100,99905,100,100080,100,99898,100
2019-06-28 09:34:40.000000000,99977,220,99962,220,100018,220,99957,220,100021,220,99948,220,100022,220,99933,220,100046,100,99932,100,100048,100,99923,100,100057,100,99918,100,100071,100,99917,100,100074,100,99905,100,100080,100,99898,100
2019-06-28 09:34:50.000000000,99977,263,99962,263,100018,258,99957,258,100021,258,99948,258,100022,100,99933,100,100046,100,99932,100,100048,100,99923,100,100057,100,99918,100,100071,100,99917,100,100074,100,99905,100,100080,100,99898,100
2019-06-28 09:34:51.536882221,99977,263,99962,163,100018,258,99957,158,100021,258,99948,258,100022,100,99933,100,100046,100,99932,100,100048,100,99923,100,100057,100,99918,100,100071,100,99917,100,100074,100,99905,100,100080,100,99898,100
2019-06-28 09:34:52.547999617,99977,263,99962,163,100018,258,99957,158,100021,258,99948,258,100022,100,99933,100,100046,100,99932,100,100048,100,99923,100,100057,100,99918,100,100074,100,99917,100,100080,100,99905,100,100081,200,99898,100
2019-06-28 09:34:59.348038747,99977,263,99962,63,100018,258,99957,158,100021,258,99948,258,100022,100,99933,100,100046,100,99932,100,100048,100,99923,100,100057,100,99918,100,100074,100,99917,100,100080,100,99905,100,100081,200,99898,100
2019-06-28 09:35:00.000000000,99977,263,99948,263,100018,258,99933,258,100021,258,99932,258,100022,100,99923,100,100046,100,99918,100,100048,100,99917,100,100057,100,99905,100,100074,100,99898,100,100080,100,99880,100,100081,200,99862,100
2019-06-28 09:35:10.000000000,99977,339,99948,339,100018,339,99933,339,100021,100,99932,100,100022,100,99923,100,100046,100,99918,100,100048,100,99917,100,100057,100,99905,100,100074,100,99898,100,100080,100,99880,100,100081,200,99862,100
2019-06-28 09:35:20.000000000,99977,196,99948,196,100018,196,99933,196,100021,196,99932,196,100022,196,99923,196,100046,196,99918,196,100048,100,99917,100,100057,100,99905,100,100074,100,99898,100,100080,100,99880,100,100081,200,99862,100
2019-06-28 09:35:21.134199170,99962,100,99948,196,99977,196,99933,196,100018,196,99932,196,100021,196,99923,196,100022,196,99918,196,100046,196,99917,100,100048,100,99905,100,100057,100,99898,100,100074,100,99880,100,100080,100,99862,100
2019-06-28 09:35:30.000000000,99962,263,99948,263,99977,258,99933,258,100018,258,99932,258,100021,100,99923,100,100022,100,99918,100,100046,100,99917,100,100048,100,99905,100,100057,100,99898,100,100074,100,99880,100,100080,100,99862,100
2019-06-28 09:35:40.000000000,99962,578,99948,578,99977,100,99933,100,100018,100,99932,100,100021,100,99923,100,100022,100,99918,100,100046,100,99917,100,100048,100,99905,100,100057,100,99898,100,100074,100,99880,100,100080,100,99862,100
2019-06-28 09:35:50.000000000,99962,263,99948,263,99977,258,99933,258,100018,258,99932,258,100021,100,99923,100,100022,100,99918,100,100046,100,99917,100,100048,100,99905,100,100057,100,99898,100,100074,100,99880,100,100080,100,99862,100
2019-06-28 09:36:00.000000000,99962,220,99948,220,99977,220,99933,220,100018,220,99932,220,100021,220,99923,220,100022,100,99918,100,100046,100,99917,100,100048,100,99905,100,100057,100,99898,100,100074,100,99880,100,100080,100,99862,100
2019-06-28 09:36:10.000000000,99962,220,99948,220,99977,220,99933,220,100018,220,99932,220,100021,220,99923,220,100022,100,99918,100,100046,100,99917,100,100048,100,99905,100,100057,100,99898,100,100074,100,99880,100,100080,100,99862,100
2019-06-28 09:36:20.000000000,99962,339,99948,339,99977,339,99933,339,100018,100,99932,100,100021,100,99923,100,100022,100,99918,100,100046,100,99917,100,100048,100,99905,100,100057,100,99898,100,100074,100,99880,100,100080,100,99862,100
2019-06-28 09:36:25.119368901,99962,339,99948,239,99977,339,99933,339,100018,100,99932,100,100021,100,99923,100,100022,100,99918,100,100046,100,99917,100,100048,100,99905,100,100057,100,99898,100,100074,100,99880,100,100080,100,99862,100
2019-06-28 09:36:30.000000000,99962,196,99933,196,99977,196,99932,196,100018,196,99923,196,100021,196,99918,196,100022,196,99917,196,100046,100,99905,100,100048,100,99898,100,100057,100,99880,100,100074,100,99862,100,100080,100,99856,100
2019-06-28 09:36:34.739560980,99962,196,99933,196,99977,196,99932,196,100018,196,99923,196,100021,196,99918,196,100022,196,99917,196,100046,100,99905,100,100048,100,99898,100,100057,100,99880,100,100074,100,99862,100,100080,100,99856,100
2019-06-28 09:36:40.000000000,99962,196,99933,196,99977,196,99932,196,100018,196,99923,196,100021,196,99918,196,100022,196,99917,196,100046,100,99905,100,100048,100,99898,100,100057,100,99880,100,100074,100,99862,100,100080,100,99856,100
2019-06-28 09:36:43.770003593,99962,196,99933,196,99977,196,99932,196,100018,196,99923,196,100021,196,99918,196,100022,196,99917,196,100046,100,99905,100,100048,100,99898,100,100057,100,99880,100,100074,100,99862,100,100080,100,99856,100
2019-06-28 09:36:45.653756234,99962,196,99933,196,99977,196,99932,196,100018,196,99923,196,100021,196,99918,196,100022,196,99917,196,100046,100,99905,100,100048,100,99898,100,100057,100,99880,100,100074,100,99862,100,100080,100,99856,100
2019-06-28 09:36:50.000000000,99962,263,99933,263,99977,258,99932,258,100018,258,99923,258,100021,100,99918,100,100022,100,99917,100,100046,100,99905,100,100048,100,99898,100,100057,100,99880,100,100074,100,99862,100,100080,100,99856,100
2019-06-28 09:36:51.911298340,99962,263,99933,163,99977,258,99932,258,100018,258,99923,258,100021,100,99918,100,100022,100,99917,100,100046,100,99905,100,100048,100,99898,100,100057,100,99880,100,100074,100,99862,100,100080,100,99856,100
2019-06-28 09:37:00.000000000,99962,339,99932,339,99977,339,99923,339,100018,100,99918,100,100021,100,99917,100,100022,100,99905,100,100046,100,99898,100,100048,100,99880,100,100057,100,99862,100,100074,100,99856,100,100080,100,99841,100
2019-06-28 09:37:05.375339928,99962,339,99932,339,99977,339,99923,339,100018,100,99918,100,100021,100,99917,100,100022,100,99905,100,100046,100,99898,100,100048,100,99880,100,100057,100,99862,100,100074,100,99856,100,100080,100,99841,100
2019-06-28 09:37:10.000000000,99962,578,99932,578,99977,100,99923,100,100018,100,99918,100,100021,100,99917,100,100022,100,99905,100,100046,100,99898,100,100048,100,99880,100,100057,100,99862,100,100074,100,99856,100,100080,100,99841,100
2019-06-28 09:37:12.748340352,99962,578,99932,478,99977,100,99923,100,100018,100,99918,100,100021,100,99917,100,100022,100,99905,100,100046,100,99898,100,100048,100,99880,100,100057,100,99862,100,100074,100,99856,100,100080,100,99841,100
2019-06-28 09:37:19.912653808,99962,578,99932,478,100018,100,99923,100,100021,100,99918,100,100022,100,99917,100,100046,100,99905,100,100048,100,99898,100,100057,100,99880,100,100074,100,99862,100,100080,100,99856,100,100081,200,99841,100
2019-06-28 09:37:20.000000000,99962,578,99923,578,100018,100,99918,100,100021,100,99917,100,100022,100,99905,100,100046,100,99898,100,100048,100,99880,100,100057,100,99862,100,100074,100,99856,100,100080,100,99841,100,100081,200,99818,100
2019-06-28 09:37:30.000000000,99962,339,99923,339,100018,339,99918,339,100021,100,99917,100,100022,100,99905,100,100046,100,99898,100,100048,100,99880,100,100057,100,99862,100,100074,100,99856,100,100080,100,99841,100,100081,200,99818,100
2019-06-28 09:37:40.000000000,99962,263,99923,263,100018,258,99918,258,100021,258,99917,258,100022,100,99905,100,100046,100,99898,100,100048,100,99880,100,100057,100,99862,100,100074,100,99856,100,100080,100,99841,100,100081,200,99818,100
2019-06-28 09:37:40.007628860,99933,100,99923,263,99962,263,99918,258,100018,258,99917,258,100021,258,99905,100,100022,100,99898,100,100046,100,99880,100,100048,100,99862,100,100057,100,99856,100,100074,100,99841,100,100080,100,99818,100
2019-06-28 09:37:45.192644278,99933,100,99923,263,99962,263,99918,258,100018,258,99917,258,100021,258,99905,100,100022,100,99898,100,100046,100,99880,100,100048,100,99862,100,100057,100,99856,100,100074,100,99841,100,100080,100,99818,100
2019-06-28 09:37:50.000000000,99933,220,99923,220,99962,220,99918,220,100018,220,99917,220,100021,220,99905,220,100022,100,99898,100,100046,100,99880,100,100048,100,99862,100,100057,100,99856,100,100074,100,99841,100,100080,100,99818,100
2019-06-28 09:38:00.000000000,99933,220,99923,220,99962,220,99918,220,100018,220,99917,220,100021,220,99905,220,100022,100,99898,100,100046,100,99880,100,100048,100,99862,100,100057,100,99856,100,100074,100,99841,100,100080,100,99818,100
2019-06-28 09:38:05.347452441,99933,220,99923,220,99962,220,99918,220,100018,220,99917,220,100021,220,99905,220,100022,100,99898,100,100046,100,99880,100,100048,100,99862,100,100057,100,99856,100,100074,100,99841,100,100080,100,99818,100
2019-06-28 09:38:09.549769543,99933,220,99923,220,99962,220,99918,220,100018,220,99917,220,100021,220,99905,220,100022,100,99898,100,100046,100,99880,100,100048,100,99862,100,100074,100,99856,100,100080,100,99841,100,100081,200,99818,100
2019-06-28 09:38:10.000000000,99933,578,99923,578,99962,100,99918,100,100018,100,99917,100,100021,100,99905,100,100022,100,99898,100,100046,100,99880,100,100048,100,99862,100,100074,100,99856,100,100080,100,99841,100,100081,200,99818,100
2019-06-28 09:38:20.000000000,99933,578,99923,578,99962,100,99918,100,100018,100,99917,100,100021,100,99905,100,100022,100,99898,100,100046,100,99880,100,100048,100,99862,100,100074,100,99856,100,100080,100,99841,100,100081,200,99818,100
2019-06-28 09:38:23.369933910,99933,578,99923,578,99962,100,99918,100,100018,100,99917,100,100021,100,99905,100,100022,100,99898,100,100046,100,99880,100,100048,100,99862,100,100074,100,99856,100,100080,100,99841,100,100081,200,99818,100
2019-06-28 09:38:26.361846768,99933,578,99923,478,99962,100,99918,100,100018,100,99917,100,100021,100,99905,100,100022,100,99898,100,100046,100,99880,100,100048,100,99862,100,100074,100,99856,100,100080,100,99841,100,100081,200,99818,100
2019-06-28 09:38:30.000000000,99933,578,99918,578,99962,100,99917,100,100018,100,99905,100,100021,100,99898,100,100022,100,99880,100,100046,100,99862,100,100048,100,99856,100,100074,100,99841,100,100080,100,99818,100,100081,200,99559,100
2019-06-28 09:38:40.000000000,99933,196,99918,196,99962,196,99917,196,100018,196,99905,196,100021,196,99898,196,100022,196,99880,196,100046,100,99862,100,100048,100,99856,100,100074,100,99841,100,100080,100,99818,100,100081,200,99559,100
2019-06-28 09:38:50.000000000,99933,196,99918,196,99962,196,99917,196,100018,196,99905,196,100021,196,99898,196,100022,196,99880,196,100046,100,99862,100,100048,100,99856,100,100074,100,99841,100,100080,100,99818,100,100081,200,99559,100
2019-06-28 09:39:00.000000000,99933,196,99918,196,99962,196,99917,196,100018,196,99905,196,100021,196,99898,196,100022,196,99880,196,100046,100,99862,100,100048,100,99856,100,100074,100,99841,100,100080,100,99818,100,100081,200,99559,100
2019-06-28 09:39:01.653144406,99933,196,99918,96,99962,196,99917,196,100018,196,99905,96,100021,196,99898,196,100022,196,99880,196,100046,100,99862,100,100048,100,99856,100,100074,100,99841,100,100080,100,99818,100,100081,200,99559,100
2019-06-28 09:39:03.149806659,99933,196,99918,96,99962,196,99917,196,100018,196,99905,96,100021,196,99898,196,100022,196,99880,196,100046,100,99862,100,100048,100,99856,100,100074,100,99841,100,100081,200,99818,100,100090,100,99559,100
2019-06-28 09:39:10.000000000,99933,220,99917,220,99962,220,99898,220,100018,220,99880,220,100021,220,99862,220,100022,100,99856,100,100046,100,99841,100,100048,100,99818,100,100074,100,99559,100,100081,200,99517,100,100090,100,99420,100
2019-06-28 09:39:20.000000000,99933,339,99917,339,99962,339,99898,339,100018,100,99880,100,100021,100,99862,100,100022,100,99856,100,100046,100,99841,100,100048,100,99818,100,100074,100,99559,100,100081,200,99517,100,100090,100,99420,100
2019-06-28 09:39:22.221735099,99933,339,99917,339,99962,339,99898,339,100018,100,99880,100,100021,100,99862,100,100022,100,99856,100,100046,100,99841,100,100048,100,99818,100,100074,100,99517,100,100081,200,99420,100,100090,100,99418,100
2019-06-28 09:39:28.743188427,99933,339,99917,339,99962,339,99898,339,100018,100,99880,100,100021,100,99862,100,100022,100,99856,100,100046,100,99841,100,100048,100,99818,100,100074,100,99542,100,100081,200,99517,100,100090,100,99420,100
2019-06-28 09:39:30.000000000,99933,220,99917,220,99962,220,99898,220,100018,220,99880,220,100021,220,99862,220,100022,100,99856,100,100046,100,99841,100,100048,100,99818,100,100074,100,99542,100,100081,200,99517,100,100090,100,99420,100
2019-06-28 09:39:40.000000000,99933,196,99917,196,99962,196,99898,196,100018,196,99880,196,100021,196,99862,196,100022,196,99856,196,100046,100,99841,100,100048,100,99818,100,100074,100,99542,100,100081,200,99517,100,100090,100,99420,100
2019-06-28 09:39:50.000000000,99933,263,99917,263,99962,258,99898,258,100018,258,99880,258,100021,100,99862,100,100022,100,99856,100,100046,100,99841,100,100048,100,99818,100,100074,100,99542,100,100081,200,99517,100,100090,100,99420,100
2019-06-28 09:39:50.813204986,99933,263,99917,63,99962,258,99898,258,100018,258,99880,258,100021,100,99862,100,100022,100,99856,100,100046,100,99841,100,100048,100,99818,100,100074,100,99542,100,100081,200,99517,100,100090,100,99420,100
2019-06-28 09:40:00.000000000,99933,339,99898,339,99962,339,99880,339,100018,100,99862,100,100021,100,99856,100,100022,100,99841,100,100046,100,99818,100,100048,100,99542,100,100074,100,99517,100,100081,200,99420,100,100090,100,99418,100
2019-06-28 09:40:05.322268046,99933,339,99898,339,99962,339,99880,339,100018,100,99862,100,100021,100,99856,100,100022,100,99841,100,100046,100,99818,100,100048,100,99809,100,100074,100,99542,100,100081,200,99517,100,100090,100,99420,100
2019-06-28 09:40:10.000000000,99933,220,99898,220,99962,220,99880,220,100018,220,99862,220,100021,220,99856,220,100022,100,99841,100,100046,100,99818,100,100048,100,99809,100,100074,100,99542,100,100081,200,99517,100,100090,100,99420,100
2019-06-28 09:40:20.000000000,99933,220,99898,220,99962,220,99880,220,100018,220,99862,220,100021,220,99856,220,100022,100,99841,100,100046,100,99818,100,100048,100,99809,100,100074,100,99542,100,100081,200,99517,100,100090,100,99420,100
2019-06-28 09:40:23.828115520,99933,220,99898,220,99962,220,99880,220,100018,220,99862,220,100021,220,99856,220,100022,100,99841,100,100046,100,99818,100,100048,100,99809,100,100081,200,99650,100,100090,100,99542,100,100099,100,99517,100
2019-06-28 09:40:30.000000000,99933,196,99898,196,99962,196,99880,196,100018,196,99862,196,100021,196,99856,196,100022,196,99841,196,100046,100,99818,100,100048,100,99809,100,100081,200,99650,100,100090,100,99542,100,100099,100,99517,100
2019-06-28 09:40:30.716544382,99933,196,99898,196,99962,196,99880,196,100018,196,99873,100,100021,196,99862,196,100022,196,99856,196,100046,100,99841,196,100048,100,99818,100,100081,200,99809,100,100090,100,99650,100,100099,100,99542,100
2019-06-28 09:40:40.000000000,99933,339,99898,339,99962,339,99880,339,100018,100,99873,100,100021,100,99862,100,100022,100,99856,100,100046,100,99841,100,100048,100,99818,100,100081,200,99809,100,100090,100,99650,100,100099,100,99542,100
2019-06-28 09:40:50.000000000,99933,263,99898,263,99962,258,99880,258,100018,258,99873,258,100021,100,99862,100,100022,100,99856,100,100046,100,99841,100,100048,100,99818,100,100081,200,99809,100,100090,100,99650,100,100099,100,99542,100
2019-06-28 09:41:00.000000000,99933,339,99898,339,99962,339,99880,339,100018,100,99873,100,100021,100,99862,100,100022,100,99856,100,100046,100,99841,100,100048,100,99818,100,100081,200,99809,100,100090,100,99650,100,100099,100,99542,100
2019-06-28 09:41:10.000000000,99933,339,99898,339,99962,339,99880,339,100018,100,99873,100,100021,100,99862,100,100022,100,99856,100,100046,100,99841,100,100048,100,99818,100,100081,200,99809,100,100090,100,99650,100,100099,100,99542,100
2019-06-28 09:41:10.101917487,99933,339,99898,339,99962,339,99880,339,100018,100,99873,100,100021,100,99856,100,100022,100,99841,100,100046,100,99818,100,100048,100,99809,100,100081,200,99650,100,100090,100,99542,100,100099,100,99420,100
2019-06-28 09:41:20.000000000,99933,578,99898,578,99962,100,99880,100,100018,100,99873,100,100021,100,99856,100,100022,100,99841,100,100046,100,99818,100,100048,100,99809,100,100081,200,99650,100,100090,100,99542,100,100099,100,99420,100
2019-06-28 09:41:30.000000000,99933,196,99898,196,99962,196,99880,196,100018,196,99873,196,100021,196,99856,196,100022,196,99841,196,100046,100,99818,100,100048,100,99809,100,100081,200,99650,100,100090,100,99542,100,100099,100,99420,100
2019-06-28 09:41:40.000000000,99933,263,99898,263,99962,258,99880,258,100018,258,99873,258,100021,100,99856,100,100022,100,99841,100,100046,100,99818,100,100048,100,99809,100,100081,200,99650,100,100090,100,99542,100,100099,100,99420,100
2019-06-28 09:41:50.000000000,99933,263,99898,263,99962,258,99880,258,100018,258,99873,258,100021,100,99856,100,100022,100,99841,100,100046,100,99818,100,100048,100,99809,100,100081,200,99650,100,100090,100,99542,100,100099,100,99420,100
2019-06-28 09:41:58.487652276,99933,263,99919,100,99962,258,99898,263,100018,258,99880,258,100021,100,99873,258,100022,100,99856,100,100046,100,99841,100,100048,100,99818,100,100081,200,99809,100,100090,100,99650,100,100099,100,99542,100
2019-06-28 09:41:58.994701333,99933,263,99919,200,99962,258,99898,263,100018,258,99880,258,100021,100,99873,258,100022,100,99856,100,100046,100,99841,100,100048,100,99818,100,100081,200,99809,100,100090,100,99650,100,100099,100,99542,100
2019-06-28 09:42:00.000000000,99933,220,99919,320,99962,220,99898,220,100018,220,99880,220,100021,220,99873,220,100022,100,99856,100,100046,100,99841,100,100048,100,99818,100,100081,200,99809,100,100090,100,99650,100,100099,100,99542,100
2019-06-28 09:42:10.000000000,99933,339,99919,439,99962,339,99898,339,100018,100,99880,100,100021,100,99873,100,100022,100,99856,100,100046,100,99841,100,100048,100,99818,100,100081,200,99809,100,100090,100,99650,100,100099,100,99542,100
2019-06-28 09:42:15.324235891,99933,239,99919,439,99962,339,99898,339,100018,100,99880,100,100021,100,99873,100,100022,100,99856,100,100046,100,99841,100,100048,100,99818,100,100081,200,99809,100,100090,100,99650,100,100099,100,99542,100
2019-06-28 09:42:20.000000000,99962,220,99919,320,100018,220,99898,220,100021,220,99880,220,100022,220,99873,220,100046,100,99856,100,100048,100,99841,100,100081,200,99818,100,100090,100,99809,100,100099,100,99650,100,100118,100,99542,100
2019-06-28 09:42:26.071719969,99962,120,99919,320,100018,220,99898,220,100021,220,99880,220,100022,220,99873,220,100046,100,99856,100,100048,100,99841,100,100081,200,99818,100,100090,100,99809,100,100099,100,99650,100,100118,100,99542,100
2019-06-28 09:42:30.000000000,100018,220,99919,320,100021,220,99898,220,100022,220,99880,220,100046,220,99873,220,100048,100,99856,100,100081,200,99841,100,100090,100,99818,100,100099,100,99809,100,100118,100,99650,100,100119,100,99542,100
2019-06-28 09:42:40.000000000,100018,196,99919,296,100021,196,99898,196,100022,196,99880,196,100046,196,99873,196,100048,196,99856,196,100081,200,99841,100,100090,100,99818,100,100099,100,99809,100,100118,100,99650,100,100119,100,99542,100
2019-06-28 09:42:50.000000000,100018,220,99919,320,100021,220,99898,220,100022,220,99880,220,100046,220,99873,220,100048,100,99856,100,100081,200,99841,100,100090,100,99818,100,100099,100,99809,100,100118,100,99650,100,100119,100,99542,100
2019-06-28 09:42:55.134493300,100018,220,99919,320,100021,220,99898,220,100022,220,99880,220,100046,220,99873,220,100048,100,99856,100,100081,200,99841,100,100090,100,99818,100,100099,100,99809,100,100118,100,99650,100,100119,100,99542,100
2019-06-28 09:42:58.478027144,100018,220,99919,320,100021,220,99898,220,100022,220,99880,220,100046,220,99873,220,100048,100,99856,100,100081,200,99841,100,100090,100,99818,100,100099,100,99809,100,100118,100,99650,100,100119,100,99542,100
2019-06-28 09:43:00.000000000,100018,339,99919,439,100021,339,99898,339,100022,100,99880,100,100046,100,99873,100,100048,100,99856,100,100081,200,99841,100,100090,100,99818,100,100099,100,99809,100,100118,100,99650,100,100119,100,99542,100
2019-06-28 09:43:10.000000000,100018,196,99919,296,100021,196,99898,196,100022,196,99880,196,100046,196,99873,196,100048,196,99856,196,100081,200,99841,100,100090,100,99818,100,100099,100,99809,100,100118,100,99650,100,100119,100,99542,100
2019-06-28 09:43:20.000000000,100018,220,99919,320,100021,220,99898,220,100022,220,99880,220,100046,220,99873,220,100048,100,99856,100,100081,200,99841,100,100090,100,99818,100,100099,100,99809,100,100118,100,99650,100,100119,100,99542,100
2019-06-28 09:43:23.068381728,100018,120,99919,320,100021,220,99898,220,100022,220,99880,220,100046,220,99873,220,100048,100,99856,100,100081,200,99841,100,100090,100,99818,100,100099,100,99809,100,100118,100,99650,100,100119,100,99542,100
2019-06-28 09:43:30.000000000,100021,339,99919,439,100022,339,99898,339,100046,100,99880,100,100048,100,99873,100,100081,200,99856,100,100090,100,99841,100,100099,100,99818,100,100118,100,99809,100,100119,100,99650,100,100120,100,99542,100
2019-06-28 09:43:38.536698181,100021,239,99919,439,100022,339,99898,339,100046,100,99880,100,100048,100,99873,100,100081,200,99856,100,100090,100,99841,100,100099,100,99818,100,100118,100,99650,100,100119,100,99542,100,100120,100,99420,100
2019-06-28 09:43:40.000000000,100022,339,99919,439,100046,339,99898,339,100048,100,99880,100,100081,200,99873,100,100090,100,99856,100,100099,100,99841,100,100118,100,99818,100,100119,100,99650,100,100120,100,99542,100,100125,100,99420,100
2019-06-28 09:43:50.000000000,100022,578,99919,678,100046,100,99898,100,100048,100,99880,100,100081,200,99873,100,100090,100,99856,100,100099,100,99841,100,100118,100,99818,100,100119,100,99650,100,100120,100,99542,100,100125,100,99420,100
2019-06-28 09:43:57.052557040,100022,478,99919,678,100046,100,99898,100,100048,100,99880,100,100081,200,99873,100,100090,100,99856,100,100099,100,99841,100,100118,100,99818,100,100119,100,99650,100,100120,100,99542,100,100125,100,99420,100
2019-06-28 09:44:00.000000000,100046,263,99919,363,100048,258,99898,258,100081,358,99880,258,100090,100,99873,100,100099,100,99856,100,100118,100,99841,100,100119,100,99818,100,100120,100,99650,100,100125,100,99542,100,100136,100,99420,100
2019-06-28 09:44:10.000000000,100046,263,99919,363,100048,258,99898,258,100081,358,99880,258,100090,100,99873,100,100099,100,99856,100,100118,100,99841,100,100119,100,99818,100,100120,100,99650,100,100125,100,99542,100,100136,100,99420,100
2019-06-28 09:44:12.624818372,100046,163,99919,363,100048,258,99898,258,100081,358,99880,258,100090,100,99873,100,100099,100,99856,100,100118,100,99841,100,100119,100,99818,100,100120,100,99650,100,100125,100,99542,100,100136,100,99420,100
2019-06-28 09:44:18.917533116,100046,63,99919,363,100048,258,99898,258,100081,358,99880,258,100090,100,99873,100,100099,100,99856,100,100118,100,99841,100,100119,100,99818,100,100120,100,99650,100,100125,100,99542,100,100136,100,99420,100
2019-06-28 09:44:20.000000000,100048,196,99919,296,100081,296,99898,196,100090,196,99880,196,100099,196,99873,196,100118,196,99856,196,100119,100,99841,100,100120,100,99818,100,100125,100,99650,100,100136,100,99542,100,100145,100,99420,100
2019-06-28 09:44:30.000000000,100048,578,99919,678,100081,200,99898,100,100090,100,99880,100,100099,100,99873,100,100118,100,99856,100,100119,100,99841,100,100120,100,99818,100,100125,100,99650,100,100136,100,99542,100,100145,100,99420,100
2019-06-28 09:44:40.000000000,100048,196,99919,296,100081,296,99898,196,100090,196,99880,196,100099,196,99873,196,100118,196,99856,196,100119,100,99841,100,100120,100,99818,100,100125,100,99650,100,100136,100,99542,100,100145,100,99420,100
2019-06-28 09:44:42.340707210,100048,196,99919,296,100081,296,99898,196,100090,196,99880,196,100099,196,99873,196,100118,196,99856,196,100119,100,99841,100,100120,100,99818,100,100125,100,99650,100,100136,100,99542,100,100145,100,99420,100
2019-06-28 09:44:47.875050204,100048,96,99919,296,100081,296,99898,196,100090,196,99880,196,100099,196,99873,196,100118,196,99856,196,100119,100,99841,100,100120,100,99818,100,100125,100,99650,100,100136,100,99542,100,100145,100,99420,100
2019-06-28 09:44:50.000000000,100081,439,99919,439,100090,339,99898,339,100099,100,99880,100,100118,100,99873,100,100119,100,99856,100,100120,100,99841,100,100125,100,99818,100,100136,100,99650,100,100145,100,99542,100,100194,100,99420,100
2019-06-28 09:44:50.512171730,100081,339,99919,439,100090,339,99898,239,100099,100,99880,100,100118,100,99873,100,100119,100,99856,100,100120,100,99841,100,100125,100,99818,100,100136,100,99650,100,100145,100,99542,100,100194,100,99420,100
2019-06-28 09:45:00.000000000,100081,220,99919,320,100090,220,99880,220,100099,220,99873,220,100118,220,99856,220,100119,100,99841,100,100120,100,99818,100,100125,100,99650,100,100136,100,99542,100,100145,100,99420,100,100194,100,99207,100
2019-06-28 09:45:00.584222175,100081,120,99919,320,100090,220,99880,220,100099,220,99873,220,100118,220,99856,220,100119,100,99841,100,100120,100,99650,100,100125,100,99542,100,100136,100,99420,100,100145,100,99207,100,100194,100,99125,100
2019-06-28 09:45:10.000000000,100090,196,99919,296,100099,196,99880,196,100118,196,99873,196,100119,196,99856,196,100120,196,99841,196,100125,100,99650,100,100136,100,99542,100,100145,100,99420,100,100194,100,99207,100,100211,100,99125,100
2019-06-28 09:45:20.000000000,100090,196,99919,296,100099,196,99880,196,100118,196,99873,196,100119,196,99856,196,100120,196,99841,196,100125,100,99650,100,100136,100,99542,100,100145,100,99420,100,100194,100,99207,100,100211,100,99125,100
2019-06-28 09:45:30.000000000,100090,196,99919,296,100099,196,99880,196,100118,196,99873,196,100119,196,99856,196,100120,196,99841,196,100125,100,99650,100,100136,100,99542,100,100145,100,99420,100,100194,100,99207,100,100211,100,99125,100
2019-06-28 09:45:40.000000000,100090,578,99919,678,100099,100,99880,100,100118,100,99873,100,100119,100,99856,100,100120,100,99841,100,100125,100,99650,100,100136,100,99542,100,100145,100,99420,100,100194,100,99207,100,100211,100,99125,100
2019-06-28 09:45:50.000000000,100090,578,99919,678,100099,100,99880,100,100118,100,99873,100,100119,100,99856,100,100120,100,99841,100,100125,100,99650,100,100136,100,99542,100,100145,100,99420,100,100194,100,99207,100,100211,100,99125,100
2019-06-28 09:46:00.000000000,100090,339,99919,439,100099,339,99880,339,100118,100,99873,100,100119,100,99856,100,100120,100,99841,100,100125,100,99650,100,100136,100,99542,100,100145,100,99420,100,100194,100,99207,100,100211,100,99125,100
2019-06-28 09:46:05.176236069,100090,339,99919,439,100099,339,99880,339,100118,100,99873,100,100119,100,99856,100,100120,100,99841,100,100125,100,99650,100,100136,100,99542,100,100145,100,99420,100,100194,100,99207,100,100211,100,99125,100
2019-06-28 09:46:10.000000000,100090,196,99919,296,100099,196,99880,196,100118,196,99873,196,100119,196,99856,196,100120,196,99841,196,100125,100,99650,100,100136,100,99542,100,100145,100,99420,100,100194,100,99207,100,100211,100,99125,100
2019-06-28 09:46:20.000000000,100090,339,99919,439,100099,339,99880,339,100118,100,99873,100,100119,100,99856,100,100120,100,99841,100,100125,100,99650,100,100136,100,99542,100,100145,100,99420,100,100194,100,99207,100,100211,100,99125,100
2019-06-28 09:46:30.000000000,100090,220,99919,320,100099,220,99880,220,100118,220,99873,220,100119,220,99856,220,100120,100,99841,100,100125,100,99650,100,100136,100,99542,100,100145,100,99420,100,100194,100,99207,100,100211,100,99125,100
2019-06-28 09:46:40.000000000,100090,339,99919,439,100099,339,99880,339,100118,100,99873,100,100119,100,99856,100,100120,100,99841,100,100125,100,99650,100,100136,100,99542,100,100145,100,99420,100,100194,100,99207,100,100211,100,99125,100
2019-06-28 09:46:50.000000000,100090,220,99919,320,100099,220,99880,220,100118,220,99873,220,100119,220,99856,220,100120,100,99841,100,100125,100,99650,100,100136,100,99542,100,100145,100,99420,100,100194,100,99207,100,100211,100,99125,100
2019-06-28 09:46:52.119017266,100090,220,99919,320,100099,220,99880,220,100118,220,99873,220,100119,220,99856,220,100120,100,99841,100,100125,100,99650,100,100136,100,99542,100,100145,100,99420,100,100194,100,99207,100,100211,100,99125,100
2019-06-28 09:47:00.000000000,100090,263,99919,363,100099,258,99880,258,100118,258,99873,258,100119,100,99856,100,100120,100,99841,100,100125,100,99650,100,100136,100,99542,100,100145,100,99420,100,100194,100,99207,100,100211,100,99125,100
2019-06-28 09:47:10.000000000,100090,196,99919,296,100099,196,99880,196,100118,196,99873,196,100119,196,99856,196,100120,196,99841,196,100125,100,99650,100,100136,100,99542,100,100145,100,99420,100,100194,100,99207,100,100211,100,99125,100
2019-06-28 09:47:19.114973441,100090,96,99919,296,100099,196,99880,196,100118,196,99873,196,100119,196,99856,196,100120,196,99841,96,100125,100,99650,100,100136,100,99542,100,100145,100,99420,100,100194,100,99207,100,100211,100,99125,100
2019-06-28 09:47:20.000000000,100099,578,99919,678,100118,100,99880,100,100119,100,99873,100,100120,100,99856,100,100125,100,99650,100,100136,100,99542,100,100145,100,99420,100,100194,100,99207,100,100211,100,99125,100,100381,100,99071,100
2019-06-28 09:47:20.171473656,100099,578,100081,100,100118,100,99919,678,100119,100,99880,100,100120,100,99873,100,100125,100,99856,100,100136,100,99650,100,100145,100,99542,100,100194,100,99420,100,100211,100,99207,100,100381,100,99125,100
2019-06-28 09:47:29.638478486,100099,478,100081,100,100118,100,99919,678,100119,100,99880,100,100120,100,99873,100,100125,100,99856,100,100136,100,99650,100,100145,100,99542,100,100194,100,99420,100,100381,100,99207,100,100422,100,99125,100
2019-06-28 09:47:30.000000000,100118,196,100081,196,100119,196,99919,296,100120,196,99880,196,100125,196,99873,196,100136,196,99856,196,100145,100,99650,100,100194,100,99542,100,100381,100,99420,100,100422,100,99207,100,100513,100,99125,100
2019-06-28 09:47:31.138516027,100118,196,100081,196,100119,196,99919,296,100120,196,99880,196,100125,196,99873,196,100136,196,99856,96,100145,100,99650,100,100194,100,99542,100,100381,100,99420,100,100422,100,99207,100,100513,100,99125,100
2019-06-28 09:47:36.456823718,100118,96,100081,196,100119,196,99919,296,100120,196,99880,196,100125,196,99873,196,100136,196,99856,96,100145,100,99650,100,100194,100,99542,100,100381,100,99420,100,100422,100,99207,100,100513,100,99125,100
2019-06-28 09:47:40.000000000,100119,339,100081,339,100120,339,99919,439,100125,100,99880,100,100136,100,99873,100,100145,100,99650,100,100194,100,99542,100,100381,100,99420,100,100422,100,99207,100,100513,100,99125,100,100618,100,99058,100
2019-06-28 09:47:50.000000000,100119,339,100081,339,100120,339,99919,439,100125,100,99880,100,100136,100,99873,100,100145,100,99650,100,100194,100,99542,100,100381,100,99420,100,100422,100,99207,100,100513,100,99125,100,100618,100,99058,100
2019-06-28 09:48:00.000000000,100119,339,100081,339,100120,339,99919,439,100125,100,99880,100,100136,100,99873,100,100145,100,99650,100,100194,100,99542,100,100381,100,99420,100,100422,100,99207,100,100513,100,99125,100,100618,100,99058,100
2019-06-28 09:48:01.882063565,100119,339,100099,100,100120,339,100081,339,100125,100,99919,439,100136,100,99880,100,100145,100,99873,100,100194,100,99650,100,100381,100,99542,100,100422,100,99420,100,100513,100,99207,100,100618,100,99125,100
2019-06-28 09:48:10.000000000,100119,220,100099,220,100120,220,100081,220,100125,220,99919,320,100136,220,99880,220,100145,100,99873,100,100194,100,99650,100,100381,100,99542,100,100422,100,99420,100,100513,100,99207,100,100618,100,99125,100
2019-06-28 09:48:18.114133878,100119,120,100099,220,100120,220,100081,220,100125,220,99919,320,100136,120,99880,220,100145,100,99873,100,100194,100,99650,100,100381,100,99542,100,100422,100,99420,100,100513,100,99207,100,100618,100,99125,100
2019-06-28 09:48:20.000000000,100120,263,100099,263,100125,258,100081,258,100145,258,99919,358,100194,100,99880,100,100381,100,99873,100,100422,100,99650,100,100513,100,99542,100,100618,100,99420,100,100677,100,99207,100,100694,100,99125,100
2019-06-28 09:48:21.958838944,100120,263,100099,263,100125,258,100081,258,100145,258,99919,358,100194,100,99880,100,100381,100,99873,100,100422,100,99650,100,100513,100,99542,100,100618,100,99420,100,100677,100,99207,100,100694,100,99125,100
2019-06-28 09:48:30.000000000,100120,220,100099,220,100125,220,100081,220,100145,220,99919,320,100194,220,99880,220,100381,100,99873,100,100422,100,99650,100,100513,100,99542,100,100618,100,99420,100,100677,100,99207,100,100694,100,99125,100
2019-06-28 09:48:40.000000000,100120,196,100099,196,100125,196,100081,196,100145,196,99919,296,100194,196,99880,196,100381,196,99873,196,100422,100,99650,100,100513,100,99542,100,100618,100,99420,100,100677,100,99207,100,100694,100,99125,100
2019-06-28 09:48:50.000000000,100120,578,100099,578,100125,100,100081,100,100145,100,99919,200,100194,100,99880,100,100381,100,99873,100,100422,100,99650,100,100513,100,99542,100,100618,100,99420,100,100677,100,99207,100,100694,100,99125,100
2019-06-28 09:49:00.000000000,100120,196,100099,196,100125,196,100081,196,100145,196,99919,296,100194,196,99880,196,100381,196,99873,196,100422,100,99650,100,100513,100,99542,100,100618,100,99420,100,100677,100,99207,100,100694,100,99125,100
2019-06-28 09:49:10.000000000,100120,196,100099,196,100125,196,100081,196,100145,196,99919,296,100194,196,99880,196,100381,196,99873,196,100422,100,99650,100,100513,100,99542,100,100618,100,99420,100,100677,100,99207,100,100694,100,99125,100
2019-06-28 09:49:11.510985720,100120,96,100099,196,100125,196,100081,196,100145,196,99919,296,100194,196,99880,196,100381,196,99873,196,100422,100,99650,100,100513,100,99542,100,100618,100,99420,100,100677,100,99207,100,100694,100,99125,100
2019-06-28 09:49:20.000000000,100125,339,100099,339,100145,339,100081,339,100194,100,99919,200,100381,100,99880,100,100422,100,99873,100,100513,100,99650,100,100618,100,99542,100,100677,100,99420,100,100694,100,99207,100,100911,100,99125,100
2019-06-28 09:49:30.000000000,100125,196,100099,196,100145,196,100081,196,100194,196,99919,296,100381,196,99880,196,100422,196,99873,196,100513,100,99650,100,100618,100,99542,100,100677,100,99420,100,100694,100,99207,100,100911,100,99125,100
2019-06-28 09:49:39.234471091,100125,196,100099,196,100145,196,100081,196,100194,196,99919,296,100381,196,99880,196,100422,96,99873,196,100513,100,99650,100,100618,100,99542,100,100677,100,99420,100,100694,100,99207,100,100865,100,99125,100
2019-06-28 09:49:40.000000000,100125,578,100099,578,100145,100,100081,100,100194,100,99919,200,100381,100,99880,100,100513,100,99873,100,100618,100,99650,100,100677,100,99542,100,100694,100,99420,100,100865,100,99207,100,100911,100,99125,100
2019-06-28 09:49:47.387292367,100125,478,100099,578,100145,100,100081,100,100194,100,99919,200,100381,100,99880,100,100513,100,99873,100,100618,100,99650,100,100677,100,99542,100,100694,100,99420,100,100865,100,99207,100,100911,100,99125,100
2019-06-28 09:49:50.000000000,100145,220,100099,220,100194,220,100081,220,100381,220,99919,320,100513,220,99880,220,100618,100,99873,100,100677,100,99650,100,100694,100,99542,100,100865,100,99420,100,100911,100,99207,100,,,99125,100
2019-06-28 09:50:00.000000000,100145,196,100099,196,100194,196,100081,196,100381,196,99919,296,100513,196,99880,196,100618,196,99873,196,100677,100,99650,100,100694,100,99542,100,100865,100,99420,100,100911,100,99207,100,,,99125,100
2019-06-28 09:50:10.000000000,100145,339,100099,339,100194,339,100081,339,100381,100,99919,200,100513,100,99880,100,100618,100,99873,100,100677,100,99650,100,100694,100,99542,100,100865,100,99420,100,100911,100,99207,100,,,99125,100
2019-06-28 09:50:20.000000000,100145,339,100099,339,100194,339,100081,339,100381,100,99919,200,100513,100,99880,100,100618,100,99873,100,100677,100,99650,100,100694,100,99542,100,100865,100,99420,100,100911,100,99207,100,,,99125,100
2019-06-28 09:50:30.000000000,100145,578,100099,578,100194,100,100081,100,100381,100,99919,200,100513,100,99880,100,100618,100,99873,100,100677,100,99650,100,100694,100,99542,100,100865,100,99420,100,100911,100,99207,100,,,99125,100
2019-06-28 09:50:37.763101255,100145,478,100099,578,100194,100,100081,100,100381,100,99919,200,100513,100,99880,100,100618,100,99873,100,100677,100,99650,100,100865,100,99542,100,100911,100,99420,100,,,99207,100,,,99125,100
2019-06-28 09:50:40.000000000,100194,263,100099,263,100381,258,100081,258,100513,258,99919,358,100618,100,99880,100,100677,100,99873,100,100865,100,99650,100,100911,100,99542,100,,,99420,100,,,99207,100,,,99125,100
2019-06-28 09:50:42.365506891,100194,263,100099,263,100381,258,100081,258,100513,258,99919,358,100618,100,99880,100,100677,100,99873,100,100865,100,99650,100,100911,100,99542,100,101610,100,99420,100,,,99207,100,,,99125,100
2019-06-28 09:50:50.000000000,100194,339,100099,339,100381,339,100081,339,100513,100,99919,200,100618,100,99880,100,100677,100,99873,100,100865,100,99650,100,100911,100,99542,100,101610,100,99420,100,,,99207,100,,,99125,100
2019-06-28 09:51:00.000000000,100194,339,100099,339,100381,339,100081,339,100513,100,99919,200,100618,100,99880,100,100677,100,99873,100,100865,100,99650,100,100911,100,99542,100,101610,100,99420,100,,,99207,100,,,99125,100
2019-06-28 09:51:10.000000000,100194,220,100099,220,100381,220,100081,220,100513,220,99919,320,100618,220,99880,220,100677,100,99873,100,100865,100,99650,100,100911,100,99542,100,101610,100,99420,100,,,99207,100,,,99125,100
2019-06-28 09:51:11.863328597,100194,120,100099,220,100381,220,100081,220,100513,220,99919,320,100618,220,99880,220,100677,100,99873,100,100865,100,99650,100,100911,100,99542,100,101610,100,99420,100,,,99207,100,,,99125,100
2019-06-28 09:51:18.119738592,100194,120,100125,100,100381,220,100099,220,100513,220,100081,220,100618,220,99919,320,100677,100,99880,220,100865,100,99873,100,100911,100,99650,100,101610,100,99542,100,,,99420,100,,,99207,100
2019-06-28 09:51:20.000000000,100381,578,100125,578,100513,100,100099,100,100618,100,100081,100,100677,100,99919,200,100865,100,99880,100,100911,100,99873,100,101610,100,99650,100,,,99542,100,,,99420,100,,,99207,100
2019-06-28 09:51:20.509626270,100381,578,100125,578,100513,100,100099,100,100618,100,100081,100,100677,100,99919,200,100865,100,99880,100,100911,100,99873,100,101505,100,99650,100,101610,100,99542,100,,,99420,100,,,99207,100
2019-06-28 09:51:24.870377555,100381,578,100125,578,100513,100,100099,100,100618,100,100081,100,100677,100,99919,200,100865,100,99880,100,100911,100,99873,100,101239,100,99650,100,101505,100,99542,100,101610,100,99420,100,,,99207,100
2019-06-28 09:51:30.000000000,100381,263,100125,263,100513,258,100099,258,100618,258,100081,258,100677,100,99919,200,100865,100,99880,100,100911,100,99873,100,101239,100,99650,100,101505,100,99542,100,101610,100,99420,100,,,99207,100
2019-06-28 09:51:40.000000000,100381,263,100125,263,100513,258,100099,258,100618,258,100081,258,100677,100,99919,200,100865,100,99880,100,100911,100,99873,100,101239,100,99650,100,101505,100,99542,100,101610,100,99420,100,,,99207,100
2019-06-28 09:51:44.065718954,100381,263,100125,263,100513,258,100099,258,100618,258,100081,258,100677,100,99919,200,100865,100,99880,100,100911,100,99873,100,101239,100,99650,100,101505,100,99542,100,101568,100,99420,100,101610,100,99207,100
2019-06-28 09:51:50.000000000,100381,263,100125,263,100513,258,100099,258,100618,258,100081,258,100677,100,99919,200,100865,100,99880,100,100911,100,99873,100,101239,100,99650,100,101505,100,99542,100,101568,100,99420,100,101610,100,99207,100
2019-06-28 09:51:59.808206964,100381,263,100125,263,100513,158,100099,258,100618,258,100081,258,100677,100,99919,200,100865,100,99880,100,100911,100,99873,100,101239,100,99650,100,101505,100,99542,100,101564,100,99420,100,101568,100,99207,100
2019-06-28 09:52:00.000000000,100381,339,100125,339,100618,339,100099,339,100677,100,100081,100,100865,100,99919,200,100911,100,99880,100,101239,100,99873,100,101505,100,99650,100,101564,100,99542,100,101568,100,99420,100,101610,100,99207,100
2019-06-28 09:52:01.730042882,100381,139,100125,339,100618,339,100099,339,100677,100,100081,100,100865,100,99919,200,100911,100,99880,100,101239,100,99873,100,101505,100,99650,100,101564,100,99542,100,101568,100,99420,100,101610,100,99207,100
2019-06-28 09:52:10.000000000,100618,578,100125,578,100677,100,100099,100,100865,100,100081,100,100911,100,99919,200,101239,100,99880,100,101505,100,99873,100,101564,100,99650,100,101568,100,99542,100,101610,100,99420,100,,,99207,100
2019-06-28 09:52:11.822211583,100618,578,100125,578,100677,100,100099,100,100865,100,100081,100,100911,100,99919,200,101239,100,99880,100,101505,100,99873,100,101548,100,99650,100,101564,100,99420,100,101568,100,99207,100,101610,100,99125,100
2019-06-28 09:52:20.000000000,100618,263,100125,263,100677,258,100099,258,100865,258,100081,258,100911,100,99919,200,101239,100,99880,100,101505,100,99873,100,101548,100,99650,100,101564,100,99420,100,101568,100,99207,100,101610,100,99125,100
2019-06-28 09:52:26.616062221,100618,263,100194,100,100677,258,100125,163,100865,258,100099,258,100911,100,100081,258,101239,100,99919,200,101505,100,99880,100,101548,100,99873,100,101564,100,99650,100,101568,100,99420,100,101610,100,99207,100
2019-06-28 09:52:30.000000000,100618,220,100194,220,100677,220,100099,220,100865,220,100081,220,100911,220,99919,320,101239,100,99880,100,101505,100,99873,100,101548,100,99650,100,101564,100,99420,100,101568,100,99207,100,101610,100,99125,100
2019-06-28 09:52:40.000000000,100618,196,100194,196,100677,196,100099,196,100865,196,100081,196,100911,196,99919,296,101239,196,99880,196,101505,100,99873,100,101548,100,99650,100,101564,100,99420,100,101568,100,99207,100,101610,100,99125,100
2019-06-28 09:52:50.000000000,100618,220,100194,220,100677,220,100099,220,100865,220,100081,220,100911,220,99919,320,101239,100,99880,100,101505,100,99873,100,101548,100,99650,100,101564,100,99420,100,101568,100,99207,100,101610,100,99125,100
2019-06-28 09:53:00.000000000,100618,578,100194,578,100677,100,100099,100,100865,100,100081,100,100911,100,99919,200,101239,100,99880,100,101505,100,99873,100,101548,100,99650,100,101564,100,99420,100,101568,100,99207,100,101610,100,99125,100
2019-06-28 09:53:06.678577574,100618,578,100194,578,100677,100,100099,100,100865,100,100081,100,101239,100,99919,200,101505,100,99880,100,101548,100,99873,100,101564,100,99650,100,101568,100,99420,100,101610,100,99207,100,102491,100,99125,100
2019-06-28 09:53:07.421351000,100618,578,100194,578,100677,100,100099,100,100865,100,100081,100,101239,100,99919,200,101505,100,99880,100,101548,100,99873,100,101564,100,99650,100,101568,100,99420,100,101610,100,99207,100,102491,100,99125,100
2019-06-28 09:53:10.000000000,100618,578,100194,578,100677,100,100099,100,100865,100,100081,100,101239,100,99919,200,101505,100,99880,100,101548,100,99873,100,101564,100,99650,100,101568,100,99420,100,101610,100,99207,100,102491,100,99125,100
2019-06-28 09:53:15.131083454,100618,478,100194,578,100677,100,100099,100,100865,100,100081,100,101239,100,99919,200,101505,100,99880,100,101548,100,99873,100,101564,100,99650,100,101568,100,99420,100,102491,100,99207,100,102602,100,99125,100
2019-06-28 09:53:20.000000000,100677,196,100194,196,100865,196,100099,196,101239,196,100081,196,101505,196,99919,296,101548,196,99880,196,101564,100,99873,100,101568,100,99650,100,102491,100,99420,100,102602,100,99207,100,,,99125,100
2019-06-28 09:53:30.000000000,100677,263,100194,263,100865,258,100099,258,101239,258,100081,258,101505,100,99919,200,101548,100,99880,100,101564,100,99873,100,101568,100,99650,100,102491,100,99420,100,102602,100,99207,100,,,99125,100
2019-06-28 09:53:40.000000000,100677,578,100194,578,100865,100,100099,100,101239,100,100081,100,101505,100,99919,200,101548,100,99880,100,101564,100,99873,100,101568,100,99650,100,102491,100,99420,100,102602,100,99207,100,,,99125,100
2019-06-28 09:53:41.062067327,100677,478,100194,578,100865,100,100099,100,101239,100,100081,100,101505,100,99919,200,101548,100,99880,100,101564,100,99873,100,101568,100,99650,100,102491,100,99420,100,,,99207,100,,,99125,100
2019-06-28 09:53:50.000000000,100865,339,100194,339,101239,339,100099,339,101505,100,100081,100,101548,100,99919,200,101564,100,99880,100,101568,100,99873,100,102491,100,99650,100,,,99420,100,,,99207,100,,,99125,100
2019-06-28 09:54:00.000000000,100865,578,100194,578,101239,100,100099,100,101505,100,100081,100,101548,100,99919,200,101564,100,99880,100,101568,100,99873,100,102491,100,99650,100,,,99420,100,,,99207,100,,,99125,100
2019-06-28 09:54:10.000000000,100865,578,100194,578,101239,100,100099,100,101505,100,100081,100,101548,100,99919,200,101564,100,99880,100,101568,100,99873,100,102491,100,99650,100,,,99420,100,,,99207,100,,,99125,100
2019-06-28 09:54:20.000000000,100865,196,100194,196,101239,196,100099,196,101505,196,100081,196,101548,196,99919,296,101564,196,99880,196,101568,100,99873,100,102491,100,99650,100,,,99420,100,,,99207,100,,,99125,100
2019-06-28 09:54:21.414594305,100865,96,100194,196,101239,196,100099,196,101505,196,100081,196,101548,196,99919,296,101564,196,99880,196,101568,100,99873,100,102491,100,99650,100,,,99420,100,,,99207,100,,,99125,100
2019-06-28 09:54:30.000000000,101239,263,100194,263,101505,258,100099,258,101548,258,100081,258,101564,100,99919,200,101568,100,99880,100,102491,100,99873,100,,,99650,100,,,99420,100,,,99207,100,,,99125,100
2019-06-28 09:54:31.988702022,101239,263,100677,100,101505,258,100194,263,101548,258,100099,258,101564,100,100081,258,101568,100,99919,200,102491,100,99880,100,,,99873,100,,,99650,100,,,99420,100,,,99207,100
2019-06-28 09:54:40.000000000,101239,263,100677,263,101505,258,100194,258,101548,258,100099,258,101564,100,100081,100,101568,100,99919,200,102491,100,99880,100,,,99873,100,,,99650,100,,,99420,100,,,99207,100
2019-06-28 09:54:48.300238518,101239,163,100677,263,101505,158,100194,258,101548,258,100099,258,101564,100,100081,100,101568,100,99919,200,102491,100,99880,100,,,99873,100,,,99650,100,,,99420,100,,,99207,100
2019-06-28 09:54:48.432692196,101239,63,100677,263,101505,158,100194,258,101548,258,100099,258,101564,100,100081,100,101568,100,99919,200,102491,100,99880,100,,,99873,100,,,99650,100,,,99420,100,,,99207,100
2019-06-28 09:54:50.000000000,101548,220,100677,220,101564,220,100194,220,101568,220,100099,220,102491,220,100081,220,,,99919,200,,,99880,100,,,99873,100,,,99650,100,,,99420,100,,,99207,100
2019-06-28 09:55:00.000000000,101548,263,100677,263,101564,258,100194,258,101568,258,100099,258,102491,100,100081,100,,,99919,200,,,99880,100,,,99873,100,,,99650,100,,,99420,100,,,99207,100
2019-06-28 09:55:02.046512930,101548,263,100677,263,101564,258,100194,258,101568,258,100099,258,102491,100,100081,100,102874,100,99919,200,,,99880,100,,,99873,100,,,99650,100,,,99420,100,,,99207,100
2019-06-28 09:55:02.159020935,101548,263,100677,263,101564,258,100194,258,101568,258,100099,258,102491,100,100081,100,102874,100,99919,200,102890,100,99880,100,,,99873,100,,,99650,100,,,99420,100,,,99207,100
2019-06-28 09:55:10.000000000,101548,578,100677,578,101564,100,100194,100,101568,100,100099,100,102491,100,100081,100,102874,100,99919,200,102890,100,99880,100,,,99873,100,,,99650,100,,,99420,100,,,99207,100
2019-06-28 09:55:20.000000000,101548,263,100677,263,101564,258,100194,258,101568,258,100099,258,102491,100,100081,100,102874,100,99919,200,102890,100,99880,100,,,99873,100,,,99650,100,,,99420,100,,,99207,100
2019-06-28 09:55:30.000000000,101548,196,100677,196,101564,196,100194,196,101568,196,100099,196,102491,196,100081,196,102874,196,99919,296,102890,100,99880,100,,,99873,100,,,99650,100,,,99420,100,,,99207,100
2019-06-28 09:55:31.150490268,101548,96,100677,196,101564,196,100194,196,101568,196,100099,196,102491,196,100081,196,102874,196,99919,296,102890,100,99880,100,,,99873,100,,,99650,100,,,99420,100,,,99207,100
2019-06-28 09:55:40.000000000,101564,220,100677,220,101568,220,100194,220,102491,220,100099,220,102874,220,100081,220,102890,100,99919,200,,,99880,100,,,99873,100,,,99650,100,,,99420,100,,,99207,100
2019-06-28 09:55:43.872015228,101564,220,100677,220,101568,220,100194,220,102332,100,100099,220,102491,220,100081,220,102874,220,99919,200,102890,100,99880,100,,,99873,100,,,99650,100,,,99420,100,,,99207,100
2019-06-28 09:55:50.000000000,101564,196,100677,196,101568,196,100194,196,102332,196,100099,196,102491,196,100081,196,102874,196,99919,296,102890,100,99880,100,,,99873,100,,,99650,100,,,99420,100,,,99207,100
2019-06-28 09:56:00.000000000,101564,578,100677,578,101568,100,100194,100,102332,100,100099,100,102491,100,100081,100,102874,100,99919,200,102890,100,99880,100,,,99873,100,,,99650,100,,,99420,100,,,99207,100
2019-06-28 09:56:08.711326875,101564,478,100677,578,101568,100,100194,100,102332,100,100099,100,102491,100,100081,100,102874,100,99919,200,102890,100,99880,100,,,99873,100,,,99650,100,,,99420,100,,,99207,100
2019-06-28 09:56:10.000000000,101568,220,100677,220,102332,220,100194,220,102491,220,100099,220,102874,220,100081,220,102890,100,99919,200,,,99880,100,,,99873,100,,,99650,100,,,99420,100,,,99207,100
2019-06-28 09:56:15.474059325,101568,220,100677,220,102332,220,100194,220,102417,100,100099,220,102491,220,100081,220,102874,220,99919,200,102890,100,99880,100,,,99873,100,,,99650,100,,,99420,100,,,99207,100
2019-06-28 09:56:20.000000000,101568,339,100677,339,102332,339,100194,339,102417,100,100099,100,102491,100,100081,100,102874,100,99919,200,102890,100,99880,100,,,99873,100,,,99650,100,,,99420,100,,,99207,100
2019-06-28 09:56:26.149539407,101568,339,100677,339,102168,100,100194,339,102332,339,100099,100,102417,100,100081,100,102491,100,99919,200,102874,100,99880,100,102890,100,99873,100,,,99650,100,,,99420,100,,,99207,100
2019-06-28 09:56:30.000000000,101568,339,100677,339,102168,339,100194,339,102332,100,100099,100,102417,100,100081,100,102491,100,99919,200,102874,100,99880,100,102890,100,99873,100,,,99650,100,,,99420,100,,,99207,100
2019-06-28 09:56:40.000000000,101568,339,100677,339,102168,339,100194,339,102332,100,100099,100,102417,100,100081,100,102491,100,99919,200,102874,100,99880,100,102890,100,99873,100,,,99650,100,,,99420,100,,,99207,100
2019-06-28 09:56:46.739714209,101568,339,100677,339,102168,339,100194,339,102332,100,100099,100,102417,100,99919,200,102491,100,99880,100,102874,100,99873,100,102890,100,99650,100,,,99420,100,,,99207,100,,,99125,100
2019-06-28 09:56:50.000000000,101568,196,100677,196,102168,196,100194,196,102332,196,100099,196,102417,196,99919,296,102491,196,99880,196,102874,100,99873,100,102890,100,99650,100,,,99420,100,,,99207,100,,,99125,100
2019-06-28 09:56:53.987871062,101568,196,100677,196,101941,100,100194,196,102168,196,100099,196,102332,196,99919,296,102417,196,99880,196,102491,196,99873,100,102874,100,99650,100,102890,100,99420,100,,,99207,100,,,99125,100
2019-06-28 09:57:00.000000000,101568,339,100677,339,101941,339,100194,339,102168,100,100099,100,102332,100,99919,200,102417,100,99880,100,102491,100,99873,100,102874,100,99650,100,102890,100,99420,100,,,99207,100,,,99125,100
2019-06-28 09:57:10.000000000,101568,196,100677,196,101941,196,100194,196,102168,196,100099,196,102332,196,99919,296,102417,196,99880,196,102491,100,99873,100,102874,100,99650,100,102890,100,99420,100,,,99207,100,,,99125,100
2019-06-28 09:57:11.387929002,101568,196,101548,100,101941,196,100677,196,102168,196,100194,196,102332,196,100099,196,102417,196,99919,296,102491,100,99880,196,102874,100,99873,100,102890,100,99650,100,,,99420,100,,,99207,100
2019-06-28 09:57:20.000000000,101568,578,101548,578,101941,100,100677,100,102168,100,100194,100,102332,100,100099,100,102417,100,99919,200,102491,100,99880,100,102874,100,99873,100,102890,100,99650,100,,,99420,100,,,99207,100
2019-06-28 09:57:30.000000000,101568,578,101548,578,101941,100,100677,100,102168,100,100194,100,102332,100,100099,100,102417,100,99919,200,102491,100,99880,100,102874,100,99873,100,102890,100,99650,100,,,99420,100,,,99207,100
2019-06-28 09:57:40.000000000,101568,339,101548,339,101941,339,100677,339,102168,100,100194,100,102332,100,100099,100,102417,100,99919,200,102491,100,99880,100,102874,100,99873,100,102890,100,99650,100,,,99420,100,,,99207,100
2019-06-28 09:57:41.806099108,101568,339,101548,339,101935,100,100677,339,101941,339,100194,100,102168,100,100099,100,102332,100,99919,200,102417,100,99880,100,102491,100,99873,100,102874,100,99650,100,102890,100,99420,100,,,99207,100
2019-06-28 09:57:50.000000000,101568,339,101548,339,101935,339,100677,339,101941,100,100194,100,102168,100,100099,100,102332,100,99919,200,102417,100,99880,100,102491,100,99873,100,102874,100,99650,100,102890,100,99420,100,,,99207,100
2019-06-28 09:57:57.485268047,101568,239,101548,339,101935,339,100677,339,101941,100,100194,100,102168,100,100099,100,102332,100,99919,200,102417,100,99880,100,102491,100,99873,100,102874,100,99650,100,102890,100,99420,100,,,99207,100
2019-06-28 09:58:00.000000000,101935,196,101548,196,101941,196,100677,196,102168,196,100194,196,102332,196,100099,196,102417,196,99919,296,102491,100,99880,100,102874,100,99873,100,102890,100,99650,100,,,99420,100,,,99207,100
2019-06-28 09:58:01.775712395,101935,196,101747,100,101941,196,101548,196,102168,196,100677,196,102332,196,100194,196,102417,196,100099,196,102491,100,99919,296,102874,100,99880,100,102890,100,99873,100,,,99650,100,,,99420,100
2019-06-28 09:58:08.274061877,101933,100,101747,100,101935,196,101548,196,101941,96,100677,196,102168,196,100194,196,102332,196,100099,196,102417,196,99919,296,102491,100,99880,100,102874,100,99873,100,102890,100,99650,100,,,99420,100
2019-06-28 09:58:10.000000000,101933,578,101747,578,101935,100,101548,100,102168,100,100677,100,102332,100,100194,100,102417,100,100099,100,102491,100,99919,200,102874,100,99880,100,102890,100,99873,100,,,99650,100,,,99420,100
2019-06-28 09:58:13.840909016,101933,478,101747,578,101935,100,101548,100,102168,100,100677,100,102332,100,100194,100,102417,100,100099,100,102491,100,99919,200,102874,100,99880,100,102890,100,99873,100,,,99650,100,,,99420,100
2019-06-28 09:58:20.000000000,101935,220,101747,220,102168,220,101548,220,102332,220,100677,220,102417,220,100194,220,102491,100,100099,100,102874,100,99919,200,102890,100,99880,100,,,99873,100,,,99650,100,,,99420,100
2019-06-28 09:58:30.000000000,101935,220,101747,220,102168,220,101548,220,102332,220,100677,220,102417,220,100194,220,102491,100,100099,100,102874,100,99919,200,102890,100,99880,100,,,99873,100,,,99650,100,,,99420,100
2019-06-28 09:58:40.000000000,101935,578,101747,578,102168,100,101548,100,102332,100,100677,100,102417,100,100194,100,102491,100,100099,100,102874,100,99919,200,102890,100,99880,100,,,99873,100,,,99650,100,,,99420,100
2019-06-28 09:58:45.411130619,101935,578,101898,100,102168,100,101747,578,102332,100,101548,100,102417,100,100677,100,102491,100,100194,100,102874,100,100099,100,102890,100,99919,200,,,99880,100,,,99873,100,,,99650,100
2019-06-28 09:58:50.000000000,101935,263,101898,263,102168,258,101747,258,102332,258,101548,258,102417,100,100677,100,102491,100,100194,100,102874,100,100099,100,102890,100,99919,200,,,99880,100,,,99873,100,,,99650,100
2019-06-28 09:58:52.646198760,101935,263,101898,263,102168,258,101747,258,102332,258,101568,100,102417,100,101548,258,102491,100,100194,100,102874,100,100099,100,102890,100,99919,200,,,99880,100,,,99873,100,,,99650,100
2019-06-28 09:59:00.000000000,101935,578,101898,578,102168,100,101747,100,102332,100,101568,100,102417,100,101548,100,102491,100,100194,100,102874,100,100099,100,102890,100,99919,200,,,99880,100,,,99873,100,,,99650,100
2019-06-28 09:59:10.000000000,101935,263,101898,263,102168,258,101747,258,102332,258,101568,258,102417,100,101548,100,102491,100,100194,100,102874,100,100099,100,102890,100,99919,200,,,99880,100,,,99873,100,,,99650,100
2019-06-28 09:59:20.000000000,101935,263,101898,263,102168,258,101747,258,102332,258,101568,258,102417,100,101548,100,102491,100,100194,100,102874,100,100099,100,102890,100,99919,200,,,99880,100,,,99873,100,,,99650,100
2019-06-28 09:59:30.000000000,101935,578,101898,578,102168,100,101747,100,102332,100,101568,100,102417,100,101548,100,102491,100,100194,100,102874,100,100099,100,102890,100,99919,200,,,99880,100,,,99873,100,,,99650,100
2019-06-28 09:59:31.546174315,101935,578,101898,578,102168,100,101873,100,102332,100,101747,100,102417,100,101568,100,102491,100,101548,100,102874,100,100194,100,102890,100,100099,100,,,99919,200,,,99880,100,,,99873,100
2019-06-28 09:59:40.000000000,101935,263,101898,263,102168,258,101873,258,102332,258,101747,258,102417,100,101568,100,102491,100,101548,100,102874,100,100194,100,102890,100,100099,100,,,99919,200,,,99880,100,,,99873,100
2019-06-28 09:59:49.770334708,101935,263,101898,163,102168,258,101873,258,102332,258,101747,258,102417,100,101568,100,102491,100,101548,100,102890,100,100194,100,,,100099,100,,,99919,200,,,99880,100,,,99873,100
2019-06-28 09:59:50.000000000,101935,196,101873,196,102168,196,101747,196,102332,196,101568,196,102417,196,101548,196,102491,196,100194,196,102890,100,100099,100,,,99919,200,,,99880,100,,,99873,100,,,99650,100
2019-06-28 10:00:00.000000000,101935,263,101873,263,102168,258,101747,258,102332,258,101568,258,102417,100,101548,100,102491,100,100194,100,102890,100,100099,100,,,99919,200,,,99880,100,,,99873,100,,,99650,100
2019-06-28 10:00:04.241900561,101921,100,101873,263,101935,263,101747,258,102168,258,101568,258,102332,258,101548,100,102417,100,100194,100,102491,100,100099,100,102890,100,99919,200,,,99880,100,,,99873,100,,,99650,100
2019-06-28 10:00:10.000000000,101921,339,101873,339,101935,339,101747,339,102168,100,101568,100,102332,100,101548,100,102417,100,100194,100,102491,100,100099,100,102890,100,99919,200,,,99880,100,,,99873,100,,,99650,100
2019-06-28 10:00:20.000000000,101921,263,101873,263,101935,258,101747,258,102168,258,101568,258,102332,100,101548,100,102417,100,100194,100,102491,100,100099,100,102890,100,99919,200,,,99880,100,,,99873,100,,,99650,100
2019-06-28 10:00:30.000000000,101921,196,101873,196,101935,196,101747,196,102168,196,101568,196,102332,196,101548,196,102417,196,100194,196,102491,100,100099,100,102890,100,99919,200,,,99880,100,,,99873,100,,,99650,100
2019-06-28 10:00:40.000000000,101921,220,101873,220,101935,220,101747,220,102168,220,101568,220,102332,220,101548,220,102417,100,100194,100,102491,100,100099,100,102890,100,99919,200,,,99880,100,,,99873,100,,,99650,100
2019-06-28 10:00:42.074652308,101921,220,101873,120,101935,220,101747,220,102168,220,101568,220,102332,220,101548,220,102417,100,100194,100,102491,100,100099,100,102890,100,99919,200,,,99880,100,,,99873,100,,,99650,100
2019-06-28 10:00:47.076658418,101898,100,101873,120,101921,220,101747,220,101935,220,101568,220,102168,220,101548,220,102332,220,100194,100,102417,100,100099,100,102491,100,99919,200,102890,100,99880,100,,,99873,100,,,99650,100
2019-06-28 10:00:50.000000000,101898,196,101747,196,101921,196,101568,196,101935,196,101548,196,102168,196,100194,196,102332,196,100099,196,102417,100,99919,200,102491,100,99880,100,102890,100,99873,100,,,99650,100,,,99420,100
2019-06-28 10:01:00.000000000,101898,220,101747,220,101921,220,101568,220,101935,220,101548,220,102168,220,100194,220,102332,100,100099,100,102417,100,99919,200,102491,100,99880,100,102890,100,99873,100,,,99650,100,,,99420,100
2019-06-28 10:01:00.861132519,101898,320,101747,220,101921,220,101568,220,101935,220,101548,220,102168,220,100194,220,102332,100,100099,100,102417,100,99919,200,102491,100,99880,100,102890,100,99873,100,,,99650,100,,,99420,100
2019-06-28 10:01:10.000000000,101898,296,101747,196,101921,196,101568,196,101935,196,101548,196,102168,196,100194,196,102332,196,100099,196,102417,100,99919,200,102491,100,99880,100,102890,100,99873,100,,,99650,100,,,99420,100
2019-06-28 10:01:12.793932604,101898,296,101747,196,101921,196,101568,196,101935,196,101561,100,102168,196,101548,196,102332,196,100194,196,102417,100,100099,196,102491,100,99919,200,102890,100,99880,100,,,99873,100,,,99650,100
2019-06-28 10:01:17.153156324,101790,100,101747,196,101898,296,101568,196,101921,196,101561,100,101935,196,101548,196,102168,96,100194,196,102332,196,100099,196,102417,100,99919,200,102491,100,99880,100,102890,100,99873,100,,,99650,100
2019-06-28 10:01:20.000000000,101790,196,101747,196,101898,296,101568,196,101921,196,101561,196,101935,196,101548,196,102332,196,100194,196,102417,100,100099,100,102491,100,99919,200,102890,100,99880,100,,,99873,100,,,99650,100
2019-06-28 10:01:23.875086455,101790,196,101747,196,101898,296,101568,196,101921,196,101561,196,101935,196,101548,196,102332,196,101475,100,102417,100,100194,196,102491,100,100099,100,102890,100,99919,200,,,99880,100,,,99873,100
2019-06-28 10:01:30.000000000,101790,263,101747,263,101898,358,101568,258,101921,258,101561,258,101935,100,101548,100,102332,100,101475,100,102417,100,100194,100,102491,100,100099,100,102890,100,99919,200,,,99880,100,,,99873,100
2019-06-28 10:01:30.304355402,101790,263,101747,263,101898,358,101607,100,101921,258,101568,258,101935,100,101561,258,102332,100,101548,100,102417,100,101475,100,102491,100,100194,100,102890,100,100099,100,,,99919,200,,,99880,100
2019-06-28 10:01:37.894095269,101790,263,101747,263,101898,358,101724,100,101921,258,101607,100,102332,100,101568,258,102417,100,101561,258,102491,100,101548,100,102890,100,101475,100,,,100194,100,,,100099,100,,,99919,200
2019-06-28 10:01:40.000000000,101790,263,101747,263,101898,358,101724,258,101921,258,101607,258,102332,100,101568,100,102417,100,101561,100,102491,100,101548,100,102890,100,101475,100,,,100194,100,,,100099,100,,,99919,200
2019-06-28 10:01:50.000000000,101790,263,101747,263,101898,358,101724,258,101921,258,101607,258,102332,100,101568,100,102417,100,101561,100,102491,100,101548,100,102890,100,101475,100,,,100194,100,,,100099,100,,,99919,200
2019-06-28 10:02:00.000000000,101790,196,101747,196,101898,296,101724,196,101921,196,101607,196,102332,196,101568,196,102417,196,101561,196,102491,100,101548,100,102890,100,101475,100,,,100194,100,,,100099,100,,,99919,200
2019-06-28 10:02:01.788486458,101790,196,101747,196,101898,296,101724,196,101921,196,101659,100,102332,196,101607,196,102417,196,101568,196,102491,100,101561,196,102890,100,101548,100,,,101475,100,,,100194,100,,,100099,100
2019-06-28 10:02:07.510283216,101898,296,101790,4,101921,196,101747,196,102332,196,101724,196,102417,196,101659,100,102491,100,101607,196,102890,100,101568,196,,,101561,196,,,101548,100,,,101475,100,,,100194,100
2019-06-28 10:02:10.000000000,101898,320,101790,124,101921,220,101747,220,102332,220,101724,220,102417,220,101659,220,102491,100,101607,100,102890,100,101568,100,,,101561,100,,,101548,100,,,101475,100,,,100194,100
2019-06-28 10:02:20.000000000,101898,363,101790,167,101921,258,101747,258,102332,258,101724,258,102417,100,101659,100,102491,100,101607,100,102890,100,101568,100,,,101561,100,,,101548,100,,,101475,100,,,100194,100
2019-06-28 10:02:30.000000000,101898,363,101790,167,101921,258,101747,258,102332,258,101724,258,102417,100,101659,100,102491,100,101607,100,102890,100,101568,100,,,101561,100,,,101548,100,,,101475,100,,,100194,100
2019-06-28 10:02:40.000000000,101898,678,101790,482,101921,100,101747,100,102332,100,101724,100,102417,100,101659,100,102491,100,101607,100,102890,100,101568,100,,,101561,100,,,101548,100,,,101475,100,,,100194,100
2019-06-28 10:02:41.884606349,101898,678,101790,382,101921,100,101747,100,102332,100,101724,100,102417,100,101659,100,102491,100,101607,100,102890,100,101568,100,,,101561,100,,,101548,100,,,101475,100,,,100194,100
2019-06-28 10:02:50.000000000,101898,678,101747,578,101921,100,101724,100,102332,100,101659,100,102417,100,101607,100,102491,100,101568,100,102890,100,101561,100,,,101548,100,,,101475,100,,,100194,100,,,100099,100
2019-06-28 10:02:51.020429290,101898,678,101747,578,101921,100,101724,100,102332,100,101659,100,102417,100,101607,100,102491,100,101568,100,102890,100,101561,100,,,101548,100,,,101523,100,,,101475,100,,,100194,100
2019-06-28 10:03:00.000000000,101898,296,101747,196,101921,196,101724,196,102332,196,101659,196,102417,196,101607,196,102491,196,101568,196,102890,100,101561,100,,,101548,100,,,101523,100,,,101475,100,,,100194,100
2019-06-28 10:03:05.687160954,101898,296,101747,96,101921,196,101724,196,102332,196,101659,196,102417,196,101607,96,102491,196,101568,196,102890,100,101561,100,,,101548,100,,,101523,100,,,101475,100,,,100194,100
2019-06-28 10:03:10.000000000,101898,296,101724,196,101921,196,101659,196,102332,196,101568,196,102417,196,101561,196,102491,196,101548,196,102890,100,101523,100,,,101475,100,,,100194,100,,,100099,100,,,99919,200
2019-06-28 10:03:10.995060258,101898,296,101724,96,101921,196,101659,196,102332,196,101568,196,102417,196,101561,196,102491,196,101548,196,102890,100,101523,100,,,101475,100,,,100194,100,,,100099,100,,,99919,200
2019-06-28 10:03:12.991635693,101898,296,101724,96,101921,196,101659,196,102332,196,101568,196,102417,196,101561,196,102491,196,101548,196,102890,100,101523,100,,,101475,100,,,100831,100,,,100194,100,,,100099,100
2019-06-28 10:03:20.000000000,101898,363,101659,263,101921,258,101568,258,102332,258,101561,258,102417,100,101548,100,102491,100,101523,100,102890,100,101475,100,,,100831,100,,,100194,100,,,100099,100,,,99919,200
2019-06-28 10:03:26.585995256,101898,363,101659,263,101921,258,101568,258,102332,258,101561,258,102417,100,101548,100,102491,100,101523,100,102890,100,101475,100,,,101446,100,,,100831,100,,,100194,100,,,100099,100
2019-06-28 10:03:30.000000000,101898,363,101659,263,101921,258,101568,258,102332,258,101561,258,102417,100,101548,100,102491,100,101523,100,102890,100,101475,100,,,101446,100,,,100831,100,,,100194,100,,,100099,100
2019-06-28 10:03:40.000000000,101898,296,101659,196,101921,196,101568,196,102332,196,101561,196,102417,196,101548,196,102491,196,101523,196,102890,100,101475,100,,,101446,100,,,100831,100,,,100194,100,,,100099,100
2019-06-28 10:03:50.000000000,101898,320,101659,220,101921,220,101568,220,102332,220,101561,220,102417,220,101548,220,102491,100,101523,100,102890,100,101475,100,,,101446,100,,,100831,100,,,100194,100,,,100099,100
2019-06-28 10:03:54.272634908,101898,320,101659,120,101921,220,101568,220,102332,220,101561,220,102417,220,101548,220,102491,100,101523,100,102890,100,101475,100,,,101446,100,,,100831,100,,,100194,100,,,100099,100
2019-06-28 10:04:00.000000000,101898,439,101568,339,101921,339,101561,339,102332,100,101548,100,102417,100,101523,100,102491,100,101475,100,102890,100,101446,100,,,100831,100,,,100194,100,,,100099,100,,,99919,200
2019-06-28 10:04:01.426943525,101630,100,101568,339,101898,439,101561,339,101921,339,101548,100,102332,100,101523,100,102417,100,101475,100,102491,100,101446,100,102890,100,100831,100,,,100194,100,,,100099,100,,,99919,200
2019-06-28 10:04:09.335618443,101898,439,101568,339,101921,339,101561,339,102332,100,101548,100,102417,100,101523,100,102491,100,101475,100,102890,100,101446,100,,,100831,100,,,100194,100,,,100099,100,,,99919,200
2019-06-28 10:04:10.000000000,101898,439,101568,339,101921,339,101561,339,102332,100,101548,100,102417,100,101523,100,102491,100,101475,100,102890,100,101446,100,,,100831,100,,,100194,100,,,100099,100,,,99919,200
2019-06-28 10:04:14.367178024,101898,439,101568,339,101921,339,101561,339,102417,100,101548,100,102491,100,101523,100,102890,100,101475,100,,,101446,100,,,101415,100,,,100831,100,,,100194,100,,,100099,100
2019-06-28 10:04:17.508232038,101898,439,101816,100,101921,339,101568,339,102417,100,101561,339,102491,100,101548,100,102890,100,101523,100,,,101475,100,,,101446,100,,,101415,100,,,100831,100,,,100194,100
2019-06-28 10:04:20.000000000,101898,363,101816,263,101921,258,101568,258,102417,258,101561,258,102491,100,101548,100,102890,100,101523,100,,,101475,100,,,101446,100,,,101415,100,,,100831,100,,,100194,100
2019-06-28 10:04:21.881862905,101898,363,101816,163,101921,258,101568,258,102417,258,101561,258,102491,100,101548,100,,,101523,100,,,101475,100,,,101446,100,,,101415,100,,,100831,100,,,100194,100
2019-06-28 10:04:30.000000000,101898,678,101568,578,101921,100,101561,100,102417,100,101548,100,102491,100,101523,100,,,101475,100,,,101446,100,,,101415,100,,,100831,100,,,100194,100,,,100099,100
2019-06-28 10:04:31.130554387,101898,678,101684,100,101921,100,101568,578,102417,100,101561,100,102491,100,101548,100,,,101523,100,,,101475,100,,,101446,100,,,101415,100,,,100831,100,,,100194,100
2019-06-28 10:04:32.711310078,101898,578,101684,100,101921,100,101568,578,102417,100,101561,100,102491,100,101548,100,,,101523,100,,,101475,100,,,101446,100,,,101415,100,,,100831,100,,,100194,100
2019-06-28 10:04:40.000000000,101898,339,101684,339,101921,339,101568,339,102417,100,101561,100,102491,100,101548,100,,,101523,100,,,101475,100,,,101446,100,,,101415,100,,,100831,100,,,100194,100
2019-06-28 10:04:50.000000000,101898,339,101684,339,101921,339,101568,339,102417,100,101561,100,102491,100,101548,100,,,101523,100,,,101475,100,,,101446,100,,,101415,100,,,100831,100,,,100194,100
2019-06-28 10:05:00.000000000,101898,196,101684,196,101921,196,101568,196,102417,196,101561,196,102491,196,101548,196,102492,96,101523,196,,,101475,100,,,101446,100,,,101415,100,,,100831,100,,,100194,100
2019-06-28 10:05:10.000000000,101898,220,101684,220,101921,220,101568,220,102417,220,101561,220,102491,220,101548,220,,,101523,100,,,101475,100,,,101446,100,,,101415,100,,,100831,100,,,100194,100
2019-06-28 10:05:20.000000000,101898,263,101684,263,101921,258,101568,258,102417,258,101561,258,102491,100,101548,100,,,101523,100,,,101475,100,,,101446,100,,,101415,100,,,100831,100,,,100194,100
2019-06-28 10:05:30.000000000,101898,196,101684,196,101921,196,101568,196,102417,196,101561,196,102491,196,101548,196,102492,96,101523,196,,,101475,100,,,101446,100,,,101415,100,,,100831,100,,,100194,100
2019-06-28 10:05:38.820635750,101898,196,101684,96,101921,196,101568,196,102417,196,101561,196,102491,196,101548,196,102492,96,101523,196,,,101475,100,,,101446,100,,,101415,100,,,100831,100,,,100194,100
2019-06-28 10:05:40.000000000,101898,339,101568,339,101921,339,101561,339,102417,100,101548,100,102491,100,101523,100,,,101475,100,,,101446,100,,,101415,100,,,100831,100,,,100194,100,,,100099,100
2019-06-28 10:05:44.450667694,101898,339,101568,239,101921,339,101561,339,102417,100,101548,100,102491,100,101523,100,,,101475,100,,,101446,100,,,101415,100,,,100831,100,,,100194,100,,,100099,100
2019-06-28 10:05:50.000000000,101898,263,101561,263,101921,258,101548,258,102417,258,101523,258,102491,100,101475,100,,,101446,100,,,101415,100,,,100831,100,,,100194,100,,,100099,100,,,99919,200
2019-06-28 10:05:57.840666476,101898,263,101561,263,101921,258,101548,258,102417,258,101523,258,102491,100,101475,100,,,101446,100,,,101415,100,,,101064,100,,,100831,100,,,100194,100,,,100099,100
2019-06-28 10:06:00.000000000,101898,196,101561,196,101921,196,101548,196,102417,196,101523,196,102491,196,101475,196,102492,96,101446,196,,,101415,100,,,101064,100,,,100831,100,,,100194,100,,,100099,100
2019-06-28 10:06:10.000000000,101898,196,101561,196,101921,196,101548,196,102417,196,101523,196,102491,196,101475,196,102492,96,101446,196,,,101415,100,,,101064,100,,,100831,100,,,100194,100,,,100099,100
2019-06-28 10:06:17.506105300,101898,196,101561,96,101921,196,101548,196,102417,196,101523,196,102491,196,101475,196,102492,96,101446,196,,,101415,100,,,101064,100,,,100831,100,,,100194,100,,,100099,100
2019-06-28 10:06:20.000000000,101898,578,101548,578,101921,100,101523,100,102417,100,101475,100,102491,100,101446,100,,,101415,100,,,101064,100,,,100831,100,,,100194,100,,,100099,100,,,99919,200
2019-06-28 10:06:29.780788678,101898,578,101548,578,101921,100,101523,100,102417,100,101475,100,102491,100,101446,100,,,101415,100,,,101064,100,,,100831,100,,,100605,100,,,100194,100,,,100099,100
2019-06-28 10:06:30.000000000,101898,263,101548,263,101921,258,101523,258,102417,258,101475,258,102491,100,101446,100,,,101415,100,,,101064,100,,,100831,100,,,100605,100,,,100194,100,,,100099,100
2019-06-28 10:06:32.531045545,101898,263,101548,163,101921,258,101523,258,102417,258,101475,258,102491,100,101446,100,,,101415,100,,,101064,100,,,100831,100,,,100605,100,,,100194,100,,,100099,100
2019-06-28 10:06:40.000000000,101898,220,101523,220,101921,220,101475,220,102417,220,101446,220,102491,220,101415,220,,,101064,100,,,100831,100,,,100605,100,,,100194,100,,,100099,100,,,99919,200
2019-06-28 10:06:50.000000000,101898,339,101523,339,101921,339,101475,339,102417,100,101446,100,102491,100,101415,100,,,101064,100,,,100831,100,,,100605,100,,,100194,100,,,100099,100,,,99919,200
2019-06-28 10:06:52.655808745,101898,339,101523,339,101921,339,101475,339,102417,100,101446,100,102491,100,101415,100,,,101149,100,,,101064,100,,,100831,100,,,100605,100,,,100194,100,,,100099,100
2019-06-28 10:07:00.000000000,101898,196,101523,196,101921,196,101475,196,102417,196,101446,196,102491,196,101415,196,102492,96,101149,196,,,101064,100,,,100831,100,,,100605,100,,,100194,100,,,100099,100
2019-06-28 10:07:10.000000000,101898,578,101523,578,101921,100,101475,100,102417,100,101446,100,102491,100,101415,100,,,101149,100,,,101064,100,,,100831,100,,,100605,100,,,100194,100,,,100099,100
2019-06-28 10:07:20.000000000,101898,263,101523,263,101921,258,101475,258,102417,258,101446,258,102491,100,101415,100,,,101149,100,,,101064,100,,,100831,100,,,100605,100,,,100194,100,,,100099,100
2019-06-28 10:07:30.000000000,101898,220,101523,220,101921,220,101475,220,102417,220,101446,220,102491,220,101415,220,,,101149,100,,,101064,100,,,100831,100,,,100605,100,,,100194,100,,,100099,100
2019-06-28 10:07:40.000000000,101898,196,101523,196,101921,196,101475,196,102417,196,101446,196,102491,196,101415,196,102492,96,101149,196,,,101064,100,,,100831,100,,,100605,100,,,100194,100,,,100099,100
2019-06-28 10:07:48.119919000,101561,100,101523,196,101898,196,101475,196,101921,196,101446,196,102417,196,101415,196,102491,196,101149,196,102492,96,101064,100,,,100831,100,,,100605,100,,,100194,100,,,100099,100
2019-06-28 10:07:50.000000000,101561,263,101523,263,101898,258,101475,258,101921,258,101446,258,102417,100,101415,100,102491,100,101149,100,,,101064,100,,,100831,100,,,100605,100,,,100194,100,,,100099,100
2019-06-28 10:07:50.004048300,101561,263,101523,263,101898,258,101475,258,101921,258,101446,258,102417,100,101415,100,102491,100,101149,100,,,101064,100,,,100929,100,,,100831,100,,,100605,100,,,100194,100
2019-06-28 10:07:56.764248836,101561,263,101523,263,101898,258,101475,258,101921,258,101446,258,102417,100,101415,100,102491,100,101149,100,,,101064,100,,,100929,100,,,100831,100,,,100605,100,,,100194,100
2019-06-28 10:08:00.000000000,101561,220,101523,220,101898,220,101475,220,101921,220,101446,220,102417,220,101415,220,102491,100,101149,100,,,101064,100,,,100929,100,,,100831,100,,,100605,100,,,100194,100
2019-06-28 10:08:10.000000000,101561,263,101523,263,101898,258,101475,258,101921,258,101446,258,102417,100,101415,100,102491,100,101149,100,,,101064,100,,,100929,100,,,100831,100,,,100605,100,,,100194,100
2019-06-28 10:08:20.000000000,101561,220,101523,220,101898,220,101475,220,101921,220,101446,220,102417,220,101415,220,102491,100,101149,100,,,101064,100,,,100929,100,,,100831,100,,,100605,100,,,100194,100
2019-06-28 10:08:20.254295121,101561,320,101523,220,101898,220,101475,220,101921,220,101446,220,102417,220,101415,220,102491,100,101149,100,,,101064,100,,,100929,100,,,100831,100,,,100605,100,,,100194,100
2019-06-28 10:08:30.000000000,101561,363,101523,263,101898,258,101475,258,101921,258,101446,258,102417,100,101415,100,102491,100,101149,100,,,101064,100,,,100929,100,,,100831,100,,,100605,100,,,100194,100
2019-06-28 10:08:40.000000000,101561,439,101523,339,101898,339,101475,339,101921,100,101446,100,102417,100,101415,100,102491,100,101149,100,,,101064,100,,,100929,100,,,100831,100,,,100605,100,,,100194,100
2019-06-28 10:08:50.000000000,101561,363,101523,263,101898,258,101475,258,101921,258,101446,258,102417,100,101415,100,102491,100,101149,100,,,101064,100,,,100929,100,,,100831,100,,,100605,100,,,100194,100
2019-06-28 10:09:00.000000000,101561,439,101523,339,101898,339,101475,339,101921,100,101446,100,102417,100,101415,100,102491,100,101149,100,,,101064,100,,,100929,100,,,100831,100,,,100605,100,,,100194,100
2019-06-28 10:09:02.611643607,101561,439,101523,339,101898,339,101475,339,101921,100,101446,100,102417,100,101415,100,102491,100,101149,100,,,101064,100,,,101022,100,,,100929,100,,,100831,100,,,100605,100
2019-06-28 10:09:08.275942939,101561,439,101523,239,101898,339,101475,239,101921,100,101446,100,102417,100,101415,100,102491,100,101149,100,,,101064,100,,,101022,100,,,100929,100,,,100831,100,,,100605,100
2019-06-28 10:09:10.000000000,101561,320,101446,220,101898,220,101415,220,101921,220,101149,220,102417,220,101064,220,102491,100,101022,100,,,100929,100,,,100831,100,,,100605,100,,,100194,100,,,100099,100
2019-06-28 10:09:16.002302128,101561,320,101446,120,101898,220,101415,220,101921,220,101149,220,102417,220,101064,220,102491,100,101022,100,,,100929,100,,,100831,100,,,100605,100,,,100194,100,,,100099,100
2019-06-28 10:09:20.000000000,101561,363,101415,263,101898,258,101149,258,101921,258,101064,258,102417,100,101022,100,102491,100,100929,100,,,100831,100,,,100605,100,,,100194,100,,,100099,100,,,99919,100
2019-06-28 10:09:30.000000000,101561,296,101415,196,101898,196,101149,196,101921,196,101064,196,102417,196,101022,196,102491,196,100929,196,,,100831,100,,,100605,100,,,100194,100,,,100099,100,,,99919,100
2019-06-28 10:09:31.791394080,101523,100,101415,196,101561,296,101149,196,101898,196,101064,196,101921,196,101022,196,102417,196,100929,196,102491,196,100831,100,,,100605,100,,,100099,100,,,99919,100,,,99873,100
2019-06-28 10:09:36.643202701,101523,100,101415,96,101561,296,101149,196,101898,196,101064,196,101921,196,101022,96,102417,196,100929,196,102491,196,100831,100,,,100605,100,,,100099,100,,,99919,100,,,99873,100
2019-06-28 10:09:38.463954274,101446,100,101415,96,101523,100,101149,196,101561,296,101064,196,101898,196,101022,96,101921,196,100929,196,102417,196,100831,100,102491,196,100605,100,,,100099,100,,,99873,100,,,99207,100
2019-06-28 10:09:40.000000000,101446,263,101149,263,101523,258,101064,258,101561,358,100929,258,101898,100,100831,100,101921,100,100605,100,102417,100,100099,100,102491,100,99873,100,,,99207,100,,,,,,,,
2019-06-28 10:09:50.000000000,101446,339,101149,339,101523,339,101064,339,101561,200,100929,100,101898,100,100831,100,101921,100,100605,100,102417,100,100099,100,102491,100,99873,100,,,99207,100,,,,,,,,
2019-06-28 10:09:58.778732864,101349,100,101149,339,101446,339,101064,339,101523,339,100929,100,101561,200,100831,100,101898,100,100605,100,101921,100,100099,100,102417,100,99873,100,102491,100,99207,100,,,,,,,,
2019-06-28 10:10:00.000000000,101349,578,101149,578,101446,100,101064,100,101523,100,100929,100,101561,200,100831,100,101898,100,100605,100,101921,100,100099,100,102417,100,99873,100,102491,100,99207,100,,,,,,,,
2019-06-28 10:10:09.485023834,101349,578,101149,578,101446,100,101064,100,101457,100,100929,100,101523,100,100831,100,101561,200,100605,100,101898,100,100099,100,101921,100,99873,100,102417,100,,,102491,100,,,,,,
2019-06-28 10:10:10.000000000,101349,339,101149,339,101446,339,101064,339,101457,100,100929,100,101523,100,100831,100,101561,200,100605,100,101898,100,100099,100,101921,100,99873,100,102417,100,,,102491,100,,,,,,
2019-06-28 10:10:12.075266257,101349,339,101149,339,101446,439,101064,339,101457,100,100929,100,101523,100,100831,100,101561,200,100605,100,101898,100,100099,100,101921,100,99873,100,102417,100,,,102491,100,,,,,,
2019-06-28 10:10:20.000000000,101349,339,101149,339,101446,439,101064,339,101457,100,100929,100,101523,100,100831,100,101561,200,100605,100,101898,100,100099,100,101921,100,99873,100,102417,100,,,102491,100,,,,,,
2019-06-28 10:10:30.000000000,101349,578,101149,578,101446,200,101064,100,101457,100,100929,100,101523,100,100831,100,101561,200,100605,100,101898,100,100099,100,101921,100,99873,100,102417,100,,,102491,100,,,,,,
