,ask_price_1,ask_size_1,bid_price_1,bid_size_1,ask_price_2,ask_size_2,bid_price_2,bid_size_2,ask_price_3,ask_size_3,bid_price_3,bid_size_3,ask_price_4,ask_size_4,bid_price_4,bid_size_4,ask_price_5,ask_size_5,bid_price_5,bid_size_5,ask_price_6,ask_size_6,bid_price_6,bid_size_6,ask_price_7,ask_size_7,bid_price_7,bid_size_7,ask_price_8,ask_size_8,bid_price_8,bid_size_8,ask_price_9,ask_size_9,bid_price_9,bid_size_9,ask_price_10,ask_size_10,bid_price_10,bid_size_10
2019-06-28 09:30:00.000000001,100061,100,,,,,,,,,,,,,,,,,,,,,,,,,,,,,,,,,,,,,,
2019-06-28 09:30:00.000000004,100029,100,100013,100,100061,100,99920,100,,,,,,,,,,,,,,,,,,,,,,,,,,,,,,,,
2019-06-28 09:30:00.000000008,100029,100,100013,100,100061,100,99920,100,,,99880,100,,,,,,,,,,,,,,,,,,,,,,,,,,,,
2019-06-28 09:30:00.000000009,100029,100,100013,100,100061,100,99920,100,100141,100,99880,100,,,,,,,,,,,,,,,,,,,,,,,,,,,,
2019-06-28 09:30:00.000000012,100029,100,100013,100,100061,100,99920,100,100068,100,99880,100,100141,100,,,,,,,,,,,,,,,,,,,,,,,,,,
2019-06-28 09:30:00.000000014,100029,200,100013,100,100061,100,99920,100,100068,100,99880,100,100141,100,,,,,,,,,,,,,,,,,,,,,,,,,,
2019-06-28 09:30:00.000000015,100029,200,100013,100,100061,100,99920,100,100068,100,99880,100,100141,100,,,100164,100,,,,,,,,,,,,,,,,,,,,,,
2019-06-28 09:30:00.000000016,100029,200,100013,100,100061,100,99920,100,100068,100,99914,100,100081,100,99880,100,100141,100,,,100164,100,,,,,,,,,,,,,,,,,,
2019-06-28 09:30:00.000000019,100029,200,100013,100,100061,100,99977,100,100068,100,99920,100,100081,100,99914,100,100141,100,99880,100,100164,100,,,,,,,,,,,,,,,,,,
2019-06-28 09:30:00.000000022,100029,200,100013,100,100051,100,99977,100,100061,100,99920,100,100068,100,99914,100,100081,100,99880,100,100141,100,,,100164,100,,,,,,,,,,,,,,
2019-06-28 09:30:00.000000024,100029,200,100013,100,100051,100,99977,100,100061,100,99938,100,100068,100,99920,100,100081,100,99914,100,100141,100,99880,100,100164,100,,,100167,100,,,,,,,,,,
2019-06-28 09:30:00.000000026,100029,200,100013,100,100051,100,99977,100,100061,100,99938,100,100065,100,99920,100,100068,100,99914,100,100081,100,99880,100,100141,100,,,100164,100,,,100167,100,,,,,,
2019-06-28 09:30:00.000000029,100029,200,100013,100,100051,100,99977,100,100061,200,99938,100,100065,100,99920,100,100068,100,99914,100,100081,100,99880,100,100141,100,,,100164,100,,,100167,100,,,,,,
2019-06-28 09:30:00.000000032,100029,200,100013,100,100051,100,99977,100,100061,200,99938,100,100065,100,99920,100,100068,100,99914,100,100081,100,99880,100,100141,100,99864,100,100164,100,,,100167,100,,,,,,
2019-06-28 09:30:00.000000033,100029,200,100013,100,100051,100,99977,100,100061,200,99938,100,100065,100,99920,100,100068,100,99914,100,100081,100,99880,100,100141,100,99870,100,100164,100,99864,100,100167,100,,,,,,
2019-06-28 09:30:00.000000036,100029,200,100013,100,100051,100,99977,100,100061,200,99938,100,100065,100,99920,100,100068,100,99914,100,100081,100,99880,100,100130,100,99870,100,100141,100,99864,100,100164,100,,,100167,100,,
2019-06-28 09:30:00.000000037,100029,200,100013,100,100051,100,99977,100,100061,200,99938,100,100065,100,99920,100,100068,100,99914,100,100081,100,99880,100,100130,100,99870,100,100141,100,99864,100,100158,100,,,100164,100,,
2019-06-28 09:30:00.000000038,100029,200,99977,100,100051,100,99938,100,100061,200,99920,100,100065,100,99914,100,100068,100,99880,100,100081,100,99870,100,100130,100,99864,100,100141,100,,,100158,100,,,100164,100,,
2019-06-28 09:30:00.000000040,100029,200,99938,100,100051,100,99920,100,100061,200,99914,100,100065,100,99880,100,100068,100,99870,100,100081,100,99864,100,100130,100,,,100141,100,,,100158,100,,,100164,100,,
2019-06-28 09:30:00.000000041,100029,200,99938,100,100051,100,99920,100,100061,200,99914,100,100065,100,99880,100,100068,100,99870,100,100081,100,99864,100,100130,100,,,100134,100,,,100141,100,,,100158,100,,
2019-06-28 09:30:00.000000045,100013,100,99938,100,100029,200,99920,100,100051,100,99914,100,100061,200,99880,100,100065,100,99870,100,100068,100,99864,100,100081,100,99832,100,100098,100,,,100130,100,,,100134,100,,
2019-06-28 09:30:00.000000047,100013,100,99938,100,100029,200,99920,100,100051,100,99914,100,100061,200,99880,100,100065,100,99870,100,100068,100,99864,100,100081,100,99832,100,100098,100,99829,100,100130,100,,,100134,100,,
2019-06-28 09:30:00.000000048,100013,100,99938,100,100015,100,99920,100,100029,200,99914,100,100051,100,99880,100,100060,100,99874,100,100061,200,99870,100,100065,100,99864,100,100068,100,99832,100,100081,100,99829,100,100098,100,,
2019-06-28 09:30:00.000000052,100015,100,99938,100,100029,200,99920,100,100051,100,99914,100,100060,100,99880,100,100061,200,99874,100,100065,100,99870,100,100068,100,99864,100,100081,100,99832,100,100098,100,99829,100,100130,100,,
2019-06-28 09:30:00.000000053,100015,100,99938,100,100029,200,99928,100,100051,100,99920,100,100060,100,99914,100,100061,200,99880,100,100065,100,99874,100,100068,100,99870,100,100081,100,99864,100,100098,100,99832,100,100130,100,99829,100
2019-06-28 09:30:00.000000054,100013,100,99938,100,100015,100,99928,100,100029,200,99920,100,100051,100,99914,100,100060,100,99880,100,100061,200,99874,100,100065,100,99870,100,100068,100,99864,100,100081,100,99832,100,100098,100,99829,100
2019-06-28 09:30:00.000000055,100013,100,99938,100,100015,100,99928,100,100029,200,99920,100,100051,100,99914,100,100060,100,99880,100,100061,200,99874,100,100065,100,99870,100,100068,100,99864,100,100081,100,99858,100,100098,100,99832,100
2019-06-28 09:30:00.000000057,100013,200,99977,100,100015,100,99938,100,100029,200,99928,100,100051,100,99920,100,100060,100,99914,100,100061,200,99880,100,100065,100,99874,100,100068,100,99870,100,100081,100,99864,100,100098,100,99858,100
2019-06-28 09:30:00.000000061,100013,200,99977,100,100015,100,99938,100,100029,200,99928,100,100051,100,99920,100,100060,100,99914,100,100061,200,99880,100,100065,100,99874,100,100068,100,99870,100,100081,100,99864,100,100098,100,99858,100
2019-06-28 09:30:00.000000064,100013,200,99938,100,100015,100,99928,100,100029,200,99920,100,100051,100,99914,100,100060,100,99880,100,100061,200,99874,100,100065,100,99870,100,100068,100,99864,100,100081,100,99858,100,100098,100,99832,100
2019-06-28 09:30:00.000000065,100013,200,99938,100,100015,100,99930,100,100029,200,99928,100,100051,100,99920,100,100060,100,99914,100,100061,200,99880,100,100065,100,99874,100,100068,100,99870,100,100081,100,99864,100,100098,100,99858,100
2019-06-28 09:30:00.000000067,100013,200,99977,100,100015,100,99938,100,100029,200,99930,100,100034,100,99928,100,100051,100,99920,100,100060,100,99914,100,100061,200,99911,100,100065,100,99880,100,100068,100,99874,100,100081,100,99870,100
2019-06-28 09:30:00.000000068,100012,100,99977,100,100013,200,99938,100,100015,100,99930,100,100029,200,99928,100,100034,100,99920,100,100051,100,99914,100,100060,100,99911,100,100061,200,99880,100,100065,100,99874,100,100068,100,99870,100
2019-06-28 09:30:00.000000070,100012,100,99977,100,100013,200,99961,100,100015,100,99938,100,100029,200,99930,100,100034,100,99928,100,100051,100,99920,100,100060,100,99914,100,100061,200,99911,100,100065,100,99880,100,100068,100,99874,100
2019-06-28 09:30:00.000000071,100012,100,99977,100,100013,200,99961,100,100015,100,99938,100,100029,200,99930,100,100034,100,99928,100,100051,100,99920,100,100060,100,99914,100,100061,200,99912,100,100065,100,99911,100,100068,100,99880,100
2019-06-28 09:30:00.000000072,100012,100,99977,100,100013,200,99961,100,100015,100,99938,100,100029,200,99930,100,100034,100,99928,100,100051,100,99920,100,100060,100,99914,100,100061,200,99912,100,100065,100,99911,100,100068,100,99880,100
2019-06-28 09:30:00.000000075,100012,100,99977,100,100013,200,99961,100,100015,100,99938,100,100029,200,99930,100,100034,100,99928,100,100051,100,99920,100,100060,100,99914,100,100061,200,99912,100,100065,100,99911,100,100068,100,99880,100
2019-06-28 09:30:00.000000076,100013,200,99977,100,100015,100,99961,100,100029,200,99952,100,100034,100,99938,100,100051,100,99930,100,100060,100,99928,100,100061,200,99920,100,100065,100,99914,100,100068,100,99912,100,100081,100,99911,100
2019-06-28 09:30:00.000000079,100013,200,100011,100,100015,100,99977,100,100029,200,99961,100,100034,100,99952,100,100051,100,99938,100,100060,100,99930,100,100061,200,99928,100,100065,100,99920,100,100068,100,99914,100,100081,100,99912,100
2019-06-28 09:30:00.000000086,100013,200,100011,100,100015,100,99980,100,100029,200,99977,100,100034,100,99961,100,100051,100,99952,100,100060,100,99938,100,100061,200,99930,100,100065,100,99928,100,100068,100,99920,100,100081,100,99914,100
2019-06-28 09:30:00.000000087,100013,200,100011,100,100015,100,99980,100,100029,200,99977,100,100034,100,99961,100,100051,100,99952,100,100060,100,99938,100,100061,200,99930,100,100065,100,99928,100,100068,100,99920,100,100081,100,99914,100
2019-06-28 09:30:00.000000088,100013,100,100011,100,100015,100,99980,100,100029,200,99977,100,100034,100,99961,100,100051,100,99952,100,100060,100,99938,100,100061,200,99930,100,100065,100,99928,100,100068,100,99920,100,100081,100,99914,100
2019-06-28 09:30:00.000000092,100013,100,100011,100,100015,100,99980,100,100029,200,99977,100,100034,100,99961,100,100051,100,99952,100,100060,100,99938,100,100061,200,99930,100,100065,100,99928,100,100068,100,99920,100,100081,100,99914,100
2019-06-28 09:30:00.000000095,100013,100,100011,100,100015,100,99980,100,100029,200,99977,100,100034,100,99961,100,100051,100,99952,100,100060,100,99938,100,100061,200,99930,100,100065,100,99928,100,100068,100,99920,100,100069,100,99914,100
2019-06-28 09:30:00.000000096,100013,100,99980,100,100015,100,99977,100,100029,200,99964,100,100034,100,99961,100,100051,100,99952,100,100060,100,99938,100,100061,200,99930,100,100065,100,99928,100,100068,100,99920,100,100069,100,99914,100
2019-06-28 09:30:00.000000098,100013,100,99980,100,100015,100,99977,100,100029,200,99964,100,100034,100,99963,100,100051,100,99961,100,100060,100,99952,100,100061,200,99938,100,100065,100,99930,100,100068,100,99928,100,100069,100,99920,100
2019-06-28 09:30:10.000000000,100013,228,99980,228,100015,224,99977,224,100029,324,99964,224,100034,100,99963,100,100051,100,99961,100,100060,100,99952,100,100061,200,99938,100,100065,100,99930,100,100068,100,99928,100,100069,100,99920,100
2019-06-28 09:30:12.748881406,100013,228,99980,228,100015,224,99977,224,100029,324,99964,224,100034,100,99963,100,100051,100,99961,100,100060,100,99952,100,100061,200,99938,100,100065,100,99930,100,100068,100,99928,100,100069,100,99920,100
2019-06-28 09:30:20.000000000,100013,288,99980,288,100015,288,99977,288,100029,200,99964,100,100034,100,99963,100,100051,100,99961,100,100060,100,99952,100,100061,200,99938,100,100065,100,99930,100,100068,100,99928,100,100069,100,99920,100
2019-06-28 09:30:26.743454574,100013,288,99994,100,100015,288,99980,288,100029,200,99977,288,100034,100,99964,100,100051,100,99963,100,100060,100,99961,100,100061,200,99952,100,100065,100,99938,100,100068,100,99930,100,100069,100,99928,100
2019-06-28 09:30:30.000000000,100013,288,99994,288,100015,288,99980,288,100029,200,99977,100,100034,100,99964,100,100051,100,99963,100,100060,100,99961,100,100061,200,99952,100,100065,100,99938,100,100068,100,99930,100,100069,100,99928,100
2019-06-28 09:30:31.252608064,100013,288,99994,288,100015,288,99980,288,100029,200,99977,100,100034,100,99964,100,100051,100,99963,100,100060,100,99961,100,100061,200,99958,100,100065,100,99952,100,100068,100,99938,100,100069,100,99930,100
2019-06-28 09:30:40.000000000,100013,476,99994,476,100015,100,99980,100,100029,200,99977,100,100034,100,99964,100,100051,100,99963,100,100060,100,99961,100,100061,200,99958,100,100065,100,99952,100,100068,100,99938,100,100069,100,99930,100
2019-06-28 09:30:45.470421103,100013,476,99994,476,100015,100,99980,100,100029,200,99977,100,100034,100,99964,100,100051,100,99963,100,100061,200,99961,100,100065,100,99958,100,100068,100,99952,100,100069,100,99938,100,100081,100,99930,100
2019-06-28 09:30:50.000000000,100013,288,99994,288,100015,288,99980,288,100029,200,99977,100,100034,100,99964,100,100051,100,99963,100,100061,200,99961,100,100065,100,99958,100,100068,100,99952,100,100069,100,99938,100,100081,100,99930,100
2019-06-28 09:31:00.000000000,100013,476,99994,476,100015,100,99980,100,100029,200,99977,100,100034,100,99964,100,100051,100,99963,100,100061,200,99961,100,100065,100,99958,100,100068,100,99952,100,100069,100,99938,100,100081,100,99930,100
2019-06-28 09:31:09.177831424,100013,376,99994,476,100015,100,99980,100,100029,200,99977,100,100034,100,99964,100,100051,100,99963,100,100061,200,99961,100,100065,100,99958,100,100068,100,99952,100,100069,100,99938,100,100081,100,99930,100
2019-06-28 09:31:10.000000000,100015,194,99994,194,100029,294,99980,194,100034,194,99977,194,100051,194,99964,194,100061,200,99963,100,100065,100,99961,100,100068,100,99958,100,100069,100,99952,100,100081,100,99938,100,100098,100,99930,100
2019-06-28 09:31:19.188620648,100015,94,99994,194,100029,294,99980,194,100034,194,99977,194,100051,194,99964,194,100061,200,99963,100,100065,100,99961,100,100068,100,99958,100,100069,100,99952,100,100081,100,99938,100,100098,100,99930,100
2019-06-28 09:31:20.000000000,100029,275,99994,175,100034,175,99980,175,100051,175,99977,175,100061,275,99964,175,100065,175,99963,175,100068,100,99961,100,100069,100,99958,100,100081,100,99952,100,100098,100,99938,100,100119,100,99930,100
2019-06-28 09:31:22.977321269,100029,175,99994,175,100034,175,99980,175,100051,175,99977,175,100061,275,99964,175,100065,175,99963,175,100068,100,99961,100,100069,100,99958,100,100081,100,99952,100,100098,100,99938,100,100119,100,99930,100
2019-06-28 09:31:30.000000000,100029,476,99994,476,100034,100,99980,100,100051,100,99977,100,100061,200,99964,100,100065,100,99963,100,100068,100,99961,100,100069,100,99958,100,100081,100,99952,100,100098,100,99938,100,100119,100,99930,100
2019-06-28 09:31:40.000000000,100029,288,99994,288,100034,288,99980,288,100051,100,99977,100,100061,200,99964,100,100065,100,99963,100,100068,100,99961,100,100069,100,99958,100,100081,100,99952,100,100098,100,99938,100,100119,100,99930,100
2019-06-28 09:31:50.000000000,100029,175,99994,175,100034,175,99980,175,100051,175,99977,175,100061,275,99964,175,100065,175,99963,175,100068,100,99961,100,100069,100,99958,100,100081,100,99952,100,100098,100,99938,100,100119,100,99930,100
2019-06-28 09:32:00.000000000,100029,288,99994,288,100034,288,99980,288,100051,100,99977,100,100061,200,99964,100,100065,100,99963,100,100068,100,99961,100,100069,100,99958,100,100081,100,99952,100,100098,100,99938,100,100119,100,99930,100
2019-06-28 09:32:01.948187995,100029,288,99994,288,100034,288,99980,288,100051,100,99977,100,100061,200,99964,100,100065,100,99963,100,100068,100,99961,100,100069,100,99958,100,100081,100,99952,100,100119,100,99938,100,100130,100,99930,100
2019-06-28 09:32:10.000000000,100029,194,99994,194,100034,194,99980,194,100051,194,99977,194,100061,294,99964,194,100065,100,99963,100,100068,100,99961,100,100069,100,99958,100,100081,100,99952,100,100119,100,99938,100,100130,100,99930,100
2019-06-28 09:32:11.682093733,100029,194,100015,100,100034,194,99994,194,100051,194,99980,194,100061,294,99977,194,100065,100,99964,194,100068,100,99963,100,100069,100,99961,100,100081,100,99958,100,100119,100,99952,100,100130,100,99938,100
2019-06-28 09:32:18.263481146,100029,194,100015,100,100034,194,99994,194,100051,194,99980,194,100061,194,99977,194,100065,100,99964,194,100068,100,99963,100,100069,100,99961,100,100081,100,99958,100,100119,100,99952,100,100130,100,99938,100
2019-06-28 09:32:20.000000000,100029,476,100015,476,100034,100,99994,100,100051,100,99980,100,100061,100,99977,100,100065,100,99964,100,100068,100,99963,100,100069,100,99961,100,100081,100,99958,100,100119,100,99952,100,100130,100,99938,100
2019-06-28 09:32:26.627349621,100029,376,100015,476,100034,100,99994,100,100051,100,99980,100,100061,100,99977,100,100065,100,99964,100,100068,100,99963,100,100069,100,99961,100,100119,100,99958,100,100130,100,99952,100,100141,100,99938,100
2019-06-28 09:32:30.000000000,100034,288,100015,288,100051,288,99994,288,100061,100,99980,100,100065,100,99977,100,100068,100,99964,100,100069,100,99963,100,100119,100,99961,100,100130,100,99958,100,100141,100,99952,100,100158,100,99938,100
2019-06-28 09:32:40.000000000,100034,288,100015,288,100051,288,99994,288,100061,100,99980,100,100065,100,99977,100,100068,100,99964,100,100069,100,99963,100,100119,100,99961,100,100130,100,99958,100,100141,100,99952,100,100158,100,99938,100
2019-06-28 09:32:43.072751794,100034,288,100029,100,100051,288,100015,288,100061,100,99994,288,100065,100,99980,100,100068,100,99977,100,100069,100,99964,100,100119,100,99963,100,100130,100,99961,100,100141,100,99958,100,100158,100,99952,100
2019-06-28 09:32:44.759520351,100034,288,100029,200,100051,288,100015,288,100061,100,99994,288,100065,100,99980,100,100068,100,99977,100,100069,100,99964,100,100119,100,99963,100,100130,100,99961,100,100141,100,99958,100,100158,100,99952,100
2019-06-28 09:32:50.000000000,100034,194,100029,294,100051,194,100015,194,100061,194,99994,194,100065,194,99980,194,100068,100,99977,100,100069,100,99964,100,100119,100,99963,100,100130,100,99961,100,100141,100,99958,100,100158,100,99952,100
2019-06-28 09:33:00.000000000,100034,288,100029,388,100051,288,100015,288,100061,100,99994,100,100065,100,99980,100,100068,100,99977,100,100069,100,99964,100,100119,100,99963,100,100130,100,99961,100,100141,100,99958,100,100158,100,99952,100
2019-06-28 09:33:10.000000000,100034,228,100029,328,100051,224,100015,224,100061,224,99994,224,100065,100,99980,100,100068,100,99977,100,100069,100,99964,100,100119,100,99963,100,100130,100,99961,100,100141,100,99958,100,100158,100,99952,100
2019-06-28 09:33:20.000000000,100034,194,100029,294,100051,194,100015,194,100061,194,99994,194,100065,194,99980,194,100068,100,99977,100,100069,100,99964,100,100119,100,99963,100,100130,100,99961,100,100141,100,99958,100,100158,100,99952,100
2019-06-28 09:33:30.000000000,100034,288,100029,388,100051,288,100015,288,100061,100,99994,100,100065,100,99980,100,100068,100,99977,100,100069,100,99964,100,100119,100,99963,100,100130,100,99961,100,100141,100,99958,100,100158,100,99952,100
2019-06-28 09:33:40.000000000,100034,194,100029,294,100051,194,100015,194,100061,194,99994,194,100065,194,99980,194,100068,100,99977,100,100069,100,99964,100,100119,100,99963,100,100130,100,99961,100,100141,100,99958,100,100158,100,99952,100
2019-06-28 09:33:49.917748487,100034,194,100029,294,100051,194,100015,194,100061,194,99994,194,100065,194,99980,194,100068,100,99977,100,100069,100,99964,100,100119,100,99963,100,100130,100,99961,100,100141,100,99958,100,100158,100,99952,100
2019-06-28 09:33:50.000000000,100034,228,100029,328,100051,224,100015,224,100061,224,99994,224,100065,100,99980,100,100068,100,99977,100,100069,100,99964,100,100119,100,99963,100,100130,100,99961,100,100141,100,99958,100,100158,100,99952,100
2019-06-28 09:33:56.614717421,100034,228,100029,428,100051,224,100015,224,100061,224,99994,224,100065,100,99980,100,100068,100,99977,100,100069,100,99964,100,100119,100,99963,100,100130,100,99961,100,100141,100,99958,100,100158,100,99952,100
2019-06-28 09:34:00.000000000,100034,194,100029,394,100051,194,100015,194,100061,194,99994,194,100065,194,99980,194,100068,100,99977,100,100069,100,99964,100,100119,100,99963,100,100130,100,99961,100,100141,100,99958,100,100158,100,99952,100
2019-06-28 09:34:01.443105285,100034,194,100029,394,100051,194,100015,194,100061,194,99994,194,100065,194,99980,194,100068,100,99964,100,100069,100,99963,100,100119,100,99961,100,100130,100,99958,100,100141,100,99952,100,100158,100,99938,100
2019-06-28 09:34:10.000000000,100034,175,100029,375,100051,175,100015,175,100061,175,99994,175,100065,175,99980,175,100068,175,99964,175,100069,100,99963,100,100119,100,99961,100,100130,100,99958,100,100141,100,99952,100,100158,100,99938,100
2019-06-28 09:34:20.000000000,100034,194,100029,394,100051,194,100015,194,100061,194,99994,194,100065,194,99980,194,100068,100,99964,100,100069,100,99963,100,100119,100,99961,100,100130,100,99958,100,100141,100,99952,100,100158,100,99938,100
2019-06-28 09:34:21.298416200,100034,194,100029,494,100051,194,100015,194,100061,194,99994,194,100065,194,99980,194,100068,100,99964,100,100069,100,99963,100,100119,100,99961,100,100130,100,99958,100,100141,100,99952,100,100158,100,99938,100
2019-06-28 09:34:30.000000000,100034,175,100029,475,100051,175,100015,175,100061,175,99994,175,100065,175,99980,175,100068,175,99964,175,100069,100,99963,100,100119,100,99961,100,100130,100,99958,100,100141,100,99952,100,100158,100,99938,100
2019-06-28 09:34:37.654026183,100034,175,100029,475,100051,175,100015,175,100061,175,99994,175,100065,175,99980,175,100068,175,99964,175,100069,100,99963,100,100119,100,99961,100,100130,100,99958,100,100141,100,99952,100,100158,100,99938,100
2019-06-28 09:34:40.000000000,100034,175,100029,475,100051,175,100015,175,100061,175,99994,175,100065,175,99980,175,100068,175,99964,175,100069,100,99963,100,100119,100,99961,100,100130,100,99958,100,100141,100,99952,100,100158,100,99938,100
2019-06-28 09:34:41.876563295,100034,75,100029,475,100051,175,100015,175,100061,175,99994,175,100065,175,99980,175,100068,175,99964,175,100069,100,99963,100,100119,100,99961,100,100130,100,99958,100,100141,100,99952,100,100158,100,99938,100
2019-06-28 09:34:50.000000000,100051,194,100029,494,100061,194,100015,194,100065,194,99994,194,100068,194,99980,194,100069,100,99964,100,100119,100,99963,100,100130,100,99961,100,100141,100,99958,100,100158,100,99952,100,100167,100,99938,100
2019-06-28 09:35:00.000000000,100051,175,100029,475,100061,175,100015,175,100065,175,99994,175,100068,175,99980,175,100069,175,99964,175,100119,100,99963,100,100130,100,99961,100,100141,100,99958,100,100158,100,99952,100,100167,100,99938,100
2019-06-28 09:35:10.000000000,100051,288,100029,588,100061,288,100015,288,100065,100,99994,100,100068,100,99980,100,100069,100,99964,100,100119,100,99963,100,100130,100,99961,100,100141,100,99958,100,100158,100,99952,100,100167,100,99938,100
2019-06-28 09:35:20.000000000,100051,288,100029,588,100061,288,100015,288,100065,100,99994,100,100068,100,99980,100,100069,100,99964,100,100119,100,99963,100,100130,100,99961,100,100141,100,99958,100,100158,100,99952,100,100167,100,99938,100
2019-06-28 09:35:30.000000000,100051,288,100029,588,100061,288,100015,288,100065,100,99994,100,100068,100,99980,100,100069,100,99964,100,100119,100,99963,100,100130,100,99961,100,100141,100,99958,100,100158,100,99952,100,100167,100,99938,100
2019-06-28 09:35:38.124726123,100051,288,100029,588,100061,288,100015,288,100065,100,99994,100,100068,100,99980,100,100069,100,99964,100,100119,100,99963,100,100130,100,99961,100,100141,100,99958,100,100158,100,99952,100,100167,100,99938,100
2019-06-28 09:35:40.000000000,100051,476,100029,776,100061,100,100015,100,100065,100,99994,100,100068,100,99980,100,100069,100,99964,100,100119,100,99963,100,100130,100,99961,100,100141,100,99958,100,100158,100,99952,100,100167,100,99938,100
2019-06-28 09:35:50.000000000,100051,476,100029,776,100061,100,100015,100,100065,100,99994,100,100068,100,99980,100,100069,100,99964,100,100119,100,99963,100,100130,100,99961,100,100141,100,99958,100,100158,100,99952,100,100167,100,99938,100
2019-06-28 09:36:00.000000000,100051,194,100029,494,100061,194,100015,194,100065,194,99994,194,100068,194,99980,194,100069,100,99964,100,100119,100,99963,100,100130,100,99961,100,100141,100,99958,100,100158,100,99952,100,100167,100,99938,100
2019-06-28 09:36:09.517824362,100051,194,100029,494,100061,194,100015,194,100065,194,99994,194,100068,194,99980,194,100069,100,99964,100,100119,100,99963,100,100130,100,99961,100,100158,100,99958,100,100167,100,99952,100,100179,100,99938,100
2019-06-28 09:36:10.000000000,100051,175,100029,475,100061,175,100015,175,100065,175,99994,175,100068,175,99980,175,100069,175,99964,175,100119,100,99963,100,100130,100,99961,100,100158,100,99958,100,100167,100,99952,100,100179,100,99938,100
2019-06-28 09:36:20.000000000,100051,288,100029,588,100061,288,100015,288,100065,100,99994,100,100068,100,99980,100,100069,100,99964,100,100119,100,99963,100,100130,100,99961,100,100158,100,99958,100,100167,100,99952,100,100179,100,99938,100
2019-06-28 09:36:30.000000000,100051,288,100029,588,100061,288,100015,288,100065,100,99994,100,100068,100,99980,100,100069,100,99964,100,100119,100,99963,100,100130,100,99961,100,100158,100,99958,100,100167,100,99952,100,100179,100,99938,100
2019-06-28 09:36:40.000000000,100051,228,100029,528,100061,224,100015,224,100065,224,99994,224,100068,100,99980,100,100069,100,99964,100,100119,100,99963,100,100130,100,99961,100,100158,100,99958,100,100167,100,99952,100,100179,100,99938,100
2019-06-28 09:36:50.000000000,100051,288,100029,588,100061,288,100015,288,100065,100,99994,100,100068,100,99980,100,100069,100,99964,100,100119,100,99963,100,100130,100,99961,100,100158,100,99958,100,100167,100,99952,100,100179,100,99938,100
2019-06-28 09:37:00.000000000,100051,476,100029,776,100061,100,100015,100,100065,100,99994,100,100068,100,99980,100,100069,100,99964,100,100119,100,99963,100,100130,100,99961,100,100158,100,99958,100,100167,100,99952,100,100179,100,99938,100
2019-06-28 09:37:10.000000000,100051,288,100029,588,100061,288,100015,288,100065,100,99994,100,100068,100,99980,100,100069,100,99964,100,100119,100,99963,100,100130,100,99961,100,100158,100,99958,100,100167,100,99952,100,100179,100,99938,100
2019-06-28 09:37:18.504315545,100051,188,100029,588,100061,288,100015,288,100065,100,99994,100,100068,100,99980,100,100069,100,99964,100,100119,100,99963,100,100130,100,99961,100,100158,100,99958,100,100167,100,99952,100,100179,100,99938,100
2019-06-28 09:37:20.000000000,100061,228,100029,528,100065,224,100015,224,100068,224,99994,224,100069,100,99980,100,100119,100,99964,100,100130,100,99963,100,100158,100,99961,100,100167,100,99958,100,100179,100,99952,100,100301,100,99938,100
2019-06-28 09:37:24.074079447,100061,128,100029,528,100065,224,100015,224,100068,224,99994,224,100069,100,99980,100,100119,100,99964,100,100130,100,99963,100,100158,100,99961,100,100167,100,99958,100,100179,100,99952,100,100301,100,99938,100
2019-06-28 09:37:30.000000000,100065,175,100029,475,100068,175,100015,175,100069,175,99994,175,100119,175,99980,175,100130,175,99964,175,100158,100,99963,100,100167,100,99961,100,100179,100,99958,100,100301,100,99952,100,100345,100,99938,100
2019-06-28 09:37:37.541398872,100065,175,100029,375,100068,175,100015,175,100069,175,99994,175,100119,175,99980,175,100130,175,99964,175,100158,100,99963,100,100167,100,99961,100,100179,100,99958,100,100301,100,99952,100,100345,100,99938,100
2019-06-28 09:37:40.000000000,100065,175,100029,375,100068,175,100015,175,100069,175,99994,175,100119,175,99980,175,100130,175,99964,175,100158,100,99963,100,100167,100,99961,100,100179,100,99958,100,100301,100,99952,100,100345,100,99938,100
2019-06-28 09:37:48.559965527,100065,175,100029,375,100068,175,100015,175,100069,175,99994,175,100119,175,99980,175,100130,175,99964,175,100158,100,99963,100,100167,100,99961,100,100179,100,99958,100,100301,100,99952,100,100345,100,99938,100
2019-06-28 09:37:50.000000000,100065,194,100029,394,100068,194,100015,194,100069,194,99994,194,100119,194,99980,194,100130,100,99964,100,100158,100,99963,100,100167,100,99961,100,100179,100,99958,100,100301,100,99952,100,100345,100,99938,100
2019-06-28 09:37:53.694623597,100065,194,100029,394,100068,194,100015,194,100069,194,99994,194,100119,194,99980,194,100130,100,99964,100,100158,100,99963,100,100167,100,99961,100,100179,100,99958,100,100345,100,99952,100,100568,100,99938,100
2019-06-28 09:38:00.000000000,100065,175,100029,375,100068,175,100015,175,100069,175,99994,175,100119,175,99980,175,100130,175,99964,175,100158,100,99963,100,100167,100,99961,100,100179,100,99958,100,100345,100,99952,100,100568,100,99938,100
2019-06-28 09:38:01.026828176,100065,75,100029,375,100068,175,100015,175,100069,175,99994,175,100119,175,99980,175,100130,175,99964,175,100158,100,99963,100,100167,100,99961,100,100179,100,99958,100,100345,100,99938,100,100568,100,99930,100
2019-06-28 09:38:10.000000000,100068,288,100029,488,100069,288,100015,288,100119,100,99994,100,100130,100,99980,100,100158,100,99964,100,100167,100,99963,100,100179,100,99961,100,100345,100,99958,100,100568,100,99938,100,100654,100,99930,100
2019-06-28 09:38:11.393165557,100068,188,100029,488,100069,288,100015,288,100119,100,99994,100,100130,100,99980,100,100158,100,99964,100,100167,100,99963,100,100179,100,99961,100,100345,100,99958,100,100568,100,99938,100,100654,100,99930,100
2019-06-28 09:38:20.000000000,100069,288,100029,488,100119,288,100015,288,100130,100,99994,100,100158,100,99980,100,100167,100,99964,100,100179,100,99963,100,100345,100,99961,100,100568,100,99958,100,100654,100,99938,100,100900,100,99930,100
2019-06-28 09:38:26.698569900,100069,188,100029,488,100119,288,100015,288,100130,100,99994,100,100158,100,99980,100,100167,100,99964,100,100179,100,99961,100,100345,100,99958,100,100568,100,99938,100,100654,100,99930,100,100900,100,99928,100
2019-06-28 09:38:30.000000000,100119,175,100029,375,100130,175,100015,175,100158,175,99994,175,100167,175,99980,175,100179,175,99964,175,100345,100,99961,100,100568,100,99958,100,100654,100,99938,100,100900,100,99930,100,100932,100,99928,100
2019-06-28 09:38:32.510734733,100119,175,100068,100,100130,175,100029,375,100158,175,100015,175,100167,175,99994,175,100179,175,99980,175,100345,100,99964,175,100568,100,99961,100,100654,100,99958,100,100900,100,99938,100,100932,100,99930,100
2019-06-28 09:38:39.413613348,100119,175,100068,200,100130,175,100029,375,100158,175,100015,175,100167,175,99994,175,100179,175,99980,175,100345,100,99964,175,100568,100,99961,100,100654,100,99958,100,100900,100,99938,100,100932,100,99930,100
2019-06-28 09:38:40.000000000,100119,194,100068,294,100130,194,100029,394,100158,194,100015,194,100167,194,99994,194,100179,100,99980,100,100345,100,99964,100,100568,100,99961,100,100654,100,99958,100,100900,100,99938,100,100932,100,99930,100
2019-06-28 09:38:43.875650896,100119,94,100068,294,100130,194,100029,394,100158,194,100015,194,100167,194,99994,194,100179,100,99980,100,100345,100,99964,100,100568,100,99961,100,100654,100,99958,100,100900,100,99938,100,100932,100,99930,100
2019-06-28 09:38:50.000000000,100130,476,100068,576,100158,100,100029,300,100167,100,100015,100,100179,100,99994,100,100345,100,99980,100,100568,100,99964,100,100654,100,99961,100,100900,100,99958,100,100932,100,99938,100,100983,100,99930,100
2019-06-28 09:38:52.543261950,100130,376,100068,576,100158,100,100029,300,100167,100,100015,100,100179,100,99994,100,100345,100,99980,100,100568,100,99964,100,100654,100,99961,100,100900,100,99958,100,100932,100,99938,100,100983,100,99930,100
2019-06-28 09:38:56.683615922,100130,376,100068,576,100158,100,100029,300,100167,100,100015,100,100179,100,99994,100,100345,100,99980,100,100568,100,99964,100,100654,100,99961,100,100900,100,99958,100,100932,100,99938,100,100983,100,99930,100
2019-06-28 09:39:00.000000000,100158,288,100068,388,100167,288,100029,488,100179,100,100015,100,100345,100,99994,100,100568,100,99980,100,100654,100,99964,100,100900,100,99961,100,100932,100,99958,100,100983,100,99938,100,101083,100,99930,100
2019-06-28 09:39:10.000000000,100158,194,100068,294,100167,194,100029,394,100179,194,100015,194,100345,194,99994,194,100568,100,99980,100,100654,100,99964,100,100900,100,99961,100,100932,100,99958,100,100983,100,99938,100,101083,100,99930,100
2019-06-28 09:39:20.000000000,100158,194,100068,294,100167,194,100029,394,100179,194,100015,194,100345,194,99994,194,100568,100,99980,100,100654,100,99964,100,100900,100,99961,100,100932,100,99958,100,100983,100,99938,100,101083,100,99930,100
2019-06-28 09:39:30.000000000,100158,476,100068,576,100167,100,100029,300,100179,100,100015,100,100345,100,99994,100,100568,100,99980,100,100654,100,99964,100,100900,100,99961,100,100932,100,99958,100,100983,100,99938,100,101083,100,99930,100
2019-06-28 09:39:40.000000000,100158,194,100068,294,100167,194,100029,394,100179,194,100015,194,100345,194,99994,194,100568,100,99980,100,100654,100,99964,100,100900,100,99961,100,100932,100,99958,100,100983,100,99938,100,101083,100,99930,100
2019-06-28 09:39:46.084553231,100158,194,100068,294,100167,194,100029,394,100179,194,100015,194,100345,194,99994,194,100568,100,99980,100,100654,100,99964,100,100669,100,99961,100,100900,100,99958,100,100932,100,99938,100,100983,100,99930,100
2019-06-28 09:39:50.000000000,100158,194,100068,294,100167,194,100029,394,100179,194,100015,194,100345,194,99994,194,100568,100,99980,100,100654,100,99964,100,100669,100,99961,100,100900,100,99958,100,100932,100,99938,100,100983,100,99930,100
2019-06-28 09:40:00.000000000,100158,194,100068,294,100167,194,100029,394,100179,194,100015,194,100345,194,99994,194,100568,100,99980,100,100654,100,99964,100,100669,100,99961,100,100900,100,99958,100,100932,100,99938,100,100983,100,99930,100
2019-06-28 09:40:00.304824988,100158,194,100119,100,100167,194,100068,294,100179,194,100029,394,100345,194,100015,194,100568,100,99994,194,100654,100,99980,100,100669,100,99964,100,100900,100,99961,100,100932,100,99958,100,100983,100,99938,100
2019-06-28 09:40:00.763471750,100158,194,100120,100,100167,194,100119,100,100179,194,100068,294,100345,194,100029,394,100568,100,100015,194,100654,100,99994,194,100669,100,99980,100,100900,100,99964,100,100932,100,99961,100,100983,100,99958,100
2019-06-28 09:40:10.000000000,100158,288,100120,288,100167,288,100119,288,100179,100,100068,200,100345,100,100029,300,100568,100,100015,100,100654,100,99994,100,100669,100,99980,100,100900,100,99964,100,100932,100,99961,100,100983,100,99958,100
2019-06-28 09:40:20.000000000,100158,194,100120,194,100167,194,100119,194,100179,194,100068,294,100345,194,100029,394,100568,100,100015,100,100654,100,99994,100,100669,100,99980,100,100900,100,99964,100,100932,100,99961,100,100983,100,99958,100
2019-06-28 09:40:30.000000000,100158,175,100120,175,100167,175,100119,175,100179,175,100068,275,100345,175,100029,375,100568,175,100015,175,100654,100,99994,100,100669,100,99980,100,100900,100,99964,100,100932,100,99961,100,100983,100,99958,100
2019-06-28 09:40:38.379144697,100158,175,100120,75,100167,175,100119,175,100179,175,100068,275,100345,175,100029,375,100568,175,100015,175,100654,100,99994,100,100669,100,99980,100,100900,100,99964,100,100932,100,99961,100,100983,100,99958,100
2019-06-28 09:40:40.000000000,100158,476,100119,476,100167,100,100068,200,100179,100,100029,300,100345,100,100015,100,100568,100,99994,100,100654,100,99980,100,100669,100,99964,100,100900,100,99961,100,100932,100,99958,100,100983,100,99938,100
2019-06-28 09:40:41.135083985,100158,476,100119,376,100167,100,100068,200,100179,100,100029,300,100345,100,100015,100,100568,100,99994,100,100654,100,99980,100,100669,100,99964,100,100900,100,99958,100,100932,100,99938,100,100983,100,99930,100
2019-06-28 09:40:50.000000000,100158,476,100068,576,100167,100,100029,300,100179,100,100015,100,100345,100,99994,100,100568,100,99980,100,100654,100,99964,100,100669,100,99958,100,100900,100,99938,100,100932,100,99930,100,100983,100,99928,100
2019-06-28 09:41:00.000000000,100158,175,100068,275,100167,175,100029,375,100179,175,100015,175,100345,175,99994,175,100568,175,99980,175,100654,100,99964,100,100669,100,99958,100,100900,100,99938,100,100932,100,99930,100,100983,100,99928,100
2019-06-28 09:41:10.000000000,100158,288,100068,388,100167,288,100029,488,100179,100,100015,100,100345,100,99994,100,100568,100,99980,100,100654,100,99964,100,100669,100,99958,100,100900,100,99938,100,100932,100,99930,100,100983,100,99928,100
2019-06-28 09:41:17.183710816,100158,288,100068,288,100167,188,100029,488,100179,100,100015,100,100345,100,99994,100,100568,100,99980,100,100654,100,99964,100,100669,100,99958,100,100900,100,99938,100,100932,100,99930,100,100983,100,99928,100
2019-06-28 09:41:20.000000000,100158,228,100068,228,100179,224,100029,424,100345,224,100015,224,100568,100,99994,100,100654,100,99980,100,100669,100,99964,100,100900,100,99958,100,100932,100,99938,100,100983,100,99930,100,101083,100,99928,100
2019-06-28 09:41:23.669170248,100158,228,100068,128,100179,224,100029,424,100345,224,100015,224,100568,100,99994,100,100654,100,99980,100,100669,100,99964,100,100900,100,99958,100,100932,100,99938,100,100983,100,99928,100,101083,100,99920,100
2019-06-28 09:41:30.000000000,100158,175,100029,375,100179,175,100015,175,100345,175,99994,175,100568,175,99980,175,100654,175,99964,175,100669,100,99958,100,100900,100,99938,100,100932,100,99928,100,100983,100,99920,100,101083,100,99911,100
2019-06-28 09:41:37.852305347,100068,100,100029,375,100158,175,100015,175,100179,175,99994,175,100345,175,99980,175,100568,175,99964,175,100654,175,99958,100,100669,100,99938,100,100900,100,99928,100,100932,100,99920,100,100983,100,99911,100
2019-06-28 09:41:40.000000000,100068,228,100029,428,100158,224,100015,224,100179,224,99994,224,100345,100,99980,100,100568,100,99964,100,100654,100,99958,100,100669,100,99938,100,100900,100,99928,100,100932,100,99920,100,100983,100,99911,100
2019-06-28 09:41:49.256600315,100068,228,100029,428,100158,124,100015,224,100179,224,99994,224,100345,100,99980,100,100568,100,99964,100,100654,100,99958,100,100669,100,99938,100,100900,100,99928,100,100932,100,99920,100,100983,100,99911,100
2019-06-28 09:41:50.000000000,100068,476,100029,676,100179,100,100015,100,100345,100,99994,100,100568,100,99980,100,100654,100,99964,100,100669,100,99958,100,100900,100,99938,100,100932,100,99928,100,100983,100,99920,100,101083,100,99911,100
2019-06-28 09:41:51.138130115,100068,476,100029,676,100179,100,100015,100,100345,100,99994,100,100654,100,99980,100,100669,100,99964,100,100900,100,99958,100,100932,100,99938,100,100983,100,99928,100,101083,100,99920,100,101376,100,99911,100
2019-06-28 09:41:56.747862117,100068,476,100029,576,100179,100,100015,100,100345,100,99994,100,100654,100,99980,100,100669,100,99964,100,100900,100,99958,100,100932,100,99938,100,100983,100,99928,100,101083,100,99920,100,101376,100,99911,100
2019-06-28 09:42:00.000000000,100068,228,100029,328,100179,224,100015,224,100345,224,99994,224,100654,100,99980,100,100669,100,99964,100,100900,100,99958,100,100932,100,99938,100,100983,100,99928,100,101083,100,99920,100,101376,100,99911,100
2019-06-28 09:42:10.000000000,100068,175,100029,275,100179,175,100015,175,100345,175,99994,175,100654,175,99980,175,100669,175,99964,175,100900,100,99958,100,100932,100,99938,100,100983,100,99928,100,101083,100,99920,100,101376,100,99911,100
2019-06-28 09:42:20.000000000,100068,228,100029,328,100179,224,100015,224,100345,224,99994,224,100654,100,99980,100,100669,100,99964,100,100900,100,99958,100,100932,100,99938,100,100983,100,99928,100,101083,100,99920,100,101376,100,99911,100
2019-06-28 09:42:24.675122294,100068,228,100029,328,100179,224,100015,224,100345,224,99994,224,100654,100,99980,100,100669,100,99964,100,100900,100,99958,100,100932,100,99938,100,100983,100,99928,100,101083,100,99920,100,101376,100,99911,100
2019-06-28 09:42:30.000000000,100068,288,100029,388,100179,288,100015,288,100345,100,99994,100,100654,100,99980,100,100669,100,99964,100,100900,100,99958,100,100932,100,99938,100,100983,100,99928,100,101083,100,99920,100,101376,100,99911,100
2019-06-28 09:42:35.588922596,100068,288,100029,288,100179,288,100015,288,100345,100,99994,100,100654,100,99980,100,100669,100,99964,100,100900,100,99958,100,100932,100,99938,100,100983,100,99928,100,101083,100,99920,100,101376,100,99911,100
2019-06-28 09:42:40.000000000,100068,194,100029,194,100179,194,100015,194,100345,194,99994,194,100654,194,99980,194,100669,100,99964,100,100900,100,99958,100,100932,100,99938,100,100983,100,99928,100,101083,100,99920,100,101376,100,99911,100
2019-06-28 09:42:50.000000000,100068,288,100029,288,100179,288,100015,288,100345,100,99994,100,100654,100,99980,100,100669,100,99964,100,100900,100,99958,100,100932,100,99938,100,100983,100,99928,100,101083,100,99920,100,101376,100,99911,100
2019-06-28 09:42:59.240224650,100068,288,100029,288,100149,100,100015,288,100179,288,99994,100,100345,100,99980,100,100654,100,99964,100,100669,100,99958,100,100900,100,99938,100,100932,100,99928,100,100983,100,99920,100,101083,100,99911,100
2019-06-28 09:43:00.000000000,100068,476,100029,476,100149,100,100015,100,100179,100,99994,100,100345,100,99980,100,100654,100,99964,100,100669,100,99958,100,100900,100,99938,100,100932,100,99928,100,100983,100,99920,100,101083,100,99911,100
2019-06-28 09:43:10.000000000,100068,194,100029,194,100149,194,100015,194,100179,194,99994,194,100345,194,99980,194,100654,100,99964,100,100669,100,99958,100,100900,100,99938,100,100932,100,99928,100,100983,100,99920,100,101083,100,99911,100
2019-06-28 09:43:14.069536719,100068,194,100029,194,100149,194,100015,194,100179,194,99994,194,100345,194,99980,194,100654,100,99964,100,100669,100,99958,100,100900,100,99938,100,100932,100,99928,100,100983,100,99920,100,101083,100,99911,100
2019-06-28 09:43:20.000000000,100068,476,100029,476,100149,100,100015,100,100179,100,99994,100,100345,100,99980,100,100654,100,99964,100,100669,100,99958,100,100900,100,99938,100,100932,100,99928,100,100983,100,99920,100,101083,100,99911,100
2019-06-28 09:43:22.957602007,100068,476,100029,476,100097,100,100015,100,100149,100,99994,100,100179,100,99980,100,100345,100,99964,100,100654,100,99958,100,100669,100,99938,100,100932,100,99928,100,100983,100,99920,100,101083,100,99911,100
2019-06-28 09:43:30.000000000,100068,476,100029,476,100097,100,100015,100,100149,100,99994,100,100179,100,99980,100,100345,100,99964,100,100654,100,99958,100,100669,100,99938,100,100932,100,99928,100,100983,100,99920,100,101083,100,99911,100
2019-06-28 09:43:40.000000000,100068,228,100029,228,100097,224,100015,224,100149,224,99994,224,100179,100,99980,100,100345,100,99964,100,100654,100,99958,100,100669,100,99938,100,100932,100,99928,100,100983,100,99920,100,101083,100,99911,100
2019-06-28 09:43:41.423411596,100068,228,100029,128,100097,224,100015,224,100149,224,99994,224,100179,100,99980,100,100345,100,99964,100,100654,100,99958,100,100669,100,99938,100,100932,100,99928,100,100983,100,99920,100,101083,100,99911,100
2019-06-28 09:43:45.070437724,100068,228,100029,28,100097,224,100015,224,100149,224,99994,224,100179,100,99980,100,100345,100,99964,100,100654,100,99958,100,100669,100,99938,100,100932,100,99928,100,100983,100,99920,100,101376,100,99911,100
2019-06-28 09:43:46.282796909,100029,72,100015,224,100068,228,99994,224,100097,224,99980,100,100149,224,99964,100,100179,100,99958,100,100345,100,99938,100,100654,100,99928,100,100669,100,99920,100,100932,100,99911,100,100983,100,99874,100
2019-06-28 09:43:47.390975239,100068,228,100029,28,100097,224,100015,224,100149,224,99994,224,100179,100,99980,100,100345,100,99964,100,100654,100,99958,100,100669,100,99938,100,100932,100,99928,100,100983,100,99920,100,101376,100,99911,100
2019-06-28 09:43:50.000000000,100068,476,100029,404,100097,100,100015,100,100149,100,99994,100,100179,100,99980,100,100345,100,99964,100,100654,100,99958,100,100669,100,99938,100,100932,100,99928,100,100983,100,99920,100,101376,100,99911,100
2019-06-28 09:43:55.961912360,100068,476,100029,304,100097,100,100015,100,100149,100,99994,100,100179,100,99980,100,100345,100,99964,100,100654,100,99958,100,100669,100,99938,100,100932,100,99928,100,100983,100,99920,100,101376,100,99911,100
2019-06-28 09:44:00.000000000,100068,476,100015,476,100097,100,99994,100,100149,100,99980,100,100179,100,99964,100,100345,100,99958,100,100654,100,99938,100,100669,100,99928,100,100932,100,99920,100,100983,100,99911,100,101376,100,99874,100
2019-06-28 09:44:10.000000000,100068,175,100015,175,100097,175,99994,175,100149,175,99980,175,100179,175,99964,175,100345,175,99958,175,100654,100,99938,100,100669,100,99928,100,100932,100,99920,100,100983,100,99911,100,101376,100,99874,100
2019-06-28 09:44:19.059338681,100068,175,100015,75,100097,175,99994,175,100149,175,99980,175,100179,175,99964,175,100345,175,99958,175,100654,100,99938,100,100669,100,99928,100,100932,100,99920,100,100983,100,99911,100,101376,100,99874,100
2019-06-28 09:44:20.000000000,100068,288,99994,288,100097,288,99980,288,100149,100,99964,100,100179,100,99958,100,100345,100,99938,100,100654,100,99928,100,100669,100,99920,100,100932,100,99911,100,100983,100,99874,100,101376,100,99870,100
2019-06-28 09:44:30.000000000,100068,288,99994,288,100097,288,99980,288,100149,100,99964,100,100179,100,99958,100,100345,100,99938,100,100654,100,99928,100,100669,100,99920,100,100932,100,99911,100,100983,100,99874,100,101376,100,99870,100
2019-06-28 09:44:40.000000000,100068,175,99994,175,100097,175,99980,175,100149,175,99964,175,100179,175,99958,175,100345,175,99938,175,100654,100,99928,100,100669,100,99920,100,100932,100,99911,100,100983,100,99874,100,101376,100,99870,100
2019-06-28 09:44:48.861917416,100068,75,99994,175,100097,175,99980,175,100149,175,99964,175,100179,175,99958,175,100345,175,99938,175,100654,100,99928,100,100669,100,99920,100,100932,100,99911,100,100983,100,99874,100,101376,100,99870,100
2019-06-28 09:44:50.000000000,100097,175,99994,175,100149,175,99980,175,100179,175,99964,175,100345,175,99958,175,100654,175,99938,175,100669,100,99928,100,100932,100,99920,100,100983,100,99911,100,101376,100,99874,100,101483,100,99870,100
2019-06-28 09:44:52.642297122,100097,75,99994,175,100149,175,99980,175,100179,175,99964,175,100345,175,99958,175,100654,75,99938,175,100669,100,99928,100,100932,100,99920,100,100983,100,99911,100,101376,100,99874,100,101483,100,99870,100
2019-06-28 09:45:00.000000000,100149,476,99994,476,100179,100,99980,100,100345,100,99964,100,100669,100,99958,100,100932,100,99938,100,100983,100,99928,100,101376,100,99920,100,101483,100,99911,100,,,99874,100,,,99870,100
2019-06-28 09:45:00.907464522,100149,376,99994,476,100179,100,99980,100,100345,100,99964,100,100500,100,99958,100,100669,100,99938,100,100932,100,99928,100,100983,100,99920,100,101376,100,99911,100,101483,100,99874,100,,,99870,100
2019-06-28 09:45:10.000000000,100179,288,99994,288,100345,288,99980,288,100500,100,99964,100,100669,100,99958,100,100932,100,99938,100,100983,100,99928,100,101376,100,99920,100,101483,100,99911,100,,,99874,100,,,99870,100
2019-06-28 09:45:20.000000000,100179,288,99994,288,100345,288,99980,288,100500,100,99964,100,100669,100,99958,100,100932,100,99938,100,100983,100,99928,100,101376,100,99920,100,101483,100,99911,100,,,99874,100,,,99870,100
2019-06-28 09:45:23.699149728,100179,188,99994,288,100345,288,99980,288,100500,100,99964,100,100669,100,99958,100,100932,100,99938,100,100983,100,99928,100,101376,100,99920,100,101483,100,99911,100,,,99874,100,,,99870,100
2019-06-28 09:45:30.000000000,100345,228,99994,228,100500,224,99980,224,100669,224,99964,224,100932,100,99958,100,100983,100,99938,100,101376,100,99928,100,101483,100,99920,100,,,99911,100,,,99874,100,,,99870,100
2019-06-28 09:45:40.000000000,100345,228,99994,228,100500,224,99980,224,100669,224,99964,224,100932,100,99958,100,100983,100,99938,100,101376,100,99928,100,101483,100,99920,100,,,99911,100,,,99874,100,,,99870,100
2019-06-28 09:45:50.000000000,100345,175,99994,175,100500,175,99980,175,100669,175,99964,175,100932,175,99958,175,100983,175,99938,175,101376,100,99928,100,101483,100,99920,100,,,99911,100,,,99874,100,,,99870,100
2019-06-28 09:46:00.000000000,100345,288,99994,288,100500,288,99980,288,100669,100,99964,100,100932,100,99958,100,100983,100,99938,100,101376,100,99928,100,101483,100,99920,100,,,99911,100,,,99874,100,,,99870,100
2019-06-28 09:46:05.835738067,100345,288,99994,288,100500,288,99980,288,100669,100,99964,100,100932,100,99958,100,100983,100,99938,100,100990,100,99928,100,101376,100,99920,100,101483,100,99911,100,,,99874,100,,,99870,100
2019-06-28 09:46:10.000000000,100345,476,99994,476,100500,100,99980,100,100669,100,99964,100,100932,100,99958,100,100983,100,99938,100,100990,100,99928,100,101376,100,99920,100,101483,100,99911,100,,,99874,100,,,99870,100
2019-06-28 09:46:10.764606331,100345,476,100097,100,100500,100,99994,476,100669,100,99980,100,100932,100,99964,100,100983,100,99958,100,100990,100,99938,100,101376,100,99928,100,101483,100,99920,100,,,99911,100,,,99874,100
2019-06-28 09:46:16.988352035,100345,476,100097,200,100500,100,99994,476,100669,100,99980,100,100932,100,99964,100,100983,100,99958,100,100990,100,99938,100,101376,100,99928,100,101483,100,99920,100,,,99911,100,,,99874,100
2019-06-28 09:46:20.000000000,100345,175,100097,275,100500,175,99994,175,100669,175,99980,175,100932,175,99964,175,100983,175,99958,175,100990,100,99938,100,101376,100,99928,100,101483,100,99920,100,,,99911,100,,,99874,100
2019-06-28 09:46:25.553403420,100345,75,100097,275,100500,175,99994,175,100669,175,99980,175,100932,175,99964,175,100983,175,99958,175,100990,100,99938,100,101376,100,99928,100,101483,100,99920,100,,,99911,100,,,99874,100
2019-06-28 09:46:30.000000000,100500,476,100097,576,100669,100,99994,100,100932,100,99980,100,100983,100,99964,100,100990,100,99958,100,101376,100,99938,100,101483,100,99928,100,,,99920,100,,,99911,100,,,99874,100
2019-06-28 09:46:34.287287049,100500,376,100097,576,100669,100,99994,100,100932,100,99980,100,100983,100,99964,100,100990,100,99958,100,101376,100,99938,100,101483,100,99928,100,,,99920,100,,,99911,100,,,99874,100
2019-06-28 09:46:40.000000000,100669,175,100097,275,100932,175,99994,175,100983,175,99980,175,100990,175,99964,175,101376,175,99958,175,101483,100,99938,100,,,99928,100,,,99920,100,,,99911,100,,,99874,100
2019-06-28 09:46:50.000000000,100669,288,100097,388,100932,288,99994,288,100983,100,99980,100,100990,100,99964,100,101376,100,99958,100,101483,100,99938,100,,,99928,100,,,99920,100,,,99911,100,,,99874,100
2019-06-28 09:46:55.946169916,100669,288,100097,388,100932,288,99994,288,100983,100,99980,100,100990,100,99964,100,101208,100,99958,100,101376,100,99938,100,101483,100,99928,100,,,99920,100,,,99911,100,,,99874,100
2019-06-28 09:47:00.000000000,100669,288,100097,388,100932,288,99994,288,100983,100,99980,100,100990,100,99964,100,101208,100,99958,100,101376,100,99938,100,101483,100,99928,100,,,99920,100,,,99911,100,,,99874,100
2019-06-28 09:47:00.930650077,100669,188,100097,388,100932,288,99994,288,100983,100,99980,100,100990,100,99964,100,101376,100,99958,100,101483,100,99938,100,,,99928,100,,,99920,100,,,99911,100,,,99874,100
2019-06-28 09:47:10.000000000,100932,476,100097,576,100983,100,99994,100,100990,100,99980,100,101376,100,99964,100,101483,100,99958,100,,,99938,100,,,99928,100,,,99920,100,,,99911,100,,,99874,100
2019-06-28 09:47:20.000000000,100932,194,100097,294,100983,194,99994,194,100990,194,99980,194,101376,194,99964,194,101483,100,99958,100,,,99938,100,,,99928,100,,,99920,100,,,99911,100,,,99874,100
2019-06-28 09:47:21.157123635,100932,194,100097,294,100983,194,99994,194,100990,194,99980,194,101212,100,99964,194,101376,194,99958,100,101483,100,99938,100,,,99928,100,,,99920,100,,,99911,100,,,99874,100
2019-06-28 09:47:30.000000000,100932,194,100097,294,100983,194,99994,194,100990,194,99980,194,101212,194,99964,194,101376,100,99958,100,101483,100,99938,100,,,99928,100,,,99920,100,,,99911,100,,,99874,100
2019-06-28 09:47:40.000000000,100932,228,100097,328,100983,224,99994,224,100990,224,99980,224,101212,100,99964,100,101376,100,99958,100,101483,100,99938,100,,,99928,100,,,99920,100,,,99911,100,,,99874,100
2019-06-28 09:47:50.000000000,100932,476,100097,576,100983,100,99994,100,100990,100,99980,100,101212,100,99964,100,101376,100,99958,100,101483,100,99938,100,,,99928,100,,,99920,100,,,99911,100,,,99874,100
2019-06-28 09:48:00.000000000,100932,228,100097,328,100983,224,99994,224,100990,224,99980,224,101212,100,99964,100,101376,100,99958,100,101483,100,99938,100,,,99928,100,,,99920,100,,,99911,100,,,99874,100
2019-06-28 09:48:06.992445315,100932,228,100097,328,100983,224,99994,224,100990,224,99980,224,101212,100,99964,100,101376,100,99958,100,101483,100,99938,100,101656,100,99928,100,,,99920,100,,,99911,100,,,99874,100
2019-06-28 09:48:10.000000000,100932,228,100097,328,100983,224,99994,224,100990,224,99980,224,101212,100,99964,100,101376,100,99958,100,101483,100,99938,100,101656,100,99928,100,,,99920,100,,,99911,100,,,99874,100
2019-06-28 09:48:20.000000000,100932,288,100097,388,100983,288,99994,288,100990,100,99980,100,101212,100,99964,100,101376,100,99958,100,101483,100,99938,100,101656,100,99928,100,,,99920,100,,,99911,100,,,99874,100
2019-06-28 09:48:20.693886286,100932,288,100500,100,100983,288,100097,388,100990,100,99994,288,101212,100,99980,100,101376,100,99964,100,101483,100,99958,100,101656,100,99938,100,,,99928,100,,,99920,100,,,99911,100
2019-06-28 09:48:30.000000000,100932,476,100500,476,100983,100,100097,200,100990,100,99994,100,101212,100,99980,100,101376,100,99964,100,101483,100,99958,100,101656,100,99938,100,,,99928,100,,,99920,100,,,99911,100
2019-06-28 09:48:34.163098015,100932,376,100500,476,100983,100,100097,200,100990,100,99980,100,101212,100,99964,100,101376,100,99958,100,101483,100,99938,100,101656,100,99928,100,,,99920,100,,,99911,100,,,99874,100
2019-06-28 09:48:40.000000000,100983,476,100500,476,100990,100,100097,200,101212,100,99980,100,101376,100,99964,100,101483,100,99958,100,101656,100,99938,100,,,99928,100,,,99920,100,,,99911,100,,,99874,100
2019-06-28 09:48:50.000000000,100983,175,100500,175,100990,175,100097,275,101212,175,99980,175,101376,175,99964,175,101483,175,99958,175,101656,100,99938,100,,,99928,100,,,99920,100,,,99911,100,,,99874,100
2019-06-28 09:49:00.000000000,100983,228,100500,228,100990,224,100097,324,101212,224,99980,224,101376,100,99964,100,101483,100,99958,100,101656,100,99938,100,,,99928,100,,,99920,100,,,99911,100,,,99874,100
2019-06-28 09:49:05.076622208,100983,128,100500,228,100990,224,100097,324,101212,224,99980,224,101376,100,99964,100,101483,100,99958,100,101656,100,99938,100,,,99928,100,,,99920,100,,,99911,100,,,99874,100
2019-06-28 09:49:10.000000000,100990,175,100500,175,101212,175,100097,275,101376,175,99980,175,101483,175,99964,175,101656,175,99958,175,,,99938,100,,,99928,100,,,99920,100,,,99911,100,,,99874,100
2019-06-28 09:49:11.301731056,100982,100,100500,75,100990,175,100097,275,101212,175,99980,175,101376,175,99964,175,101483,175,99958,175,101656,175,99938,100,,,99928,100,,,99920,100,,,99911,100,,,99874,100
2019-06-28 09:49:20.000000000,100982,288,100097,388,100990,288,99980,288,101212,100,99964,100,101376,100,99958,100,101483,100,99938,100,101656,100,99928,100,,,99920,100,,,99911,100,,,99874,100,,,99870,100
2019-06-28 09:49:26.379620743,100982,288,100097,388,100990,288,99980,288,101003,100,99958,100,101212,100,99938,100,101376,100,99928,100,101483,100,99920,100,101656,100,99911,100,,,99874,100,,,99870,100,,,99847,100
2019-06-28 09:49:30.000000000,100982,288,100097,388,100990,288,99980,288,101003,100,99958,100,101212,100,99938,100,101376,100,99928,100,101483,100,99920,100,101656,100,99911,100,,,99874,100,,,99870,100,,,99847,100
2019-06-28 09:49:35.297265637,100982,288,100097,388,100990,288,99980,188,101003,100,99958,100,101047,100,99938,100,101212,100,99928,100,101376,100,99920,100,101483,100,99911,100,101656,100,99874,100,,,99870,100,,,99847,100
2019-06-28 09:49:40.000000000,100982,194,100097,294,100990,194,99958,194,101003,194,99938,194,101047,194,99928,194,101212,100,99920,100,101376,100,99911,100,101483,100,99874,100,101656,100,99870,100,,,99847,100,,,99829,100
2019-06-28 09:49:50.000000000,100982,476,100097,576,100990,100,99958,100,101003,100,99938,100,101047,100,99928,100,101212,100,99920,100,101376,100,99911,100,101483,100,99874,100,101656,100,99870,100,,,99847,100,,,99829,100
2019-06-28 09:50:00.000000000,100982,476,100097,576,100990,100,99958,100,101003,100,99938,100,101047,100,99928,100,101212,100,99920,100,101376,100,99911,100,101483,100,99874,100,101656,100,99870,100,,,99847,100,,,99829,100
2019-06-28 09:50:10.000000000,100982,175,100097,275,100990,175,99958,175,101003,175,99938,175,101047,175,99928,175,101212,175,99920,175,101376,100,99911,100,101483,100,99874,100,101656,100,99870,100,,,99847,100,,,99829,100
2019-06-28 09:50:14.212780951,100982,175,100809,100,100990,175,100097,275,101003,175,99958,175,101047,175,99938,175,101212,175,99928,175,101376,100,99920,175,101483,100,99874,100,101656,100,99870,100,,,99847,100,,,99829,100
2019-06-28 09:50:16.912167433,100982,175,100097,275,100990,175,99958,175,101003,175,99938,175,101047,175,99928,175,101212,175,99920,175,101376,100,99874,100,101483,100,99870,100,101656,100,99847,100,,,99728,100,,,,
2019-06-28 09:50:20.000000000,100982,476,100097,576,100990,100,99958,100,101003,100,99938,100,101047,100,99928,100,101212,100,99920,100,101376,100,99874,100,101483,100,99870,100,101656,100,99847,100,,,99728,100,,,,
2019-06-28 09:50:21.368291148,100982,476,100681,100,100990,100,100097,576,101003,100,99958,100,101047,100,99938,100,101212,100,99928,100,101376,100,99920,100,101483,100,99874,100,101656,100,99870,100,,,99847,100,,,99728,100
2019-06-28 09:50:30.000000000,100982,194,100681,194,100990,194,100097,294,101003,194,99958,194,101047,194,99938,194,101212,100,99928,100,101376,100,99920,100,101483,100,99874,100,101656,100,99870,100,,,99847,100,,,99728,100
2019-06-28 09:50:40.000000000,100982,175,100681,175,100990,175,100097,275,101003,175,99958,175,101047,175,99938,175,101212,175,99928,175,101376,100,99920,100,101483,100,99874,100,101656,100,99870,100,,,99847,100,,,99728,100
2019-06-28 09:50:45.007302637,100982,175,100681,175,100990,175,100097,275,101003,175,99958,175,101047,175,99938,175,101183,100,99928,175,101212,175,99920,100,101376,100,99874,100,101483,100,99870,100,101656,100,99847,100,,,99728,100
2019-06-28 09:50:50.000000000,100982,175,100681,175,100990,175,100097,275,101003,175,99958,175,101047,175,99938,175,101183,175,99928,175,101212,100,99920,100,101376,100,99874,100,101483,100,99870,100,101656,100,99847,100,,,99728,100
2019-06-28 09:51:00.000000000,100982,228,100681,228,100990,224,100097,324,101003,224,99958,224,101047,100,99938,100,101183,100,99928,100,101212,100,99920,100,101376,100,99874,100,101483,100,99870,100,101656,100,99847,100,,,99728,100
2019-06-28 09:51:04.811562480,100982,128,100681,228,100990,224,100097,324,101003,224,99958,224,101047,100,99938,100,101183,100,99928,100,101212,100,99920,100,101376,100,99874,100,101483,100,99870,100,101656,100,99847,100,,,99728,100
2019-06-28 09:51:09.727576958,100982,128,100809,100,100990,224,100681,228,101003,224,100097,324,101047,100,99958,224,101183,100,99938,100,101212,100,99928,100,101376,100,99920,100,101483,100,99874,100,101656,100,99870,100,,,99847,100
2019-06-28 09:51:10.000000000,100990,194,100809,194,101003,194,100681,194,101047,194,100097,294,101183,194,99958,194,101212,100,99938,100,101376,100,99928,100,101483,100,99920,100,101656,100,99874,100,,,99870,100,,,99847,100
2019-06-28 09:51:20.000000000,100990,288,100809,288,101003,288,100681,288,101047,100,100097,200,101183,100,99958,100,101212,100,99938,100,101376,100,99928,100,101483,100,99920,100,101656,100,99874,100,,,99870,100,,,99847,100
2019-06-28 09:51:30.000000000,100990,228,100809,228,101003,224,100681,224,101047,224,100097,324,101183,100,99958,100,101212,100,99938,100,101376,100,99928,100,101483,100,99920,100,101656,100,99874,100,,,99870,100,,,99847,100
2019-06-28 09:51:40.000000000,100990,288,100809,288,101003,288,100681,288,101047,100,100097,200,101183,100,99958,100,101212,100,99938,100,101376,100,99928,100,101483,100,99920,100,101656,100,99874,100,,,99870,100,,,99847,100
2019-06-28 09:51:45.713798695,100982,100,100809,288,100990,288,100681,288,101003,288,100097,200,101047,100,99958,100,101183,100,99938,100,101212,100,99928,100,101376,100,99920,100,101483,100,99874,100,101656,100,99870,100,,,99847,100
2019-06-28 09:51:50.000000000,100982,288,100809,288,100990,288,100681,288,101003,100,100097,200,101047,100,99958,100,101183,100,99938,100,101212,100,99928,100,101376,100,99920,100,101483,100,99874,100,101656,100,99870,100,,,99847,100
2019-06-28 09:52:00.000000000,100982,476,100809,476,100990,100,100681,100,101003,100,100097,200,101047,100,99958,100,101183,100,99938,100,101212,100,99928,100,101376,100,99920,100,101483,100,99874,100,101656,100,99870,100,,,99847,100
2019-06-28 09:52:10.000000000,100982,175,100809,175,100990,175,100681,175,101003,175,100097,275,101047,175,99958,175,101183,175,99938,175,101212,100,99928,100,101376,100,99920,100,101483,100,99874,100,101656,100,99870,100,,,99847,100
2019-06-28 09:52:18.316470255,100982,175,100809,175,100990,175,100681,175,101003,175,100097,275,101047,175,99958,175,101183,175,99938,175,101212,100,99928,100,101271,100,99920,100,101376,100,99874,100,101483,100,99870,100,101656,100,99847,100
2019-06-28 09:52:20.000000000,100982,175,100809,175,100990,175,100681,175,101003,175,100097,275,101047,175,99958,175,101183,175,99938,175,101212,100,99928,100,101271,100,99920,100,101376,100,99874,100,101483,100,99870,100,101656,100,99847,100
2019-06-28 09:52:30.000000000,100982,476,100809,476,100990,100,100681,100,101003,100,100097,200,101047,100,99958,100,101183,100,99938,100,101212,100,99928,100,101271,100,99920,100,101376,100,99874,100,101483,100,99870,100,101656,100,99847,100
2019-06-28 09:52:40.000000000,100982,228,100809,228,100990,224,100681,224,101003,224,100097,324,101047,100,99958,100,101183,100,99938,100,101212,100,99928,100,101271,100,99920,100,101376,100,99874,100,101483,100,99870,100,101656,100,99847,100
2019-06-28 09:52:50.000000000,100982,194,100809,194,100990,194,100681,194,101003,194,100097,294,101047,194,99958,194,101183,100,99938,100,101212,100,99928,100,101271,100,99920,100,101376,100,99874,100,101483,100,99870,100,101656,100,99847,100
2019-06-28 09:53:00.000000000,100982,175,100809,175,100990,175,100681,175,101003,175,100097,275,101047,175,99958,175,101183,175,99938,175,101212,100,99928,100,101271,100,99920,100,101376,100,99874,100,101483,100,99870,100,101656,100,99847,100
2019-06-28 09:53:10.000000000,100982,194,100809,194,100990,194,100681,194,101003,194,100097,294,101047,194,99958,194,101183,100,99938,100,101212,100,99928,100,101271,100,99920,100,101376,100,99874,100,101483,100,99870,100,101656,100,99847,100
2019-06-28 09:53:18.405758969,100982,194,100809,294,100990,194,100681,194,101003,194,100097,194,101047,194,99958,194,101183,100,99938,100,101212,100,99928,100,101271,100,99920,100,101376,100,99874,100,101483,100,99870,100,101656,100,99847,100
2019-06-28 09:53:20.000000000,100982,476,100809,576,100990,100,100681,100,101003,100,100097,100,101047,100,99958,100,101183,100,99938,100,101212,100,99928,100,101271,100,99920,100,101376,100,99874,100,101483,100,99870,100,101656,100,99847,100
2019-06-28 09:53:30.000000000,100982,175,100809,275,100990,175,100681,175,101003,175,100097,175,101047,175,99958,175,101183,175,99938,175,101212,100,99928,100,101271,100,99920,100,101376,100,99874,100,101483,100,99870,100,101656,100,99847,100
2019-06-28 09:53:32.054718738,100981,100,100809,275,100982,175,100681,175,100990,175,100097,175,101003,175,99958,175,101047,175,99938,175,101183,175,99928,100,101212,100,99920,100,101271,100,99874,100,101376,100,99870,100,101483,100,99847,100
2019-06-28 09:53:40.000000000,100981,228,100809,328,100982,224,100681,224,100990,224,100097,224,101003,100,99958,100,101047,100,99938,100,101183,100,99928,100,101212,100,99920,100,101271,100,99874,100,101376,100,99870,100,101483,100,99847,100
2019-06-28 09:53:46.845628024,100981,128,100809,328,100982,224,100681,224,100990,224,100097,224,101003,100,99958,100,101047,100,99938,100,101183,100,99928,100,101212,100,99920,100,101271,100,99874,100,101376,100,99870,100,101483,100,99847,100
2019-06-28 09:53:50.000000000,100982,194,100809,294,100990,194,100681,194,101003,194,100097,194,101047,194,99958,194,101183,100,99938,100,101212,100,99928,100,101271,100,99920,100,101376,100,99874,100,101483,100,99870,100,101656,100,99847,100
2019-06-28 09:53:51.521467028,100980,100,100809,294,100982,194,100681,194,100990,194,100097,194,101003,194,99958,194,101047,194,99938,100,101183,100,99928,100,101212,100,99920,100,101271,100,99874,100,101376,100,99870,100,101483,100,99847,100
2019-06-28 09:53:53.492748734,100980,100,100809,294,100982,194,100681,194,100990,194,100097,194,101003,194,99958,194,101047,194,99938,100,101183,100,99928,100,101184,100,99920,100,101212,100,99874,100,101271,100,99870,100,101376,100,99847,100
2019-06-28 09:53:55.015801487,100982,194,100809,294,100990,194,100681,194,101003,194,100097,194,101047,194,99958,194,101183,100,99938,100,101184,100,99920,100,101212,100,99874,100,101271,100,99870,100,101376,100,99847,100,101483,100,99728,100
2019-06-28 09:54:00.000000000,100982,228,100809,328,100990,224,100681,224,101003,224,100097,224,101047,100,99958,100,101183,100,99938,100,101184,100,99920,100,101212,100,99874,100,101271,100,99870,100,101376,100,99847,100,101483,100,99728,100
2019-06-28 09:54:10.000000000,100982,228,100809,328,100990,224,100681,224,101003,224,100097,224,101047,100,99958,100,101183,100,99938,100,101184,100,99920,100,101212,100,99874,100,101271,100,99870,100,101376,100,99847,100,101483,100,99728,100
2019-06-28 09:54:11.970616074,100980,100,100809,328,100982,228,100681,224,100990,224,100097,224,101003,224,99958,100,101047,100,99938,100,101183,100,99920,100,101184,100,99874,100,101212,100,99870,100,101271,100,99847,100,101376,100,99728,100
2019-06-28 09:54:20.000000000,100980,175,100809,275,100982,175,100681,175,100990,175,100097,175,101003,175,99958,175,101047,175,99938,175,101183,100,99920,100,101184,100,99874,100,101212,100,99870,100,101271,100,99847,100,101376,100,99728,100
2019-06-28 09:54:30.000000000,100980,476,100809,576,100982,100,100681,100,100990,100,100097,100,101003,100,99958,100,101047,100,99938,100,101183,100,99920,100,101184,100,99874,100,101212,100,99870,100,101271,100,99847,100,101376,100,99728,100
2019-06-28 09:54:40.000000000,100980,175,100809,275,100982,175,100681,175,100990,175,100097,175,101003,175,99958,175,101047,175,99938,175,101183,100,99920,100,101184,100,99874,100,101212,100,99870,100,101271,100,99847,100,101376,100,99728,100
2019-06-28 09:54:46.389049435,100980,175,100809,175,100982,175,100681,175,100990,175,100097,175,101003,175,99958,175,101047,175,99938,175,101183,100,99920,100,101184,100,99874,100,101212,100,99870,100,101271,100,99847,100,101376,100,99728,100
2019-06-28 09:54:46.666102834,100980,175,100809,75,100982,175,100681,175,100990,175,100097,175,101003,175,99958,175,101047,175,99938,175,101183,100,99920,100,101184,100,99874,100,101212,100,99870,100,101271,100,99847,100,101376,100,99728,100
2019-06-28 09:54:50.000000000,100980,228,100681,228,100982,224,100097,224,100990,224,99958,224,101003,100,99938,100,101047,100,99920,100,101183,100,99874,100,101184,100,99870,100,101212,100,99847,100,101271,100,99728,100,101376,100,,
2019-06-28 09:55:00.000000000,100980,476,100681,476,100982,100,100097,100,100990,100,99958,100,101003,100,99938,100,101047,100,99920,100,101183,100,99874,100,101184,100,99870,100,101212,100,99847,100,101271,100,99728,100,101376,100,,
2019-06-28 09:55:10.000000000,100980,476,100681,476,100982,100,100097,100,100990,100,99958,100,101003,100,99938,100,101047,100,99920,100,101183,100,99874,100,101184,100,99870,100,101212,100,99847,100,101271,100,99728,100,101376,100,,
2019-06-28 09:55:20.000000000,100980,228,100681,228,100982,224,100097,224,100990,224,99958,224,101003,100,99938,100,101047,100,99920,100,101183,100,99874,100,101184,100,99870,100,101212,100,99847,100,101271,100,99728,100,101376,100,,
2019-06-28 09:55:20.118065732,100980,128,100681,228,100982,224,100097,224,100990,224,99958,224,101003,100,99938,100,101047,100,99920,100,101183,100,99874,100,101184,100,99870,100,101212,100,99847,100,101271,100,99728,100,101376,100,,
2019-06-28 09:55:26.411207466,100980,128,100786,100,100982,224,100681,228,100990,224,100097,224,101003,100,99958,224,101047,100,99938,100,101183,100,99920,100,101212,100,99874,100,101271,100,99870,100,101376,100,99847,100,101483,100,99728,100
2019-06-28 09:55:30.000000000,100982,288,100786,288,100990,288,100681,288,101003,100,100097,100,101047,100,99958,100,101183,100,99938,100,101212,100,99920,100,101271,100,99874,100,101376,100,99870,100,101483,100,99847,100,101656,100,99728,100
2019-06-28 09:55:40.000000000,100982,288,100786,288,100990,288,100681,288,101003,100,100097,100,101047,100,99958,100,101183,100,99938,100,101212,100,99920,100,101271,100,99874,100,101376,100,99870,100,101483,100,99847,100,101656,100,99728,100
2019-06-28 09:55:44.906194561,100982,288,100786,188,100990,288,100681,288,101003,100,100097,100,101047,100,99958,100,101183,100,99938,100,101212,100,99920,100,101271,100,99874,100,101376,100,99870,100,101483,100,99847,100,101656,100,99728,100
2019-06-28 09:55:50.000000000,100982,288,100681,288,100990,288,100097,288,101003,100,99958,100,101047,100,99938,100,101183,100,99920,100,101212,100,99874,100,101271,100,99870,100,101376,100,99847,100,101483,100,99728,100,101656,100,,
2019-06-28 09:56:00.000000000,100982,476,100681,476,100990,100,100097,100,101003,100,99958,100,101047,100,99938,100,101183,100,99920,100,101212,100,99874,100,101271,100,99870,100,101376,100,99847,100,101483,100,99728,100,101656,100,,
2019-06-28 09:56:10.000000000,100982,175,100681,175,100990,175,100097,175,101003,175,99958,175,101047,175,99938,175,101183,175,99920,175,101212,100,99874,100,101271,100,99870,100,101376,100,99847,100,101483,100,99728,100,101656,100,,
2019-06-28 09:56:15.046634363,100801,100,100681,175,100982,175,100097,175,100990,175,99958,175,101003,175,99938,175,101047,175,99920,175,101183,175,99874,100,101212,100,99870,100,101271,100,99728,100,101376,100,,,101483,100,,
2019-06-28 09:56:20.000000000,100801,476,100681,476,100982,100,100097,100,100990,100,99958,100,101003,100,99938,100,101047,100,99920,100,101183,100,99874,100,101212,100,99870,100,101271,100,99728,100,101376,100,,,101483,100,,
2019-06-28 09:56:30.000000000,100801,194,100681,194,100982,194,100097,194,100990,194,99958,194,101003,194,99938,194,101047,100,99920,100,101183,100,99874,100,101212,100,99870,100,101271,100,99728,100,101376,100,,,101483,100,,
2019-06-28 09:56:36.892465396,100801,194,100681,94,100982,194,100097,194,100990,194,99958,194,101003,194,99938,194,101047,100,99920,100,101183,100,99874,100,101212,100,99870,100,101271,100,99728,100,101376,100,,,101483,100,,
2019-06-28 09:56:40.000000000,100801,175,100097,175,100982,175,99958,175,100990,175,99938,175,101003,175,99920,175,101047,175,99874,175,101183,100,99870,100,101212,100,99728,100,101271,100,,,101376,100,,,101483,100,,
2019-06-28 09:56:50.000000000,100801,228,100097,228,100982,224,99958,224,100990,224,99938,224,101003,100,99920,100,101047,100,99874,100,101183,100,99870,100,101212,100,99728,100,101271,100,,,101376,100,,,101483,100,,
2019-06-28 09:56:53.577907071,100367,100,100097,228,100801,228,99958,224,100982,224,99938,224,100990,224,99920,100,101003,100,99874,100,101047,100,99870,100,101183,100,99728,100,101212,100,,,101271,100,,,101376,100,,
2019-06-28 09:57:00.000000000,100367,228,100097,228,100801,224,99958,224,100982,224,99938,224,100990,100,99920,100,101003,100,99874,100,101047,100,99870,100,101183,100,99728,100,101212,100,,,101271,100,,,101376,100,,
2019-06-28 09:57:10.000000000,100367,228,100097,228,100801,224,99958,224,100982,224,99938,224,100990,100,99920,100,101003,100,99874,100,101047,100,99870,100,101183,100,99728,100,101212,100,,,101271,100,,,101376,100,,
2019-06-28 09:57:20.000000000,100367,175,100097,175,100801,175,99958,175,100982,175,99938,175,100990,175,99920,175,101003,175,99874,175,101047,100,99870,100,101183,100,99728,100,101212,100,,,101271,100,,,101376,100,,
2019-06-28 09:57:28.704646804,100367,175,100097,175,100786,100,99958,175,100801,175,99938,175,100982,175,99920,175,100990,175,99874,175,101003,175,99870,100,101047,100,99728,100,101183,100,,,101212,100,,,101271,100,,
2019-06-28 09:57:30.000000000,100367,228,100097,228,100786,224,99958,224,100801,224,99938,224,100982,100,99920,100,100990,100,99874,100,101003,100,99870,100,101047,100,99728,100,101183,100,,,101212,100,,,101271,100,,
2019-06-28 09:57:31.212041121,100367,228,100097,228,100786,324,99958,224,100801,224,99938,224,100990,100,99920,100,101003,100,99874,100,101047,100,99870,100,101183,100,99728,100,101212,100,,,101271,100,,,101376,100,,
2019-06-28 09:57:36.993258522,100143,100,100097,228,100367,228,99958,124,100786,324,99938,224,100801,224,99920,100,100990,100,99874,100,101003,100,99870,100,101047,100,99728,100,101183,100,,,101212,100,,,101271,100,,
2019-06-28 09:57:40.000000000,100143,175,100097,175,100367,175,99938,175,100786,275,99920,175,100801,175,99874,175,100990,175,99870,175,101003,100,99728,100,101047,100,,,101183,100,,,101212,100,,,101271,100,,
2019-06-28 09:57:43.217147171,100143,175,100097,175,100367,175,99995,100,100786,275,99938,75,100801,175,99920,175,100990,175,99874,175,101003,100,99870,175,101047,100,99728,100,101183,100,,,101212,100,,,101271,100,,
2019-06-28 09:57:50.000000000,100143,288,100097,288,100367,288,99995,288,100786,200,99920,100,100801,100,99874,100,100990,100,99870,100,101003,100,99728,100,101047,100,,,101183,100,,,101212,100,,,101271,100,,
2019-06-28 09:57:51.134665241,100143,288,100097,288,100367,288,99995,288,100786,200,99920,100,100801,100,99874,100,100990,100,99870,100,101003,100,99728,100,101047,100,99680,100,101183,100,,,101212,100,,,101271,100,,
2019-06-28 09:58:00.000000000,100143,194,100097,194,100367,194,99995,194,100786,294,99920,194,100801,194,99874,194,100990,100,99870,100,101003,100,99728,100,101047,100,99680,100,101183,100,,,101212,100,,,101271,100,,
2019-06-28 09:58:10.000000000,100143,476,100097,476,100367,100,99995,100,100786,200,99920,100,100801,100,99874,100,100990,100,99870,100,101003,100,99728,100,101047,100,99680,100,101183,100,,,101212,100,,,101271,100,,
2019-06-28 09:58:20.000000000,100143,194,100097,194,100367,194,99995,194,100786,294,99920,194,100801,194,99874,194,100990,100,99870,100,101003,100,99728,100,101047,100,99680,100,101183,100,,,101212,100,,,101271,100,,
2019-06-28 09:58:26.819011994,100143,194,100097,194,100367,194,99995,194,100786,294,99967,100,100801,194,99920,194,100990,100,99874,194,101003,100,99870,100,101047,100,99728,100,101183,100,99680,100,101212,100,,,101271,100,,
2019-06-28 09:58:30.000000000,100143,194,100097,194,100367,194,99995,194,100786,294,99967,194,100801,194,99920,194,100990,100,99874,100,101003,100,99870,100,101047,100,99728,100,101183,100,99680,100,101212,100,,,101271,100,,
2019-06-28 09:58:36.463981877,100143,194,100097,194,100253,100,99995,194,100367,194,99967,194,100786,294,99920,194,100801,194,99874,100,100990,100,99870,100,101003,100,99728,100,101047,100,,,101183,100,,,101212,100,,
2019-06-28 09:58:40.000000000,100143,288,100097,288,100253,288,99995,288,100367,100,99967,100,100786,200,99920,100,100801,100,99874,100,100990,100,99870,100,101003,100,99728,100,101047,100,,,101183,100,,,101212,100,,
2019-06-28 09:58:47.483668595,100143,288,100097,188,100253,288,99995,288,100367,100,99967,100,100786,200,99920,100,100801,100,99874,100,100990,100,99870,100,101003,100,99728,100,101047,100,,,101183,100,,,101212,100,,
2019-06-28 09:58:50.000000000,100143,175,99995,175,100253,175,99967,175,100367,175,99920,175,100786,275,99874,175,100801,175,99870,175,100990,100,99728,100,101003,100,,,101047,100,,,101183,100,,,101212,100,,
2019-06-28 09:58:56.270328117,100143,175,99995,75,100253,175,99967,175,100367,175,99920,175,100786,275,99874,175,100801,175,99870,175,100990,100,99728,100,101003,100,,,101047,100,,,101183,100,,,101212,100,,
2019-06-28 09:59:00.000000000,100143,476,99967,476,100253,100,99920,100,100367,100,99874,100,100786,200,99870,100,100801,100,99728,100,100990,100,,,101003,100,,,101047,100,,,101183,100,,,101212,100,,
2019-06-28 09:59:04.243966585,100143,476,99967,376,100253,100,99920,100,100367,100,99874,100,100786,200,99870,100,100801,100,99728,100,100990,100,,,101003,100,,,101047,100,,,101183,100,,,101212,100,,
2019-06-28 09:59:06.709167306,100143,476,100048,100,100253,100,99967,376,100786,200,99920,100,100801,100,99874,100,100990,100,99870,100,101003,100,99728,100,101047,100,,,101183,100,,,101212,100,,,101271,100,,
2019-06-28 09:59:10.000000000,100143,194,100048,194,100253,194,99920,194,100786,294,99874,194,100801,194,99870,194,100990,100,99728,100,101003,100,,,101047,100,,,101183,100,,,101212,100,,,101271,100,,
2019-06-28 09:59:13.804756048,100143,194,100048,194,100253,194,99939,100,100786,294,99920,194,100801,194,99874,194,100990,100,99870,194,101003,100,99728,100,101183,100,,,101212,100,,,101271,100,,,101376,100,,
2019-06-28 09:59:20.000000000,100143,476,100048,476,100253,100,99939,100,100786,200,99920,100,100801,100,99874,100,100990,100,99870,100,101003,100,99728,100,101183,100,,,101212,100,,,101271,100,,,101376,100,,
2019-06-28 09:59:30.000000000,100143,194,100048,194,100253,194,99939,194,100786,294,99920,194,100801,194,99874,194,100990,100,99870,100,101003,100,99728,100,101183,100,,,101212,100,,,101271,100,,,101376,100,,
2019-06-28 09:59:31.647414519,100143,194,100048,194,100202,100,99939,194,100253,194,99920,194,100786,294,99874,194,100801,194,99870,100,100990,100,99728,100,101003,100,,,101183,100,,,101212,100,,,101271,100,,
2019-06-28 09:59:40.000000000,100143,476,100048,476,100202,100,99939,100,100253,100,99920,100,100786,200,99874,100,100801,100,99870,100,100990,100,99728,100,101003,100,,,101183,100,,,101212,100,,,101271,100,,
2019-06-28 09:59:40.353151908,100053,100,100048,476,100143,476,99939,100,100202,100,99920,100,100253,100,99874,100,100786,200,99870,100,100801,100,99728,100,100990,100,,,101003,100,,,101183,100,,,101212,100,,
2019-06-28 09:59:44.177004632,100053,100,100048,376,100143,476,99939,100,100202,100,99920,100,100253,100,99874,100,100786,200,99870,100,100801,100,99728,100,100990,100,,,101003,100,,,101183,100,,,101212,100,,
2019-06-28 09:59:50.000000000,100053,476,99939,476,100143,100,99920,100,100202,100,99874,100,100253,100,99870,100,100786,200,99728,100,100801,100,,,100990,100,,,101003,100,,,101183,100,,,101212,100,,
2019-06-28 10:00:00.000000000,100053,288,99939,288,100143,288,99920,288,100202,100,99874,100,100253,100,99870,100,100786,200,99728,100,100801,100,,,100990,100,,,101003,100,,,101183,100,,,101212,100,,
2019-06-28 10:00:10.000000000,100053,194,99939,194,100143,194,99920,194,100202,194,99874,194,100253,194,99870,194,100786,200,99728,100,100801,100,,,100990,100,,,101003,100,,,101183,100,,,101212,100,,
2019-06-28 10:00:11.840389097,100053,194,99939,194,100143,194,99920,194,100202,194,99874,194,100242,100,99870,194,100253,194,99728,100,100786,200,,,100801,100,,,100990,100,,,101003,100,,,101183,100,,
2019-06-28 10:00:20.000000000,100053,175,99939,175,100143,175,99920,175,100202,175,99874,175,100242,175,99870,175,100253,175,99728,175,100786,200,,,100801,100,,,100990,100,,,101003,100,,,101183,100,,
2019-06-28 10:00:23.820977764,100053,175,99939,175,100143,175,99920,175,100202,175,99874,175,100242,175,99870,175,100253,175,99728,175,100326,100,,,100786,200,,,100801,100,,,100990,100,,,101003,100,,
2019-06-28 10:00:26.498760710,100053,75,99939,175,100143,175,99920,175,100202,175,99874,175,100242,175,99870,175,100253,175,99728,175,100326,100,,,100786,200,,,100801,100,,,100990,100,,,101003,100,,
2019-06-28 10:00:28.684001787,100053,75,99939,175,100143,175,99920,175,100202,175,99874,175,100242,175,99870,175,100253,175,99728,175,100326,100,,,100405,100,,,100786,200,,,100801,100,,,100990,100,,
2019-06-28 10:00:30.000000000,100143,194,99939,194,100202,194,99920,194,100242,194,99874,194,100253,194,99870,194,100326,100,99728,100,100405,100,,,100786,200,,,100801,100,,,100990,100,,,101003,100,,
2019-06-28 10:00:40.000000000,100143,194,99939,194,100202,194,99920,194,100242,194,99874,194,100253,194,99870,194,100326,100,99728,100,100405,100,,,100786,200,,,100801,100,,,100990,100,,,101003,100,,
2019-06-28 10:00:50.000000000,100143,194,99939,194,100202,194,99920,194,100242,194,99874,194,100253,194,99870,194,100326,100,99728,100,100405,100,,,100786,200,,,100801,100,,,100990,100,,,101003,100,,
2019-06-28 10:01:00.000000000,100143,228,99939,228,100202,224,99920,224,100242,224,99874,224,100253,100,99870,100,100326,100,99728,100,100405,100,,,100786,200,,,100801,100,,,100990,100,,,101003,100,,
2019-06-28 10:01:07.230226374,100052,100,99939,228,100143,228,99920,224,100202,224,99874,224,100242,224,99870,100,100253,100,99728,100,100326,100,,,100405,100,,,100786,200,,,100801,100,,,100990,100,,
2019-06-28 10:01:10.000000000,100052,288,99939,288,100143,288,99920,288,100202,100,99874,100,100242,100,99870,100,100253,100,99728,100,100326,100,,,100405,100,,,100786,200,,,100801,100,,,100990,100,,
2019-06-28 10:01:20.000000000,100052,194,99939,194,100143,194,99920,194,100202,194,99874,194,100242,194,99870,194,100253,100,99728,100,100326,100,,,100405,100,,,100786,200,,,100801,100,,,100990,100,,
2019-06-28 10:01:26.520664043,100052,194,99939,194,100143,194,99920,194,100202,194,99874,194,100242,194,99870,194,100253,100,99728,100,100289,100,,,100326,100,,,100405,100,,,100786,200,,,100801,100,,
2019-06-28 10:01:30.000000000,100052,228,99939,228,100143,224,99920,224,100202,224,99874,224,100242,100,99870,100,100253,100,99728,100,100289,100,,,100326,100,,,100405,100,,,100786,200,,,100801,100,,
2019-06-28 10:01:30.161597862,100052,228,100049,100,100143,224,99939,228,100202,224,99920,224,100242,100,99874,224,100253,100,99870,100,100289,100,99728,100,100326,100,,,100405,100,,,100786,200,,,100801,100,,
2019-06-28 10:01:30.226660553,100052,228,100049,100,100143,224,99939,228,100202,224,99920,224,100242,100,99874,224,100253,100,99870,100,100289,100,99837,100,100326,100,99728,100,100405,100,,,100786,200,,,100801,100,,
2019-06-28 10:01:40.000000000,100052,228,100049,228,100143,224,99939,224,100202,224,99920,224,100242,100,99874,100,100253,100,99870,100,100289,100,99837,100,100326,100,99728,100,100405,100,,,100786,200,,,100801,100,,
2019-06-28 10:01:43.568262530,100052,228,100049,228,100143,224,99939,224,100202,224,99920,224,100206,100,99874,100,100242,100,99870,100,100289,100,99837,100,100326,100,99728,100,100405,100,,,100786,200,,,100801,100,,
2019-06-28 10:01:50.000000000,100052,175,100049,175,100143,175,99939,175,100202,175,99920,175,100206,175,99874,175,100242,175,99870,175,100289,100,99837,100,100326,100,99728,100,100405,100,,,100786,200,,,100801,100,,
2019-06-28 10:01:52.185447798,100052,175,100049,75,100143,175,99939,175,100202,175,99920,175,100206,175,99874,175,100242,175,99870,175,100289,100,99837,100,100326,100,99728,100,100405,100,,,100786,200,,,100801,100,,
2019-06-28 10:01:56.612528041,100052,175,100049,75,100143,175,99939,175,100202,175,99920,175,100206,175,99874,175,100242,175,99870,175,100289,100,99863,100,100326,100,99837,100,100405,100,99728,100,100786,200,,,100801,100,,
2019-06-28 10:01:58.678574344,100052,175,100049,75,100143,175,99939,175,100202,175,99920,175,100206,175,99885,100,100242,175,99874,175,100289,100,99870,175,100326,100,99863,100,100405,100,99837,100,100786,200,99728,100,100801,100,,
2019-06-28 10:02:00.000000000,100052,175,99939,175,100143,175,99920,175,100202,175,99885,175,100206,175,99874,175,100242,175,99870,175,100289,100,99863,100,100326,100,99837,100,100405,100,99728,100,100786,200,,,100801,100,,
2019-06-28 10:02:10.000000000,100052,194,99939,194,100143,194,99920,194,100202,194,99885,194,100206,194,99874,194,100242,100,99870,100,100289,100,99863,100,100326,100,99837,100,100405,100,99728,100,100786,200,,,100801,100,,
2019-06-28 10:02:20.000000000,100052,194,99939,194,100143,194,99920,194,100202,194,99885,194,100206,194,99874,194,100242,100,99870,100,100289,100,99863,100,100326,100,99837,100,100405,100,99728,100,100786,200,,,100801,100,,
2019-06-28 10:02:30.000000000,100052,194,99939,194,100143,194,99920,194,100202,194,99885,194,100206,194,99874,194,100242,100,99870,100,100289,100,99863,100,100326,100,99837,100,100405,100,99728,100,100786,200,,,100801,100,,
2019-06-28 10:02:40.000000000,100052,194,99939,194,100143,194,99920,194,100202,194,99885,194,100206,194,99874,194,100242,100,99870,100,100289,100,99863,100,100326,100,99837,100,100405,100,99728,100,100786,200,,,100801,100,,
2019-06-28 10:02:41.360098742,100052,94,99939,194,100143,194,99920,194,100202,194,99885,194,100206,94,99874,194,100242,100,99870,100,100289,100,99863,100,100326,100,99837,100,100405,100,99728,100,100786,200,,,100801,100,,
2019-06-28 10:02:45.814016006,100050,100,99939,194,100052,94,99920,194,100143,194,99885,194,100202,194,99874,194,100206,94,99870,100,100242,100,99863,100,100289,100,99837,100,100326,100,99728,100,100405,100,,,100786,200,,
2019-06-28 10:02:50.000000000,100050,228,99939,228,100143,224,99920,224,100202,224,99885,224,100242,100,99874,100,100289,100,99870,100,100326,100,99863,100,100405,100,99837,100,100786,200,99728,100,100801,100,,,100990,100,,
2019-06-28 10:03:00.000000000,100050,228,99939,228,100143,224,99920,224,100202,224,99885,224,100242,100,99874,100,100289,100,99870,100,100326,100,99863,100,100405,100,99837,100,100786,200,99728,100,100801,100,,,100990,100,,
2019-06-28 10:03:00.699105225,100050,128,99939,228,100143,224,99920,224,100202,224,99885,224,100242,100,99874,100,100289,100,99870,100,100326,100,99863,100,100405,100,99837,100,100786,200,99728,100,100801,100,,,100990,100,,
2019-06-28 10:03:10.000000000,100143,228,99939,228,100202,224,99920,224,100242,224,99885,224,100289,100,99874,100,100326,100,99870,100,100405,100,99863,100,100786,200,99837,100,100801,100,99728,100,100990,100,,,101003,100,,
2019-06-28 10:03:20.000000000,100143,476,99939,476,100202,100,99920,100,100242,100,99885,100,100289,100,99874,100,100326,100,99870,100,100405,100,99863,100,100786,200,99837,100,100801,100,99728,100,100990,100,,,101003,100,,
2019-06-28 10:03:24.309855282,100143,476,100084,100,100202,100,99939,476,100242,100,99920,100,100289,100,99885,100,100326,100,99874,100,100405,100,99863,100,100786,200,99837,100,100801,100,99728,100,100990,100,,,101003,100,,
2019-06-28 10:03:30.000000000,100143,476,100084,476,100202,100,99939,100,100242,100,99920,100,100289,100,99885,100,100326,100,99874,100,100405,100,99863,100,100786,200,99837,100,100801,100,99728,100,100990,100,,,101003,100,,
2019-06-28 10:03:33.712586713,100143,476,100084,376,100202,100,99939,100,100242,100,99920,100,100272,100,99885,100,100289,100,99874,100,100326,100,99863,100,100405,100,99837,100,100786,200,99728,100,100801,100,,,100990,100,,
2019-06-28 10:03:38.897323937,100143,476,100084,376,100202,100,100050,100,100242,100,99939,100,100272,100,99920,100,100289,100,99885,100,100326,100,99874,100,100405,100,99863,100,100786,200,99837,100,100801,100,99728,100,100990,100,,
2019-06-28 10:03:40.000000000,100143,288,100050,288,100202,288,99939,288,100242,100,99920,100,100272,100,99885,100,100289,100,99874,100,100326,100,99863,100,100405,100,99837,100,100786,200,99728,100,100801,100,,,100990,100,,
2019-06-28 10:03:50.000000000,100143,476,100050,476,100202,100,99939,100,100242,100,99920,100,100272,100,99885,100,100289,100,99874,100,100326,100,99863,100,100405,100,99837,100,100786,200,99728,100,100801,100,,,100990,100,,
2019-06-28 10:04:00.000000000,100143,476,100050,476,100202,100,99939,100,100242,100,99920,100,100272,100,99885,100,100289,100,99874,100,100326,100,99863,100,100405,100,99837,100,100786,200,99728,100,100801,100,,,100990,100,,
2019-06-28 10:04:03.917425388,100143,476,100050,576,100202,100,99939,100,100242,100,99920,100,100272,100,99885,100,100289,100,99874,100,100326,100,99863,100,100405,100,99837,100,100786,200,99728,100,100801,100,,,100990,100,,
2019-06-28 10:04:06.670678311,100143,476,100050,676,100202,100,99939,100,100242,100,99920,100,100272,100,99885,100,100289,100,99874,100,100326,100,99863,100,100405,100,99837,100,100786,200,99728,100,100801,100,,,100990,100,,
2019-06-28 10:04:10.000000000,100143,476,100050,676,100202,100,99939,100,100242,100,99920,100,100272,100,99885,100,100289,100,99874,100,100326,100,99863,100,100405,100,99837,100,100786,200,99728,100,100801,100,,,100990,100,,
2019-06-28 10:04:20.000000000,100143,175,100050,375,100202,175,99939,175,100242,175,99920,175,100272,175,99885,175,100289,175,99874,175,100326,100,99863,100,100405,100,99837,100,100786,200,99728,100,100801,100,,,100990,100,,
2019-06-28 10:04:26.142780697,100143,175,100050,375,100202,175,99939,175,100242,175,99920,175,100272,175,99885,175,100289,175,99874,175,100326,100,99863,100,100496,100,99837,100,100786,200,99728,100,100801,100,,,100990,100,,
2019-06-28 10:04:30.000000000,100143,476,100050,676,100202,100,99939,100,100242,100,99920,100,100272,100,99885,100,100289,100,99874,100,100326,100,99863,100,100496,100,99837,100,100786,200,99728,100,100801,100,,,100990,100,,
2019-06-28 10:04:40.000000000,100143,194,100050,394,100202,194,99939,194,100242,194,99920,194,100272,194,99885,194,100289,100,99874,100,100326,100,99863,100,100496,100,99837,100,100786,200,99728,100,100801,100,,,100990,100,,
2019-06-28 10:04:50.000000000,100143,175,100050,375,100202,175,99939,175,100242,175,99920,175,100272,175,99885,175,100289,175,99874,175,100326,100,99863,100,100496,100,99837,100,100786,200,99728,100,100801,100,,,100990,100,,
2019-06-28 10:04:55.115339930,100143,175,100050,475,100202,175,99939,175,100242,175,99920,175,100272,175,99885,175,100289,175,99874,175,100326,100,99863,100,100496,100,99837,100,100786,200,99728,100,100801,100,,,100990,100,,
2019-06-28 10:05:00.000000000,100143,476,100050,776,100202,100,99939,100,100242,100,99920,100,100272,100,99885,100,100289,100,99874,100,100326,100,99863,100,100496,100,99837,100,100786,200,99728,100,100801,100,,,100990,100,,
2019-06-28 10:05:03.585638815,100143,476,100050,776,100202,100,99939,100,100242,100,99920,100,100272,100,99885,100,100289,100,99874,100,100326,100,99863,100,100496,100,99837,100,100786,200,99728,100,100801,100,,,100940,100,,
2019-06-28 10:05:05.547715059,100143,376,100050,776,100202,100,99939,100,100242,100,99920,100,100272,100,99885,100,100289,100,99874,100,100326,100,99863,100,100496,100,99837,100,100786,200,99728,100,100801,100,,,100940,100,,
2019-06-28 10:05:10.000000000,100202,228,100050,528,100242,224,99939,224,100272,224,99920,224,100289,100,99885,100,100326,100,99874,100,100496,100,99863,100,100786,200,99837,100,100801,100,99728,100,100940,100,,,100990,100,,
2019-06-28 10:05:11.067844035,100202,228,100050,528,100242,224,99939,224,100272,224,99920,224,100289,100,99885,100,100326,100,99874,100,100496,100,99863,100,100771,100,99837,100,100786,200,99728,100,100801,100,,,100940,100,,
2019-06-28 10:05:20.000000000,100202,288,100050,588,100242,288,99939,288,100272,100,99920,100,100289,100,99885,100,100326,100,99874,100,100496,100,99863,100,100771,100,99837,100,100786,200,99728,100,100801,100,,,100940,100,,
2019-06-28 10:05:30.000000000,100202,194,100050,494,100242,194,99939,194,100272,194,99920,194,100289,194,99885,194,100326,100,99874,100,100496,100,99863,100,100771,100,99837,100,100786,200,99728,100,100801,100,,,100940,100,,
2019-06-28 10:05:30.269839441,100242,194,100202,6,100272,194,100050,494,100289,194,99939,194,100326,100,99920,194,100496,100,99885,194,100771,100,99874,100,100786,200,99863,100,100801,100,99837,100,100940,100,99728,100,100990,100,,
2019-06-28 10:05:40.000000000,100242,175,100202,81,100272,175,100050,475,100289,175,99939,175,100326,175,99920,175,100496,175,99885,175,100771,100,99874,100,100786,200,99863,100,100801,100,99837,100,100940,100,99728,100,100990,100,,
2019-06-28 10:05:50.000000000,100242,288,100202,194,100272,288,100050,588,100289,100,99939,100,100326,100,99920,100,100496,100,99885,100,100771,100,99874,100,100786,200,99863,100,100801,100,99837,100,100940,100,99728,100,100990,100,,
2019-06-28 10:06:00.000000000,100242,228,100202,134,100272,224,100050,524,100289,224,99939,224,100326,100,99920,100,100496,100,99885,100,100771,100,99874,100,100786,200,99863,100,100801,100,99837,100,100940,100,99728,100,100990,100,,
2019-06-28 10:06:10.000000000,100242,194,100202,100,100272,194,100050,494,100289,194,99939,194,100326,194,99920,194,100496,100,99885,100,100771,100,99874,100,100786,200,99863,100,100801,100,99837,100,100940,100,99728,100,100990,100,,
2019-06-28 10:06:20.000000000,100242,175,100202,81,100272,175,100050,475,100289,175,99939,175,100326,175,99920,175,100496,175,99885,175,100771,100,99874,100,100786,200,99863,100,100801,100,99837,100,100940,100,99728,100,100990,100,,
2019-06-28 10:06:30.000000000,100242,228,100202,134,100272,224,100050,524,100289,224,99939,224,100326,100,99920,100,100496,100,99885,100,100771,100,99874,100,100786,200,99863,100,100801,100,99837,100,100940,100,99728,100,100990,100,,
2019-06-28 10:06:37.313609105,100242,228,100202,134,100272,224,100050,524,100289,224,99939,224,100326,100,99920,100,100496,100,99885,100,100771,100,99874,100,100786,200,99863,100,100801,100,99837,100,100940,100,99728,100,100990,100,,
2019-06-28 10:06:40.000000000,100242,228,100202,134,100272,224,100050,524,100289,224,99939,224,100326,100,99920,100,100496,100,99885,100,100771,100,99874,100,100786,200,99863,100,100801,100,99837,100,100940,100,99728,100,100990,100,,
2019-06-28 10:06:42.311615168,100242,228,100202,134,100272,224,100050,524,100289,224,99939,224,100326,100,99920,100,100496,100,99885,100,100771,100,99874,100,100786,200,99863,100,100801,100,99837,100,100940,100,99728,100,100990,100,,
2019-06-28 10:06:50.000000000,100242,194,100202,100,100272,194,100050,494,100289,194,99939,194,100326,194,99920,194,100496,100,99885,100,100771,100,99874,100,100786,200,99863,100,100801,100,99837,100,100940,100,99728,100,100990,100,,
2019-06-28 10:06:58.424057613,100242,194,100202,100,100272,194,100050,494,100289,194,99939,194,100326,194,99920,194,100496,100,99885,100,100771,100,99874,100,100786,200,99863,100,100801,100,99837,100,100940,100,99728,100,100990,100,,
2019-06-28 10:07:00.000000000,100242,288,100202,194,100272,288,100050,588,100289,100,99939,100,100326,100,99920,100,100496,100,99885,100,100771,100,99874,100,100786,200,99863,100,100801,100,99837,100,100940,100,99728,100,100990,100,,
2019-06-28 10:07:10.000000000,100242,228,100202,134,100272,224,100050,524,100289,224,99939,224,100326,100,99920,100,100496,100,99885,100,100771,100,99874,100,100786,200,99863,100,100801,100,99837,100,100940,100,99728,100,100990,100,,
2019-06-28 10:07:17.491773210,100242,128,100202,134,100272,224,100050,524,100289,224,99939,224,100326,100,99920,100,100496,100,99885,100,100771,100,99874,100,100786,200,99863,100,100801,100,99837,100,100940,100,99728,100,100990,100,,
2019-06-28 10:07:20.000000000,100272,194,100202,100,100289,194,100050,494,100326,194,99939,194,100496,194,99920,194,100771,100,99885,100,100786,200,99874,100,100801,100,99863,100,100940,100,99837,100,100990,100,99728,100,101167,100,,
2019-06-28 10:07:27.843186894,100272,194,100203,100,100289,194,100202,100,100326,194,100050,494,100496,194,99939,194,100771,100,99920,194,100786,200,99885,100,100801,100,99874,100,100940,100,99863,100,100990,100,99837,100,101167,100,99728,100
2019-06-28 10:07:30.000000000,100272,228,100203,228,100289,224,100202,130,100326,224,100050,524,100496,100,99939,100,100771,100,99920,100,100786,200,99885,100,100801,100,99874,100,100940,100,99863,100,100990,100,99837,100,101167,100,99728,100
2019-06-28 10:07:33.766592267,100272,128,100203,228,100289,224,100202,130,100326,224,100050,524,100496,100,99939,100,100771,100,99920,100,100786,200,99885,100,100801,100,99874,100,100990,100,99863,100,101167,100,99837,100,101212,100,99728,100
2019-06-28 10:07:35.917628392,100272,128,100242,100,100289,224,100203,228,100326,224,100202,130,100496,100,100050,524,100771,100,99939,100,100786,200,99920,100,100801,100,99885,100,100990,100,99874,100,101167,100,99863,100,101212,100,99837,100
2019-06-28 10:07:38.458946837,100272,128,100242,100,100289,224,100203,228,100326,224,100202,130,100496,100,100050,524,100771,100,99939,100,100786,200,99920,100,100801,100,99885,100,100990,100,99874,100,101184,100,99863,100,101212,100,99837,100
2019-06-28 10:07:40.000000000,100289,288,100242,288,100326,288,100203,288,100496,100,100202,6,100771,100,100050,400,100786,200,99939,100,100801,100,99920,100,100990,100,99885,100,101184,100,99874,100,101212,100,99863,100,101360,100,99837,100
2019-06-28 10:07:48.839902807,100289,188,100242,288,100326,288,100203,288,100496,100,100202,6,100771,100,100050,400,100786,200,99939,100,100801,100,99920,100,100990,100,99885,100,101184,100,99874,100,101212,100,99863,100,101360,100,99837,100
2019-06-28 10:07:50.000000000,100326,175,100242,175,100496,175,100203,175,100771,175,100202,81,100786,275,100050,475,100801,175,99939,175,100990,100,99920,100,101184,100,99885,100,101212,100,99874,100,101360,100,99863,100,101483,100,99837,100
2019-06-28 10:08:00.000000000,100326,175,100242,175,100496,175,100203,175,100771,175,100202,81,100786,275,100050,475,100801,175,99939,175,100990,100,99920,100,101184,100,99885,100,101212,100,99874,100,101360,100,99863,100,101483,100,99837,100
2019-06-28 10:08:10.000000000,100326,194,100242,194,100496,194,100203,194,100771,194,100202,100,100786,294,100050,494,100801,100,99939,100,100990,100,99920,100,101184,100,99885,100,101212,100,99874,100,101360,100,99863,100,101483,100,99837,100
2019-06-28 10:08:13.127482989,100326,194,100242,194,100496,194,100203,194,100771,194,100202,100,100786,294,100050,394,100801,100,99939,100,100990,100,99920,100,101184,100,99885,100,101212,100,99874,100,101360,100,99863,100,101483,100,99837,100
2019-06-28 10:08:20.000000000,100326,288,100242,288,100496,288,100203,288,100771,100,100202,6,100786,200,100050,300,100801,100,99939,100,100990,100,99920,100,101184,100,99885,100,101212,100,99874,100,101360,100,99863,100,101483,100,99837,100
2019-06-28 10:08:30.000000000,100326,194,100242,194,100496,194,100203,194,100771,194,100202,100,100786,294,100050,394,100801,100,99939,100,100990,100,99920,100,101184,100,99885,100,101212,100,99874,100,101360,100,99863,100,101483,100,99837,100
2019-06-28 10:08:40.000000000,100326,175,100242,175,100496,175,100203,175,100771,175,100202,81,100786,275,100050,375,100801,175,99939,175,100990,100,99920,100,101184,100,99885,100,101212,100,99874,100,101360,100,99863,100,101483,100,99837,100
2019-06-28 10:08:43.336025052,100326,75,100242,175,100496,175,100203,175,100771,175,100202,81,100786,275,100050,375,100801,175,99939,175,100990,100,99920,100,101184,100,99885,100,101212,100,99874,100,101360,100,99863,100,101483,100,99837,100
2019-06-28 10:08:50.000000000,100496,228,100242,228,100771,224,100203,224,100786,324,100202,130,100801,100,100050,300,100990,100,99939,100,101184,100,99920,100,101212,100,99885,100,101360,100,99874,100,101483,100,99863,100,101572,100,99837,100
2019-06-28 10:08:59.266607958,100496,228,100289,100,100771,224,100242,228,100786,324,100203,224,100801,100,100202,130,100990,100,100050,200,101184,100,99939,100,101212,100,99920,100,101360,100,99885,100,101483,100,99874,100,101572,100,99863,100
2019-06-28 10:09:00.000000000,100496,194,100289,194,100771,194,100242,194,100786,294,100203,194,100801,194,100202,100,100990,100,100050,200,101184,100,99939,100,101212,100,99920,100,101360,100,99885,100,101483,100,99874,100,101572,100,99863,100
2019-06-28 10:09:10.000000000,100496,175,100289,175,100771,175,100242,175,100786,275,100203,175,100801,175,100202,81,100990,175,100050,275,101184,100,99939,100,101212,100,99920,100,101360,100,99885,100,101483,100,99874,100,101572,100,99863,100
2019-06-28 10:09:20.000000000,100496,288,100289,288,100771,288,100242,288,100786,200,100203,100,100801,100,100202,6,100990,100,100050,200,101184,100,99939,100,101212,100,99920,100,101360,100,99885,100,101483,100,99874,100,101572,100,99863,100
2019-06-28 10:09:30.000000000,100496,476,100289,476,100771,100,100242,100,100786,200,100203,100,100801,100,100202,6,100990,100,100050,200,101184,100,99939,100,101212,100,99920,100,101360,100,99885,100,101483,100,99874,100,101572,100,99863,100
2019-06-28 10:09:40.000000000,100496,476,100289,476,100771,100,100242,100,100786,200,100203,100,100801,100,100202,6,100990,100,100050,200,101184,100,99939,100,101212,100,99920,100,101360,100,99885,100,101483,100,99874,100,101572,100,99863,100
