,ask_price_1,ask_size_1,bid_price_1,bid_size_1,ask_price_2,ask_size_2,bid_price_2,bid_size_2,ask_price_3,ask_size_3,bid_price_3,bid_size_3,ask_price_4,ask_size_4,bid_price_4,bid_size_4,ask_price_5,ask_size_5,bid_price_5,bid_size_5,ask_price_6,ask_size_6,bid_price_6,bid_size_6,ask_price_7,ask_size_7,bid_price_7,bid_size_7,ask_price_8,ask_size_8,bid_price_8,bid_size_8,ask_price_9,ask_size_9,bid_price_9,bid_size_9,ask_price_10,ask_size_10,bid_price_10,bid_size_10
2019-06-28 09:30:00.000000000,100106,100,99934,100,100116,100,,,,,,,,,,,,,,,,,,,,,,,,,,,,,,,,,,
2019-06-28 09:30:00.000000003,100086,100,99934,100,100106,100,,,100116,100,,,,,,,,,,,,,,,,,,,,,,,,,,,,,,
2019-06-28 09:30:00.000000004,100086,100,99934,100,100106,100,,,100116,100,,,100185,100,,,,,,,,,,,,,,,,,,,,,,,,,,
2019-06-28 09:30:00.000000011,100086,100,99934,100,100095,100,99817,100,100106,100,,,100116,100,,,100185,100,,,,,,,,,,,,,,,,,,,,,,
2019-06-28 09:30:00.000000013,100086,100,99938,100,100095,100,99934,100,100106,100,99848,100,100116,100,99817,100,100185,100,,,,,,,,,,,,,,,,,,,,,,
2019-06-28 09:30:00.000000014,100086,100,100000,100,100095,100,99938,100,100106,100,99934,100,100116,100,99848,100,100185,100,99817,100,,,,,,,,,,,,,,,,,,,,
2019-06-28 09:30:00.000000015,100086,100,100000,100,100095,100,99938,100,100106,100,99934,100,100116,100,99933,100,100185,100,99848,100,,,99817,100,,,,,,,,,,,,,,,,
2019-06-28 09:30:00.000000016,100086,100,100000,100,100095,100,99954,100,100106,100,99938,100,100116,100,99934,100,100185,100,99933,100,,,99848,100,,,99817,100,,,,,,,,,,,,
2019-06-28 09:30:00.000000017,100024,100,100000,100,100086,100,99954,100,100095,100,99938,100,100106,100,99934,100,100116,100,99933,100,100185,100,99848,100,,,99817,100,,,,,,,,,,,,
2019-06-28 09:30:00.000000018,100024,100,99954,100,100086,100,99938,100,100095,100,99934,100,100106,100,99933,100,100116,100,99848,100,100161,100,99817,100,100185,100,,,,,,,,,,,,,,
2019-06-28 09:30:00.000000019,100024,100,99985,100,100086,100,99954,100,100095,100,99938,100,100106,100,99934,100,100116,100,99933,100,100161,100,99848,100,100185,100,99817,100,,,,,,,,,,,,
2019-06-28 09:30:00.000000024,100024,100,99985,100,100086,100,99954,100,100095,100,99938,100,100106,100,99934,100,100116,100,99933,100,100161,100,99848,100,100185,100,99817,200,,,,,,,,,,,,
2019-06-28 09:30:00.000000025,100024,100,99985,100,100086,100,99954,100,100095,100,99938,100,100106,100,99934,100,100116,100,99933,100,100158,100,99905,100,100161,100,99848,100,100185,100,99817,200,,,,,,,,
2019-06-28 09:30:00.000000028,100024,100,99985,100,100086,100,99954,100,100095,100,99938,100,100106,100,99934,100,100116,100,99933,100,100158,100,99905,100,100161,100,99858,100,100185,100,99848,100,,,99817,200,,,,
2019-06-28 09:30:00.000000029,100086,100,99985,100,100095,100,99968,100,100106,100,99954,100,100116,100,99938,100,100158,100,99934,100,100161,100,99933,100,100185,100,99905,100,,,99858,100,,,99848,100,,,99817,200
2019-06-28 09:30:00.000000030,99988,100,99985,100,100086,100,99968,100,100095,100,99954,100,100106,100,99938,100,100116,100,99934,100,100150,100,99933,100,100158,100,99905,100,100161,100,99858,100,100185,100,99848,100,,,99817,200
2019-06-28 09:30:00.000000032,99988,100,99985,100,100086,100,99968,100,100095,100,99954,100,100106,100,99938,100,100116,100,99934,100,100150,100,99933,100,100158,100,99905,100,100161,100,99858,100,100185,100,99848,100,,,99845,100
2019-06-28 09:30:00.000000033,99988,100,99985,100,100071,100,99968,100,100086,100,99954,100,100095,100,99938,100,100106,100,99934,100,100116,100,99933,100,100150,100,99905,100,100158,100,99858,100,100161,100,99848,100,100185,100,99845,100
2019-06-28 09:30:00.000000035,100071,100,99985,100,100086,100,99968,100,100095,100,99954,100,100106,100,99938,100,100116,100,99934,100,100150,100,99933,100,100158,100,99905,100,100161,100,99858,100,100185,100,99848,100,,,99845,100
2019-06-28 09:30:00.000000038,100071,100,99968,100,100086,100,99954,100,100095,100,99938,100,100106,100,99934,100,100116,100,99933,100,100150,100,99905,100,100158,100,99858,100,100161,100,99848,100,100185,100,99845,100,,,99817,200
2019-06-28 09:30:00.000000041,100071,100,99968,100,100084,100,99954,100,100086,100,99938,100,100095,100,99934,100,100106,100,99933,100,100116,100,99905,100,100150,100,99858,100,100158,100,99848,100,100161,100,99845,100,100185,100,99817,200
2019-06-28 09:30:00.000000042,100071,100,99968,100,100084,100,99954,100,100086,100,99940,100,100095,100,99938,100,100106,100,99934,100,100116,100,99933,100,100150,100,99905,100,100158,100,99858,100,100161,100,99848,100,100185,100,99845,100
2019-06-28 09:30:00.000000045,100011,100,99968,100,100071,100,99954,100,100084,100,99940,100,100086,100,99938,100,100095,100,99934,100,100099,100,99933,100,100106,100,99905,100,100116,100,99858,100,100150,100,99848,100,100158,100,99845,100
2019-06-28 09:30:00.000000047,99988,100,99968,100,100011,100,99954,100,100071,100,99940,100,100084,100,99938,100,100086,100,99934,100,100095,100,99933,100,100099,100,99905,100,100106,100,99858,100,100116,100,99848,100,100150,100,99845,100
2019-06-28 09:30:00.000000049,99988,100,99968,100,100011,100,99964,100,100071,100,99955,100,100084,100,99954,100,100086,100,99940,100,100095,100,99938,100,100099,100,99934,100,100106,100,99933,100,100116,100,99905,100,100150,100,99858,100
2019-06-28 09:30:00.000000050,99988,100,99968,100,100011,100,99964,100,100066,100,99955,100,100071,100,99954,100,100084,100,99940,100,100086,100,99938,100,100095,100,99934,100,100099,100,99933,100,100106,100,99905,100,100116,100,99858,100
2019-06-28 09:30:00.000000051,100011,100,99968,100,100066,100,99964,100,100071,100,99955,100,100084,100,99954,100,100086,100,99940,100,100095,100,99938,100,100099,100,99934,100,100106,100,99933,100,100116,100,99905,100,100150,100,99858,100
2019-06-28 09:30:00.000000057,100011,100,99968,100,100066,100,99964,100,100071,100,99955,100,100084,100,99954,100,100086,100,99940,100,100095,100,99938,100,100099,100,99934,100,100103,100,99933,100,100106,100,99905,100,100116,100,99858,100
2019-06-28 09:30:00.000000059,100066,100,99968,100,100071,100,99964,100,100084,100,99955,100,100086,100,99954,100,100095,100,99940,100,100099,100,99938,100,100103,100,99934,100,100106,100,99933,100,100116,100,99905,100,100150,100,99858,100
2019-06-28 09:30:00.000000060,100066,100,99971,100,100071,100,99964,100,100084,100,99955,100,100086,100,99954,100,100095,100,99940,100,100099,100,99938,100,100103,100,99934,100,100106,100,99933,100,100116,100,99905,100,100150,100,99869,100
2019-06-28 09:30:00.000000061,100066,100,99971,100,100071,100,99968,100,100084,100,99964,100,100086,100,99955,100,100095,100,99954,100,100099,100,99940,100,100103,100,99938,100,100106,100,99934,100,100116,100,99933,100,100150,100,99905,100
2019-06-28 09:30:00.000000062,100066,100,99971,100,100071,100,99968,100,100084,100,99964,100,100086,100,99955,100,100095,100,99954,100,100099,100,99940,100,100103,100,99938,100,100106,100,99934,100,100116,100,99933,100,100150,100,99905,100
2019-06-28 09:30:00.000000064,100066,100,99968,100,100071,100,99964,100,100084,100,99955,100,100086,100,99954,100,100095,100,99940,100,100099,100,99938,100,100103,100,99934,100,100106,100,99933,100,100116,100,99905,100,100150,100,99881,100
2019-06-28 09:30:00.000000066,100066,100,99968,100,100071,200,99964,100,100084,100,99955,100,100086,100,99954,100,100095,100,99940,100,100099,100,99938,100,100103,100,99934,100,100106,100,99933,100,100116,100,99905,100,100150,100,99881,100
2019-06-28 09:30:00.000000068,100066,100,99968,100,100071,200,99964,100,100084,100,99955,100,100086,100,99954,100,100095,100,99940,100,100099,100,99938,100,100103,100,99934,100,100106,100,99933,100,100116,100,99905,100,100125,100,99881,100
2019-06-28 09:30:00.000000074,100066,100,99968,100,100071,200,99964,100,100084,100,99955,100,100086,100,99954,100,100095,100,99940,100,100099,100,99938,100,100103,100,99934,100,100106,100,99933,100,100116,100,99914,100,100125,100,99905,100
2019-06-28 09:30:00.000000075,100042,100,99968,100,100066,100,99964,100,100071,200,99955,100,100084,100,99954,100,100086,100,99940,100,100095,100,99938,100,100099,100,99934,100,100103,100,99933,100,100106,100,99914,100,100116,100,99905,100
2019-06-28 09:30:00.000000077,99985,100,99968,100,100042,100,99964,100,100066,100,99955,100,100071,200,99954,100,100084,100,99940,100,100086,100,99938,100,100095,100,99934,100,100099,100,99933,100,100103,100,99914,100,100106,100,99905,100
2019-06-28 09:30:00.000000078,99985,100,99969,100,100042,100,99968,100,100066,100,99964,100,100071,200,99955,100,100084,100,99954,100,100086,100,99940,100,100095,100,99938,100,100099,100,99934,100,100103,100,99933,100,100106,100,99914,100
2019-06-28 09:30:00.000000085,99971,100,99969,200,99985,100,99968,100,100042,100,99964,100,100066,100,99955,100,100071,200,99954,100,100084,100,99940,100,100086,100,99938,100,100095,100,99934,100,100099,100,99933,100,100103,100,99914,100
2019-06-28 09:30:00.000000086,99985,100,99969,200,100042,100,99968,100,100066,100,99964,100,100068,100,99955,100,100071,200,99954,100,100084,100,99940,100,100086,100,99938,100,100095,100,99934,100,100099,100,99933,100,100103,100,99914,100
2019-06-28 09:30:00.000000089,99985,100,99971,100,100042,100,99969,200,100066,100,99968,100,100068,100,99964,100,100071,200,99955,100,100084,100,99954,100,100086,100,99940,100,100095,100,99938,100,100099,100,99934,100,100103,100,99933,100
2019-06-28 09:30:00.000000090,100042,100,99971,100,100066,100,99969,200,100068,100,99968,100,100071,200,99964,100,100084,100,99955,100,100086,100,99954,100,100095,100,99940,100,100099,100,99939,100,100103,100,99938,100,100106,100,99934,100
2019-06-28 09:30:00.000000091,100042,100,100008,100,100066,100,99972,100,100068,100,99971,100,100071,200,99969,200,100084,100,99968,100,100086,100,99964,100,100095,100,99955,100,100099,100,99954,100,100103,100,99940,100,100106,100,99939,100
2019-06-28 09:30:00.000000092,100042,100,99972,100,100066,100,99971,100,100068,100,99969,200,100071,200,99968,100,100084,100,99964,100,100086,100,99955,100,100095,100,99954,100,100099,100,99940,100,100103,100,99939,100,100106,100,99938,100
2019-06-28 09:30:00.000000097,100042,100,99971,100,100066,100,99969,200,100068,100,99968,100,100071,200,99964,100,100084,100,99955,100,100086,100,99954,100,100095,100,99940,100,100099,100,99939,100,100103,100,99938,100,100106,100,99934,100
2019-06-28 09:30:02.274416224,100042,100,99971,100,100066,100,99969,200,100068,100,99968,100,100071,200,99964,100,100084,100,99955,100,100086,100,99954,100,100095,100,99940,100,100099,100,99939,100,100103,100,99938,100,100106,100,99934,100
2019-06-28 09:30:10.000000000,100042,282,99971,282,100066,282,99969,382,100068,100,99968,100,100071,200,99964,100,100084,100,99955,100,100086,100,99954,100,100095,100,99940,100,100099,100,99939,100,100103,100,99938,100,100106,100,99934,100
2019-06-28 09:30:16.817614581,100042,282,99971,182,100066,282,99969,382,100068,100,99968,100,100071,200,99964,100,100084,100,99955,100,100086,100,99954,100,100095,100,99940,100,100099,100,99939,100,100103,100,99938,100,100106,100,99934,100
2019-06-28 09:30:20.000000000,100042,282,99969,382,100066,282,99968,282,100068,100,99964,100,100071,200,99955,100,100084,100,99954,100,100086,100,99940,100,100095,100,99939,100,100099,100,99938,100,100103,100,99934,100,100106,100,99933,200
2019-06-28 09:30:30.000000000,100042,173,99969,273,100066,173,99968,173,100068,173,99964,173,100071,273,99955,173,100084,173,99954,173,100086,100,99940,100,100095,100,99939,100,100099,100,99938,100,100103,100,99934,100,100106,100,99933,200
2019-06-28 09:30:35.019543538,100008,100,99969,273,100042,173,99968,173,100066,173,99964,173,100068,173,99955,173,100071,273,99954,173,100084,173,99940,100,100086,100,99939,100,100095,100,99938,100,100099,100,99934,100,100103,100,99933,100
2019-06-28 09:30:40.000000000,100008,191,99969,291,100042,191,99968,191,100066,191,99964,191,100068,191,99955,191,100071,200,99954,100,100084,100,99940,100,100086,100,99939,100,100095,100,99938,100,100099,100,99934,100,100103,100,99933,100
2019-06-28 09:30:42.348509501,100008,191,99969,291,100042,191,99968,191,100066,191,99964,191,100068,191,99955,191,100071,200,99954,100,100084,100,99940,100,100086,100,99939,100,100095,100,99938,100,100099,100,99934,100,100103,100,99933,100
2019-06-28 09:30:50.000000000,100008,224,99969,324,100042,220,99968,220,100066,220,99964,220,100068,100,99955,100,100071,200,99954,100,100084,100,99940,100,100086,100,99939,100,100095,100,99938,100,100099,100,99934,100,100103,100,99933,100
2019-06-28 09:31:00.000000000,100008,224,99969,324,100042,220,99968,220,100066,220,99964,220,100068,100,99955,100,100071,200,99954,100,100084,100,99940,100,100086,100,99939,100,100095,100,99938,100,100099,100,99934,100,100103,100,99933,100
2019-06-28 09:31:10.000000000,100008,282,99969,382,100042,282,99968,282,100066,100,99964,100,100068,100,99955,100,100071,200,99954,100,100084,100,99940,100,100086,100,99939,100,100095,100,99938,100,100099,100,99934,100,100103,100,99933,100
2019-06-28 09:31:11.490045084,100008,282,99969,282,100042,282,99968,282,100066,100,99964,100,100068,100,99955,100,100071,100,99954,100,100084,100,99940,100,100086,100,99939,100,100095,100,99938,100,100099,100,99934,100,100103,100,99933,100
2019-06-28 09:31:18.520496445,100008,282,99969,182,100042,282,99968,282,100066,100,99964,100,100068,100,99955,100,100071,100,99954,100,100084,100,99940,100,100086,100,99939,100,100095,100,99938,100,100099,100,99934,100,100103,100,99933,100
2019-06-28 09:31:20.000000000,100008,464,99968,464,100042,100,99964,100,100066,100,99955,100,100068,100,99954,100,100071,100,99940,100,100084,100,99939,100,100086,100,99938,100,100095,100,99934,100,100099,100,99933,100,100103,100,99914,100
2019-06-28 09:31:25.383115128,100008,464,99968,364,100042,100,99964,100,100066,100,99955,100,100068,100,99940,100,100071,100,99939,100,100084,100,99938,100,100086,100,99934,100,100095,100,99933,100,100099,100,99914,100,100103,100,99905,100
2019-06-28 09:31:29.576669371,99969,100,99968,364,100008,464,99964,100,100042,100,99955,100,100066,100,99940,100,100068,100,99939,100,100071,100,99938,100,100084,100,99934,100,100086,100,99933,100,100095,100,99914,100,100099,100,99905,100
2019-06-28 09:31:30.000000000,99969,173,99964,173,100008,173,99955,173,100042,173,99940,173,100066,173,99939,173,100068,173,99938,173,100071,100,99934,100,100084,100,99933,100,100086,100,99914,100,100095,100,99905,100,100099,100,99881,100
2019-06-28 09:31:34.030643664,99969,273,99964,173,100008,173,99955,173,100042,173,99940,173,100066,173,99939,173,100068,173,99938,173,100071,100,99934,100,100084,100,99933,100,100086,100,99914,100,100095,100,99905,100,100099,100,99881,100
2019-06-28 09:31:40.000000000,99969,291,99964,191,100008,191,99955,191,100042,191,99940,191,100066,191,99939,191,100068,100,99938,100,100071,100,99934,100,100084,100,99933,100,100086,100,99914,100,100095,100,99905,100,100099,100,99881,100
2019-06-28 09:31:50.000000000,99969,273,99964,173,100008,173,99955,173,100042,173,99940,173,100066,173,99939,173,100068,173,99938,173,100071,100,99934,100,100084,100,99933,100,100086,100,99914,100,100095,100,99905,100,100099,100,99881,100
2019-06-28 09:32:00.000000000,99969,564,99964,464,100008,100,99955,100,100042,100,99940,100,100066,100,99939,100,100068,100,99938,100,100071,100,99934,100,100084,100,99933,100,100086,100,99914,100,100095,100,99905,100,100099,100,99881,100
2019-06-28 09:32:08.636351522,99969,664,99964,464,100008,100,99955,100,100042,100,99940,100,100066,100,99939,100,100068,100,99938,100,100071,100,99934,100,100084,100,99933,100,100086,100,99914,100,100095,100,99905,100,100099,100,99881,100
2019-06-28 09:32:10.000000000,99969,373,99964,173,100008,173,99955,173,100042,173,99940,173,100066,173,99939,173,100068,173,99938,173,100071,100,99934,100,100084,100,99933,100,100086,100,99914,100,100095,100,99905,100,100099,100,99881,100
2019-06-28 09:32:17.369507176,99969,373,99964,173,100008,173,99955,173,100042,173,99940,173,100066,173,99939,173,100068,173,99938,173,100071,100,99934,100,100086,100,99933,100,100095,100,99914,100,100099,100,99905,100,100103,100,99881,100
2019-06-28 09:32:20.000000000,99969,373,99964,173,100008,173,99955,173,100042,173,99940,173,100066,173,99939,173,100068,173,99938,173,100071,100,99934,100,100086,100,99933,100,100095,100,99914,100,100099,100,99905,100,100103,100,99881,100
2019-06-28 09:32:30.000000000,99969,664,99964,464,100008,100,99955,100,100042,100,99940,100,100066,100,99939,100,100068,100,99938,100,100071,100,99934,100,100086,100,99933,100,100095,100,99914,100,100099,100,99905,100,100103,100,99881,100
2019-06-28 09:32:40.000000000,99969,373,99964,173,100008,173,99955,173,100042,173,99940,173,100066,173,99939,173,100068,173,99938,173,100071,100,99934,100,100086,100,99933,100,100095,100,99914,100,100099,100,99905,100,100103,100,99881,100
2019-06-28 09:32:50.000000000,99969,373,99964,173,100008,173,99955,173,100042,173,99940,173,100066,173,99939,173,100068,173,99938,173,100071,100,99934,100,100086,100,99933,100,100095,100,99914,100,100099,100,99905,100,100103,100,99881,100
2019-06-28 09:33:00.000000000,99969,482,99964,282,100008,282,99955,282,100042,100,99940,100,100066,100,99939,100,100068,100,99938,100,100071,100,99934,100,100086,100,99933,100,100095,100,99914,100,100099,100,99905,100,100103,100,99881,100
2019-06-28 09:33:10.000000000,99969,664,99964,464,100008,100,99955,100,100042,100,99940,100,100066,100,99939,100,100068,100,99938,100,100071,100,99934,100,100086,100,99933,100,100095,100,99914,100,100099,100,99905,100,100103,100,99881,100
2019-06-28 09:33:20.000000000,99969,373,99964,173,100008,173,99955,173,100042,173,99940,173,100066,173,99939,173,100068,173,99938,173,100071,100,99934,100,100086,100,99933,100,100095,100,99914,100,100099,100,99905,100,100103,100,99881,100
2019-06-28 09:33:30.000000000,99969,482,99964,282,100008,282,99955,282,100042,100,99940,100,100066,100,99939,100,100068,100,99938,100,100071,100,99934,100,100086,100,99933,100,100095,100,99914,100,100099,100,99905,100,100103,100,99881,100
2019-06-28 09:33:40.000000000,99969,424,99964,224,100008,220,99955,220,100042,220,99940,220,100066,100,99939,100,100068,100,99938,100,100071,100,99934,100,100086,100,99933,100,100095,100,99914,100,100099,100,99905,100,100103,100,99881,100
2019-06-28 09:33:50.000000000,99969,391,99964,191,100008,191,99955,191,100042,191,99940,191,100066,191,99939,191,100068,100,99938,100,100071,100,99934,100,100086,100,99933,100,100095,100,99914,100,100099,100,99905,100,100103,100,99881,100
2019-06-28 09:33:52.466731387,99969,291,99964,191,100008,191,99955,191,100042,191,99940,191,100066,191,99939,191,100068,100,99938,100,100071,100,99934,100,100086,100,99914,100,100095,100,99905,100,100099,100,99881,100,100103,100,99874,100
2019-06-28 09:34:00.000000000,99969,324,99964,224,100008,220,99955,220,100042,220,99940,220,100066,100,99939,100,100068,100,99938,100,100071,100,99934,100,100086,100,99914,100,100095,100,99905,100,100099,100,99881,100,100103,100,99874,100
2019-06-28 09:34:10.000000000,99969,382,99964,282,100008,282,99955,282,100042,100,99940,100,100066,100,99939,100,100068,100,99938,100,100071,100,99934,100,100086,100,99914,100,100095,100,99905,100,100099,100,99881,100,100103,100,99874,100
2019-06-28 09:34:20.000000000,99969,273,99964,173,100008,173,99955,173,100042,173,99940,173,100066,173,99939,173,100068,173,99938,173,100071,100,99934,100,100086,100,99914,100,100095,100,99905,100,100099,100,99881,100,100103,100,99874,100
2019-06-28 09:34:30.000000000,99969,382,99964,282,100008,282,99955,282,100042,100,99940,100,100066,100,99939,100,100068,100,99938,100,100071,100,99934,100,100086,100,99914,100,100095,100,99905,100,100099,100,99881,100,100103,100,99874,100
2019-06-28 09:34:38.423646916,99969,282,99964,282,100008,282,99955,282,100042,100,99940,100,100066,100,99939,100,100068,100,99938,100,100071,100,99934,100,100086,100,99914,100,100095,100,99905,100,100099,100,99881,100,100103,100,99874,100
2019-06-28 09:34:38.745699535,99969,282,99964,282,100008,282,99955,282,100042,100,99940,100,100066,100,99939,100,100068,100,99938,100,100071,100,99934,100,100086,100,99914,100,100095,100,99905,100,100099,100,99881,100,100103,100,99874,100
2019-06-28 09:34:40.000000000,99969,224,99964,224,100008,220,99955,220,100042,220,99940,220,100066,100,99939,100,100068,100,99938,100,100071,100,99934,100,100086,100,99914,100,100095,100,99905,100,100099,100,99881,100,100103,100,99874,100
2019-06-28 09:34:45.913699696,99969,224,99964,224,100008,220,99955,220,100042,220,99940,220,100066,100,99939,100,100068,100,99938,100,100071,100,99934,100,100086,100,99914,100,100095,100,99905,100,100099,100,99881,100,100103,100,99874,100
2019-06-28 09:34:46.336286651,99969,124,99964,224,100008,220,99955,220,100042,220,99940,220,100066,100,99939,100,100068,100,99938,100,100071,100,99934,100,100086,100,99914,100,100095,100,99905,100,100099,100,99881,100,100103,100,99874,100
2019-06-28 09:34:49.032023855,99969,24,99964,224,100008,220,99955,220,100042,220,99940,220,100066,100,99939,100,100068,100,99938,100,100071,100,99934,100,100086,100,99914,100,100095,100,99905,100,100099,100,99881,100,100103,100,99874,100
2019-06-28 09:34:50.000000000,100008,464,99964,464,100042,100,99955,100,100066,100,99940,100,100068,100,99939,100,100071,100,99938,100,100086,100,99934,100,100095,100,99914,100,100099,100,99905,100,100103,100,99881,100,100106,100,99874,100
2019-06-28 09:35:00.000000000,100008,282,99964,282,100042,282,99955,282,100066,100,99940,100,100068,100,99939,100,100071,100,99938,100,100086,100,99934,100,100095,100,99914,100,100099,100,99905,100,100103,100,99881,100,100106,100,99874,100
2019-06-28 09:35:06.023105743,100008,182,99964,282,100042,282,99955,282,100066,100,99940,100,100068,100,99939,100,100071,100,99938,100,100086,100,99934,100,100095,100,99914,100,100099,100,99905,100,100103,100,99881,100,100106,100,99874,100
2019-06-28 09:35:10.000000000,100042,224,99964,224,100066,220,99955,220,100068,220,99940,220,100071,100,99939,100,100086,100,99938,100,100095,100,99934,100,100099,100,99914,100,100103,100,99905,100,100106,100,99881,100,100116,100,99874,100
2019-06-28 09:35:10.623058864,100042,124,99964,224,100066,220,99955,220,100068,220,99940,220,100071,100,99939,100,100086,100,99938,100,100095,100,99934,100,100099,100,99914,100,100103,100,99905,100,100106,100,99881,100,100116,100,99874,100
2019-06-28 09:35:20.000000000,100066,464,99964,464,100068,100,99955,100,100071,100,99940,100,100086,100,99939,100,100095,100,99938,100,100099,100,99934,100,100103,100,99914,100,100106,100,99905,100,100116,100,99881,100,100125,100,99874,100
2019-06-28 09:35:22.474311530,100066,464,100008,100,100068,100,99964,464,100071,100,99955,100,100086,100,99940,100,100095,100,99939,100,100099,100,99938,100,100103,100,99934,100,100106,100,99914,100,100116,100,99905,100,100125,100,99881,100
2019-06-28 09:35:30.000000000,100066,173,100008,173,100068,173,99964,173,100071,173,99955,173,100086,173,99940,173,100095,173,99939,173,100099,100,99938,100,100103,100,99934,100,100106,100,99914,100,100116,100,99905,100,100125,100,99881,100
2019-06-28 09:35:40.000000000,100066,464,100008,464,100068,100,99964,100,100071,100,99955,100,100086,100,99940,100,100095,100,99939,100,100099,100,99938,100,100103,100,99934,100,100106,100,99914,100,100116,100,99905,100,100125,100,99881,100
2019-06-28 09:35:41.386044652,100066,464,100008,464,100068,100,99964,100,100071,100,99955,100,100086,100,99940,100,100095,100,99939,100,100099,100,99938,100,100103,100,99934,100,100106,100,99914,100,100116,100,99905,100,100119,100,99881,100
2019-06-28 09:35:46.241135123,100066,464,100008,464,100068,100,99964,100,100071,100,99955,100,100086,100,99940,100,100095,100,99939,100,100099,100,99938,100,100103,100,99934,100,100106,100,99914,100,100116,100,99905,100,100119,100,99881,100
2019-06-28 09:35:50.000000000,100066,224,100008,224,100068,220,99964,220,100071,220,99955,220,100086,100,99940,100,100095,100,99939,100,100099,100,99938,100,100103,100,99934,100,100106,100,99914,100,100116,100,99905,100,100119,100,99881,100
2019-06-28 09:35:53.925880429,100066,224,100008,224,100068,220,99995,100,100071,220,99964,220,100086,100,99955,220,100095,100,99940,100,100099,100,99939,100,100103,100,99938,100,100106,100,99934,100,100116,100,99914,100,100119,100,99905,100
2019-06-28 09:36:00.000000000,100066,224,100008,224,100068,220,99995,220,100071,220,99964,220,100086,100,99955,100,100095,100,99940,100,100099,100,99939,100,100103,100,99938,100,100106,100,99934,100,100116,100,99914,100,100119,100,99905,100
2019-06-28 09:36:10.000000000,100066,282,100008,282,100068,282,99995,282,100071,100,99964,100,100086,100,99955,100,100095,100,99940,100,100099,100,99939,100,100103,100,99938,100,100106,100,99934,100,100116,100,99914,100,100119,100,99905,100
2019-06-28 09:36:12.749700048,100066,282,100008,282,100068,282,99995,282,100071,100,99964,100,100086,100,99955,100,100095,100,99940,100,100099,100,99939,100,100103,100,99938,100,100106,100,99934,100,100116,100,99914,100,100119,100,99905,100
2019-06-28 09:36:13.854620388,100066,282,100008,282,100068,282,99995,282,100071,100,99964,100,100086,100,99955,100,100095,100,99940,100,100099,100,99939,100,100103,100,99938,100,100106,100,99934,100,100116,100,99916,100,100119,100,99914,100
2019-06-28 09:36:20.000000000,100066,282,100008,282,100068,282,99995,282,100071,100,99964,100,100086,100,99955,100,100095,100,99940,100,100099,100,99939,100,100103,100,99938,100,100106,100,99934,100,100116,100,99916,100,100119,100,99914,100
2019-06-28 09:36:30.000000000,100066,464,100008,464,100068,100,99995,100,100071,100,99964,100,100086,100,99955,100,100095,100,99940,100,100099,100,99939,100,100103,100,99938,100,100106,100,99934,100,100116,100,99916,100,100119,100,99914,100
2019-06-28 09:36:40.000000000,100066,282,100008,282,100068,282,99995,282,100071,100,99964,100,100086,100,99955,100,100095,100,99940,100,100099,100,99939,100,100103,100,99938,100,100106,100,99934,100,100116,100,99916,100,100119,100,99914,100
2019-06-28 09:36:42.534949012,100066,282,100008,282,100068,282,99995,282,100071,100,99964,100,100086,100,99955,100,100095,100,99940,100,100099,100,99939,100,100103,100,99938,100,100106,100,99934,100,100116,100,99916,100,100119,100,99914,100
2019-06-28 09:36:50.000000000,100066,191,100008,191,100068,191,99995,191,100071,191,99964,191,100086,191,99955,191,100095,100,99940,100,100099,100,99939,100,100103,100,99938,100,100106,100,99934,100,100116,100,99916,100,100119,100,99914,100
2019-06-28 09:36:59.680443862,100066,191,100008,191,100068,191,99995,191,100071,191,99964,191,100086,191,99955,191,100095,100,99940,100,100099,100,99939,100,100103,100,99938,100,100106,100,99934,100,100116,100,99916,100,100119,100,99914,100
2019-06-28 09:37:00.000000000,100066,464,100008,464,100068,100,99995,100,100071,100,99964,100,100086,100,99955,100,100095,100,99940,100,100099,100,99939,100,100103,100,99938,100,100106,100,99934,100,100116,100,99916,100,100119,100,99914,100
2019-06-28 09:37:10.000000000,100066,173,100008,173,100068,173,99995,173,100071,173,99964,173,100086,173,99955,173,100095,173,99940,173,100099,100,99939,100,100103,100,99938,100,100106,100,99934,100,100116,100,99916,100,100119,100,99914,100
2019-06-28 09:37:20.000000000,100066,464,100008,464,100068,100,99995,100,100071,100,99964,100,100086,100,99955,100,100095,100,99940,100,100099,100,99939,100,100103,100,99938,100,100106,100,99934,100,100116,100,99916,100,100119,100,99914,100
2019-06-28 09:37:28.154892290,100066,364,100008,464,100068,100,99995,100,100071,100,99964,100,100086,100,99955,100,100095,100,99940,100,100099,100,99939,100,100103,100,99938,100,100106,100,99934,100,100116,100,99916,100,100119,100,99914,100
2019-06-28 09:37:29.920079820,100066,364,100008,464,100068,100,99995,100,100071,100,99964,100,100086,100,99955,100,100095,100,99940,100,100099,100,99939,100,100103,100,99938,100,100106,100,99934,100,100116,100,99916,100,100119,100,99914,100
2019-06-28 09:37:30.000000000,100068,191,100008,191,100071,191,99995,191,100086,191,99964,191,100095,191,99955,191,100099,100,99940,100,100103,100,99939,100,100106,100,99938,100,100116,100,99934,100,100119,100,99916,100,100150,100,99914,100
2019-06-28 09:37:37.120557786,100068,191,100042,100,100071,191,100008,191,100086,191,99995,191,100095,191,99964,191,100099,100,99955,191,100103,100,99940,100,100106,100,99939,100,100116,100,99938,100,100119,100,99934,100,100150,100,99916,100
2019-06-28 09:37:40.000000000,100068,191,100042,191,100071,191,100008,191,100086,191,99995,191,100095,191,99964,191,100099,100,99955,100,100103,100,99940,100,100106,100,99939,100,100116,100,99938,100,100119,100,99934,100,100150,100,99916,100
2019-06-28 09:37:50.000000000,100068,173,100042,173,100071,173,100008,173,100086,173,99995,173,100095,173,99964,173,100099,173,99955,173,100103,100,99940,100,100106,100,99939,100,100116,100,99938,100,100119,100,99934,100,100150,100,99916,100
2019-06-28 09:38:00.000000000,100068,173,100042,173,100071,173,100008,173,100086,173,99995,173,100095,173,99964,173,100099,173,99955,173,100103,100,99940,100,100106,100,99939,100,100116,100,99938,100,100119,100,99934,100,100150,100,99916,100
2019-06-28 09:38:10.000000000,100068,191,100042,191,100071,191,100008,191,100086,191,99995,191,100095,191,99964,191,100099,100,99955,100,100103,100,99940,100,100106,100,99939,100,100116,100,99938,100,100119,100,99934,100,100150,100,99916,100
2019-06-28 09:38:19.766070626,100068,191,100042,191,100071,191,100008,191,100086,191,99995,191,100095,191,99964,191,100099,100,99955,100,100103,100,99950,100,100106,100,99940,100,100116,100,99939,100,100119,100,99938,100,100150,100,99934,100
2019-06-28 09:38:20.000000000,100068,224,100042,224,100071,220,100008,220,100086,220,99995,220,100095,100,99964,100,100099,100,99955,100,100103,100,99950,100,100106,100,99940,100,100116,100,99939,100,100119,100,99938,100,100150,100,99934,100
2019-06-28 09:38:30.000000000,100068,191,100042,191,100071,191,100008,191,100086,191,99995,191,100095,191,99964,191,100099,100,99955,100,100103,100,99950,100,100106,100,99940,100,100116,100,99939,100,100119,100,99938,100,100150,100,99934,100
2019-06-28 09:38:32.748668508,100068,91,100042,191,100071,191,100008,191,100086,191,99995,191,100095,191,99964,191,100099,100,99955,100,100103,100,99950,100,100106,100,99940,100,100116,100,99939,100,100119,100,99938,100,100150,100,99934,100
2019-06-28 09:38:40.000000000,100071,173,100042,173,100086,173,100008,173,100095,173,99995,173,100099,173,99964,173,100103,173,99955,173,100106,100,99950,100,100116,100,99940,100,100119,100,99939,100,100150,100,99938,100,100157,100,99934,100
2019-06-28 09:38:47.592856994,100071,173,100042,173,100086,173,100008,173,100095,173,99995,173,100099,173,99964,173,100103,173,99955,173,100106,100,99950,100,100116,100,99940,100,100119,100,99938,100,100150,100,99934,100,100157,100,99916,100
2019-06-28 09:38:50.000000000,100071,191,100042,191,100086,191,100008,191,100095,191,99995,191,100099,191,99964,191,100103,100,99955,100,100106,100,99950,100,100116,100,99940,100,100119,100,99938,100,100150,100,99934,100,100157,100,99916,100
2019-06-28 09:39:00.000000000,100071,282,100042,282,100086,282,100008,282,100095,100,99995,100,100099,100,99964,100,100103,100,99955,100,100106,100,99950,100,100116,100,99940,100,100119,100,99938,100,100150,100,99934,100,100157,100,99916,100
2019-06-28 09:39:04.729381676,100071,182,100042,282,100086,282,100008,282,100095,100,99995,100,100099,100,99964,100,100106,100,99955,100,100116,100,99950,100,100119,100,99940,100,100150,100,99938,100,100157,100,99934,100,100161,100,99916,100
2019-06-28 09:39:06.286902466,100071,82,100042,282,100086,282,100008,282,100095,100,99995,100,100099,100,99964,100,100106,100,99955,100,100116,100,99950,100,100119,100,99940,100,100150,100,99938,100,100157,100,99934,100,100161,100,99916,100
2019-06-28 09:39:10.000000000,100086,282,100042,282,100095,282,100008,282,100099,100,99995,100,100106,100,99964,100,100116,100,99955,100,100119,100,99950,100,100150,100,99940,100,100157,100,99938,100,100161,100,99934,100,100185,100,99916,100
2019-06-28 09:39:13.283134543,100086,182,100042,282,100095,282,100008,282,100099,100,99995,100,100106,100,99964,100,100116,100,99955,100,100119,100,99950,100,100150,100,99940,100,100157,100,99938,100,100161,100,99934,100,100185,100,99916,100
2019-06-28 09:39:20.000000000,100095,224,100042,224,100099,220,100008,220,100106,220,99995,220,100116,100,99964,100,100119,100,99955,100,100150,100,99950,100,100157,100,99940,100,100161,100,99938,100,100185,100,99934,100,100320,100,99916,100
2019-06-28 09:39:30.000000000,100095,191,100042,191,100099,191,100008,191,100106,191,99995,191,100116,191,99964,191,100119,100,99955,100,100150,100,99950,100,100157,100,99940,100,100161,100,99938,100,100185,100,99934,100,100320,100,99916,100
2019-06-28 09:39:40.000000000,100095,224,100042,224,100099,220,100008,220,100106,220,99995,220,100116,100,99964,100,100119,100,99955,100,100150,100,99950,100,100157,100,99940,100,100161,100,99938,100,100185,100,99934,100,100320,100,99916,100
2019-06-28 09:39:50.000000000,100095,464,100042,464,100099,100,100008,100,100106,100,99995,100,100116,100,99964,100,100119,100,99955,100,100150,100,99950,100,100157,100,99940,100,100161,100,99938,100,100185,100,99934,100,100320,100,99916,100
2019-06-28 09:40:00.000000000,100095,464,100042,464,100099,100,100008,100,100106,100,99995,100,100116,100,99964,100,100119,100,99955,100,100150,100,99950,100,100157,100,99940,100,100161,100,99938,100,100185,100,99934,100,100320,100,99916,100
2019-06-28 09:40:02.727496287,100095,464,100042,464,100099,100,100008,100,100106,100,99995,100,100116,100,99964,100,100119,100,99955,100,100150,100,99950,100,100157,100,99940,100,100161,100,99938,100,100185,100,99916,100,100320,100,99914,100
2019-06-28 09:40:10.000000000,100095,282,100042,282,100099,282,100008,282,100106,100,99995,100,100116,100,99964,100,100119,100,99955,100,100150,100,99950,100,100157,100,99940,100,100161,100,99938,100,100185,100,99916,100,100320,100,99914,100
2019-06-28 09:40:11.955060530,100095,282,100042,182,100099,282,100008,282,100106,100,99995,100,100116,100,99964,100,100119,100,99955,100,100150,100,99950,100,100157,100,99940,100,100161,100,99938,100,100185,100,99916,100,100320,100,99914,100
2019-06-28 09:40:16.918586679,100095,282,100042,82,100099,282,100008,282,100106,100,99995,100,100116,100,99964,100,100119,100,99955,100,100150,100,99950,100,100157,100,99940,100,100161,100,99938,100,100185,100,99916,100,100320,100,99914,100
2019-06-28 09:40:20.000000000,100095,282,100008,282,100099,282,99995,282,100106,100,99964,100,100116,100,99955,100,100119,100,99950,100,100150,100,99940,100,100157,100,99938,100,100161,100,99916,100,100185,100,99914,100,100320,100,99881,100
2019-06-28 09:40:26.069997923,100095,182,100008,282,100099,282,99995,282,100106,100,99964,100,100116,100,99955,100,100119,100,99950,100,100150,100,99940,100,100157,100,99938,100,100161,100,99916,100,100185,100,99914,100,100320,100,99881,100
2019-06-28 09:40:30.000000000,100099,224,100008,224,100106,220,99995,220,100116,220,99964,220,100119,100,99955,100,100150,100,99950,100,100157,100,99940,100,100161,100,99938,100,100185,100,99916,100,100320,100,99914,100,100393,100,99881,100
2019-06-28 09:40:30.989782234,100094,100,100008,224,100099,224,99995,220,100106,220,99964,220,100116,220,99955,100,100119,100,99950,100,100150,100,99940,100,100157,100,99938,100,100161,100,99916,100,100185,100,99914,100,100320,100,99881,100
2019-06-28 09:40:39.453707275,100094,100,100008,224,100099,224,99995,220,100106,220,99964,220,100116,220,99950,100,100119,100,99940,100,100150,100,99938,100,100157,100,99916,100,100161,100,99914,100,100185,100,99881,100,100320,100,99874,100
2019-06-28 09:40:40.000000000,100094,191,100008,191,100099,191,99995,191,100106,191,99964,191,100116,191,99950,191,100119,100,99940,100,100150,100,99938,100,100157,100,99916,100,100161,100,99914,100,100185,100,99881,100,100320,100,99874,100
2019-06-28 09:40:40.003324122,100094,191,100008,191,100099,191,99995,191,100106,191,99967,100,100116,191,99964,191,100119,100,99950,191,100150,100,99940,100,100157,100,99938,100,100161,100,99916,100,100185,100,99914,100,100320,100,99881,100
2019-06-28 09:40:45.458567025,100094,191,100072,100,100099,191,100008,191,100106,191,99995,191,100116,191,99967,100,100119,100,99964,191,100150,100,99950,191,100157,100,99940,100,100161,100,99938,100,100185,100,99916,100,100320,100,99914,100
2019-06-28 09:40:50.000000000,100094,191,100072,191,100099,191,100008,191,100106,191,99995,191,100116,191,99967,191,100119,100,99964,100,100150,100,99950,100,100157,100,99940,100,100161,100,99938,100,100185,100,99916,100,100320,100,99914,100
2019-06-28 09:41:00.000000000,100094,464,100072,464,100099,100,100008,100,100106,100,99995,100,100116,100,99967,100,100119,100,99964,100,100150,100,99950,100,100157,100,99940,100,100161,100,99938,100,100185,100,99916,100,100320,100,99914,100
2019-06-28 09:41:10.000000000,100094,173,100072,173,100099,173,100008,173,100106,173,99995,173,100116,173,99967,173,100119,173,99964,173,100150,100,99950,100,100157,100,99940,100,100161,100,99938,100,100185,100,99916,100,100320,100,99914,100
2019-06-28 09:41:15.095863164,100094,173,100072,173,100099,173,100008,173,100106,173,99995,173,100116,173,99967,173,100119,173,99964,173,100150,100,99940,100,100157,100,99938,100,100161,100,99916,100,100185,100,99914,100,100320,100,99881,100
2019-06-28 09:41:15.943926908,100094,273,100072,173,100099,173,100008,173,100106,173,99995,173,100116,173,99967,173,100119,173,99964,173,100150,100,99940,100,100157,100,99938,100,100161,100,99916,100,100185,100,99914,100,100320,100,99881,100
2019-06-28 09:41:16.572559775,100094,273,100072,73,100099,173,100008,173,100106,173,99995,173,100116,173,99967,173,100119,173,99964,173,100150,100,99940,100,100157,100,99938,100,100161,100,99916,100,100185,100,99914,100,100260,100,99881,100
2019-06-28 09:41:18.369323498,100094,273,100072,73,100099,173,100008,173,100106,173,99995,173,100116,173,99967,173,100119,173,99964,173,100150,100,99940,100,100157,100,99938,100,100161,100,99916,100,100185,100,99914,100,100320,100,99881,100
2019-06-28 09:41:20.000000000,100094,291,100008,191,100099,191,99995,191,100106,191,99967,191,100116,191,99964,191,100119,100,99940,100,100150,100,99938,100,100157,100,99916,100,100161,100,99914,100,100185,100,99881,100,100320,100,99875,100
2019-06-28 09:41:24.588852816,100015,100,100008,191,100094,291,99995,191,100099,191,99967,191,100106,191,99964,191,100116,191,99940,100,100119,100,99938,100,100150,100,99916,100,100157,100,99914,100,100161,100,99881,100,100185,100,99875,100
2019-06-28 09:41:25.783904356,100015,100,100008,191,100057,100,99995,191,100094,291,99967,191,100099,191,99964,191,100106,191,99940,100,100116,191,99938,100,100119,100,99916,100,100150,100,99914,100,100157,100,99881,100,100161,100,99875,100
2019-06-28 09:41:30.000000000,100015,282,100008,282,100057,282,99995,282,100094,200,99967,100,100099,100,99964,100,100106,100,99940,100,100116,100,99938,100,100119,100,99916,100,100150,100,99914,100,100157,100,99881,100,100161,100,99875,100
2019-06-28 09:41:30.846197550,100015,282,100008,282,100057,282,99995,282,100094,200,99967,100,100099,100,99964,100,100106,100,99940,100,100116,100,99938,100,100150,100,99916,100,100157,100,99914,100,100161,100,99881,100,100185,100,99875,100
2019-06-28 09:41:40.000000000,100015,464,100008,464,100057,100,99995,100,100094,200,99967,100,100099,100,99964,100,100106,100,99940,100,100116,100,99938,100,100150,100,99916,100,100157,100,99914,100,100161,100,99881,100,100185,100,99875,100
2019-06-28 09:41:50.000000000,100015,224,100008,224,100057,220,99995,220,100094,320,99967,220,100099,100,99964,100,100106,100,99940,100,100116,100,99938,100,100150,100,99916,100,100157,100,99914,100,100161,100,99881,100,100185,100,99875,100
2019-06-28 09:42:00.000000000,100015,464,100008,464,100057,100,99995,100,100094,200,99967,100,100099,100,99964,100,100106,100,99940,100,100116,100,99938,100,100150,100,99916,100,100157,100,99914,100,100161,100,99881,100,100185,100,99875,100
2019-06-28 09:42:10.000000000,100015,464,100008,464,100057,100,99995,100,100094,200,99967,100,100099,100,99964,100,100106,100,99940,100,100116,100,99938,100,100150,100,99916,100,100157,100,99914,100,100161,100,99881,100,100185,100,99875,100
2019-06-28 09:42:20.000000000,100015,191,100008,191,100057,191,99995,191,100094,291,99967,191,100099,191,99964,191,100106,100,99940,100,100116,100,99938,100,100150,100,99916,100,100157,100,99914,100,100161,100,99881,100,100185,100,99875,100
2019-06-28 09:42:22.904711627,100015,91,100008,191,100057,191,99995,191,100094,291,99967,191,100099,191,99964,191,100106,100,99940,100,100116,100,99938,100,100150,100,99916,100,100157,100,99914,100,100161,100,99881,100,100185,100,99875,100
2019-06-28 09:42:24.439000915,100015,91,100008,191,100056,100,99995,191,100057,191,99967,191,100094,291,99964,191,100099,191,99940,100,100106,100,99938,100,100116,100,99916,100,100150,100,99914,100,100157,100,99881,100,100161,100,99875,100
2019-06-28 09:42:30.000000000,100056,224,100008,224,100057,220,99995,220,100094,320,99967,220,100099,100,99964,100,100106,100,99940,100,100116,100,99938,100,100150,100,99916,100,100157,100,99914,100,100161,100,99881,100,100185,100,99875,100
2019-06-28 09:42:40.000000000,100056,173,100008,173,100057,173,99995,173,100094,273,99967,173,100099,173,99964,173,100106,173,99940,173,100116,100,99938,100,100150,100,99916,100,100157,100,99914,100,100161,100,99881,100,100185,100,99875,100
2019-06-28 09:42:43.848469539,100056,173,100008,173,100057,173,99995,173,100094,273,99967,173,100099,173,99964,173,100106,173,99940,173,100116,100,99938,100,100150,100,99916,100,100157,100,99914,100,100161,100,99881,100,100185,100,99875,100
2019-06-28 09:42:50.000000000,100056,191,100008,191,100057,191,99995,191,100094,291,99967,191,100099,191,99964,191,100106,100,99940,100,100116,100,99938,100,100150,100,99916,100,100157,100,99914,100,100161,100,99881,100,100185,100,99875,100
2019-06-28 09:43:00.000000000,100056,191,100008,191,100057,191,99995,191,100094,291,99967,191,100099,191,99964,191,100106,100,99940,100,100116,100,99938,100,100150,100,99916,100,100157,100,99914,100,100161,100,99881,100,100185,100,99875,100
2019-06-28 09:43:08.624929149,100056,191,100008,191,100057,191,99995,191,100094,291,99967,191,100099,191,99964,191,100106,100,99940,100,100116,100,99938,100,100150,100,99929,100,100157,100,99916,100,100161,100,99914,100,100185,100,99881,100
2019-06-28 09:43:10.000000000,100056,191,100008,191,100057,191,99995,191,100094,291,99967,191,100099,191,99964,191,100106,100,99940,100,100116,100,99938,100,100150,100,99929,100,100157,100,99916,100,100161,100,99914,100,100185,100,99881,100
2019-06-28 09:43:20.000000000,100056,464,100008,464,100057,100,99995,100,100094,200,99967,100,100099,100,99964,100,100106,100,99940,100,100116,100,99938,100,100150,100,99929,100,100157,100,99916,100,100161,100,99914,100,100185,100,99881,100
2019-06-28 09:43:29.905706036,100056,464,100008,464,100057,100,100002,100,100094,200,99995,100,100106,100,99967,100,100116,100,99964,100,100150,100,99940,100,100157,100,99938,100,100161,100,99929,100,100185,100,99916,100,100278,100,99914,100
2019-06-28 09:43:30.000000000,100056,282,100008,282,100057,282,100002,282,100094,200,99995,100,100106,100,99967,100,100116,100,99964,100,100150,100,99940,100,100157,100,99938,100,100161,100,99929,100,100185,100,99916,100,100278,100,99914,100
2019-06-28 09:43:34.762759948,100056,182,100008,282,100057,282,100002,282,100094,200,99995,100,100106,100,99967,100,100116,100,99964,100,100150,100,99940,100,100157,100,99938,100,100161,100,99929,100,100185,100,99916,100,100278,100,99914,100
2019-06-28 09:43:40.000000000,100057,173,100008,173,100094,273,100002,173,100106,173,99995,173,100116,173,99967,173,100150,173,99964,173,100157,100,99940,100,100161,100,99938,100,100185,100,99929,100,100278,100,99916,100,100320,100,99914,100
2019-06-28 09:43:40.508997053,100055,100,100008,173,100057,173,100002,173,100094,273,99995,173,100106,173,99967,173,100116,173,99964,173,100150,173,99940,100,100157,100,99938,100,100161,100,99929,100,100185,100,99916,100,100278,100,99914,100
2019-06-28 09:43:46.572881183,100055,100,100008,173,100057,173,100002,173,100094,273,99995,173,100106,73,99967,173,100116,173,99964,173,100150,173,99940,100,100157,100,99938,100,100161,100,99929,100,100185,100,99916,100,100278,100,99914,100
2019-06-28 09:43:50.000000000,100055,173,100008,173,100057,173,100002,173,100094,273,99995,173,100116,173,99967,173,100150,173,99964,173,100157,100,99940,100,100161,100,99938,100,100185,100,99929,100,100278,100,99916,100,100286,100,99914,100
2019-06-28 09:44:00.000000000,100055,173,100008,173,100057,173,100002,173,100094,273,99995,173,100116,173,99967,173,100150,173,99964,173,100157,100,99940,100,100161,100,99938,100,100185,100,99929,100,100278,100,99916,100,100286,100,99914,100
2019-06-28 09:44:09.542432194,100055,73,100008,173,100057,173,100002,173,100094,273,99995,173,100116,173,99967,173,100150,173,99964,173,100157,100,99940,100,100161,100,99938,100,100185,100,99929,100,100278,100,99916,100,100286,100,99914,100
2019-06-28 09:44:10.000000000,100057,224,100008,224,100094,320,100002,220,100116,220,99995,220,100150,100,99967,100,100157,100,99964,100,100161,100,99940,100,100185,100,99938,100,100278,100,99929,100,100286,100,99916,100,100320,100,99914,100
2019-06-28 09:44:15.994650454,100057,224,100055,100,100094,320,100008,224,100116,220,100002,220,100150,100,99995,220,100157,100,99967,100,100161,100,99964,100,100185,100,99940,100,100278,100,99938,100,100286,100,99929,100,100320,100,99916,100
2019-06-28 09:44:20.000000000,100057,464,100055,464,100094,200,100008,100,100116,100,100002,100,100150,100,99995,100,100157,100,99967,100,100161,100,99964,100,100185,100,99940,100,100278,100,99938,100,100286,100,99929,100,100320,100,99916,100
2019-06-28 09:44:30.000000000,100057,173,100055,173,100094,273,100008,173,100116,173,100002,173,100150,173,99995,173,100157,173,99967,173,100161,100,99964,100,100185,100,99940,100,100278,100,99938,100,100286,100,99929,100,100320,100,99916,100
2019-06-28 09:44:32.894266848,100057,173,100055,173,100094,273,100008,173,100116,173,100002,173,100150,173,99995,173,100157,173,99967,173,100161,100,99964,100,100185,100,99940,100,100209,100,99938,100,100278,100,99929,100,100286,100,99916,100
2019-06-28 09:44:40.000000000,100057,464,100055,464,100094,200,100008,100,100116,100,100002,100,100150,100,99995,100,100157,100,99967,100,100161,100,99964,100,100185,100,99940,100,100209,100,99938,100,100278,100,99929,100,100286,100,99916,100
2019-06-28 09:44:50.000000000,100057,282,100055,282,100094,382,100008,282,100116,100,100002,100,100150,100,99995,100,100157,100,99967,100,100161,100,99964,100,100185,100,99940,100,100209,100,99938,100,100278,100,99929,100,100286,100,99916,100
2019-06-28 09:44:50.541494381,100057,282,100055,282,100094,382,100008,282,100116,100,100002,100,100150,100,99995,100,100157,100,99967,100,100161,100,99964,100,100185,100,99940,100,100209,100,99938,100,100278,100,99929,100,100286,100,99916,100
2019-06-28 09:45:00.000000000,100057,282,100055,282,100094,382,100008,282,100116,100,100002,100,100150,100,99995,100,100157,100,99967,100,100161,100,99964,100,100185,100,99940,100,100209,100,99938,100,100278,100,99929,100,100286,100,99916,100
2019-06-28 09:45:10.000000000,100057,173,100055,173,100094,273,100008,173,100116,173,100002,173,100150,173,99995,173,100157,173,99967,173,100161,100,99964,100,100185,100,99940,100,100209,100,99938,100,100278,100,99929,100,100286,100,99916,100
2019-06-28 09:45:20.000000000,100057,191,100055,191,100094,291,100008,191,100116,191,100002,191,100150,191,99995,191,100157,100,99967,100,100161,100,99964,100,100185,100,99940,100,100209,100,99938,100,100278,100,99929,100,100286,100,99916,100
2019-06-28 09:45:30.000000000,100057,224,100055,224,100094,320,100008,220,100116,220,100002,220,100150,100,99995,100,100157,100,99967,100,100161,100,99964,100,100185,100,99940,100,100209,100,99938,100,100278,100,99929,100,100286,100,99916,100
2019-06-28 09:45:32.939050905,100057,224,100055,224,100094,320,100008,220,100116,220,100002,220,100150,100,99995,100,100161,100,99967,100,100185,100,99964,100,100209,100,99940,100,100278,100,99938,100,100286,100,99929,100,100320,100,99916,100
2019-06-28 09:45:40.000000000,100057,464,100055,464,100094,200,100008,100,100116,100,100002,100,100150,100,99995,100,100161,100,99967,100,100185,100,99964,100,100209,100,99940,100,100278,100,99938,100,100286,100,99929,100,100320,100,99916,100
2019-06-28 09:45:43.778886517,100057,364,100055,464,100094,200,100008,100,100116,100,100002,100,100150,100,99995,100,100161,100,99967,100,100185,100,99964,100,100209,100,99940,100,100278,100,99938,100,100286,100,99929,100,100320,100,99916,100
2019-06-28 09:45:50.000000000,100094,382,100055,282,100116,282,100008,282,100150,100,100002,100,100161,100,99995,100,100185,100,99967,100,100209,100,99964,100,100278,100,99940,100,100286,100,99938,100,100320,100,99929,100,100328,100,99916,100
2019-06-28 09:45:55.356871911,100094,382,100055,282,100116,282,100008,282,100150,100,100002,100,100161,100,99995,100,100185,100,99967,100,100209,100,99964,100,100278,100,99940,100,100286,100,99929,100,100320,100,99916,100,100328,100,99914,100
2019-06-28 09:45:57.436052235,100094,382,100056,100,100116,282,100055,282,100150,100,100008,282,100161,100,100002,100,100185,100,99995,100,100209,100,99967,100,100278,100,99964,100,100286,100,99940,100,100320,100,99929,100,100328,100,99916,100
2019-06-28 09:46:00.000000000,100094,382,100056,282,100116,282,100055,282,100150,100,100008,100,100161,100,100002,100,100185,100,99995,100,100209,100,99967,100,100278,100,99964,100,100286,100,99940,100,100320,100,99929,100,100328,100,99916,100
2019-06-28 09:46:07.541314448,100094,282,100056,282,100116,282,100055,282,100150,100,100008,100,100161,100,100002,100,100185,100,99995,100,100209,100,99967,100,100278,100,99964,100,100286,100,99940,100,100320,100,99929,100,100328,100,99916,100
2019-06-28 09:46:10.000000000,100094,464,100056,464,100116,100,100055,100,100150,100,100008,100,100161,100,100002,100,100185,100,99995,100,100209,100,99967,100,100278,100,99964,100,100286,100,99940,100,100320,100,99929,100,100328,100,99916,100
2019-06-28 09:46:18.597075278,100094,364,100056,464,100116,100,100055,100,100150,100,100008,100,100161,100,100002,100,100185,100,99995,100,100209,100,99967,100,100278,100,99964,100,100286,100,99940,100,100320,100,99929,100,100328,100,99916,100
2019-06-28 09:46:20.000000000,100116,173,100056,173,100150,173,100055,173,100161,173,100008,173,100185,173,100002,173,100209,173,99995,173,100278,100,99967,100,100286,100,99964,100,100320,100,99940,100,100328,100,99929,100,100429,100,99916,100
2019-06-28 09:46:30.000000000,100116,224,100056,224,100150,220,100055,220,100161,220,100008,220,100185,100,100002,100,100209,100,99995,100,100278,100,99967,100,100286,100,99964,100,100320,100,99940,100,100328,100,99929,100,100429,100,99916,100
2019-06-28 09:46:33.782247235,100116,224,100056,224,100150,220,100055,220,100161,220,100008,220,100185,100,100002,100,100209,100,99995,100,100278,100,99967,100,100286,100,99964,200,100320,100,99940,100,100328,100,99929,100,100429,100,99914,100
2019-06-28 09:46:40.000000000,100116,282,100056,282,100150,282,100055,282,100161,100,100008,100,100185,100,100002,100,100209,100,99995,100,100278,100,99967,100,100286,100,99964,200,100320,100,99940,100,100328,100,99929,100,100429,100,99914,100
2019-06-28 09:46:46.587364893,100116,182,100056,282,100150,282,100055,282,100161,100,100008,100,100185,100,100002,100,100209,100,99995,100,100278,100,99967,100,100286,100,99964,200,100320,100,99940,100,100328,100,99929,100,100429,100,99914,100
2019-06-28 09:46:50.000000000,100150,173,100056,173,100161,173,100055,173,100185,173,100008,173,100209,173,100002,173,100278,173,99995,173,100286,100,99967,100,100320,100,99964,200,100328,100,99940,100,100429,100,99929,100,100479,100,99914,100
2019-06-28 09:46:57.165033829,100150,173,100124,100,100161,173,100056,173,100185,173,100055,173,100209,173,100008,173,100278,173,100002,173,100286,100,99995,173,100320,100,99967,100,100328,100,99964,200,100429,100,99940,100,100479,100,99929,100
2019-06-28 09:47:00.000000000,100150,224,100124,224,100161,220,100056,220,100185,220,100055,220,100209,100,100008,100,100278,100,100002,100,100286,100,99995,100,100320,100,99967,100,100328,100,99964,200,100429,100,99940,100,100479,100,99929,100
2019-06-28 09:47:02.185068126,100150,224,100124,224,100161,220,100094,100,100185,220,100056,220,100209,100,100055,220,100278,100,100008,100,100286,100,100002,100,100320,100,99995,100,100328,100,99967,100,100429,100,99964,200,100479,100,99940,100
2019-06-28 09:47:10.000000000,100150,282,100124,282,100161,282,100094,282,100185,100,100056,100,100209,100,100055,100,100278,100,100008,100,100286,100,100002,100,100320,100,99995,100,100328,100,99967,100,100429,100,99964,200,100479,100,99940,100
2019-06-28 09:47:11.478071139,100150,282,100124,282,100161,282,100094,382,100185,100,100056,100,100209,100,100055,100,100278,100,100008,100,100286,100,100002,100,100320,100,99995,100,100328,100,99967,100,100429,100,99964,200,100479,100,99940,100
2019-06-28 09:47:20.000000000,100150,464,100124,464,100161,100,100094,200,100185,100,100056,100,100209,100,100055,100,100278,100,100008,100,100286,100,100002,100,100320,100,99995,100,100328,100,99967,100,100429,100,99964,200,100479,100,99940,100
2019-06-28 09:47:25.073262674,100150,464,100124,464,100161,100,100094,300,100185,100,100055,100,100209,100,100008,100,100278,100,100002,100,100286,100,99995,100,100320,100,99967,100,100328,100,99964,200,100429,100,99940,100,100479,100,99929,100
2019-06-28 09:47:30.000000000,100150,282,100124,282,100161,282,100094,482,100185,100,100055,100,100209,100,100008,100,100278,100,100002,100,100286,100,99995,100,100320,100,99967,100,100328,100,99964,200,100429,100,99940,100,100479,100,99929,100
2019-06-28 09:47:30.467243346,100150,182,100124,282,100161,282,100094,482,100185,100,100055,100,100209,100,100008,100,100278,100,100002,100,100286,100,99995,100,100320,100,99967,100,100328,100,99964,200,100429,100,99940,100,100479,100,99929,100
2019-06-28 09:47:40.000000000,100161,224,100124,224,100185,220,100094,420,100209,220,100055,220,100278,100,100008,100,100286,100,100002,100,100320,100,99995,100,100328,100,99967,100,100429,100,99964,200,100479,100,99940,100,100524,100,99929,100
2019-06-28 09:47:50.000000000,100161,464,100124,464,100185,100,100094,300,100209,100,100055,100,100278,100,100008,100,100286,100,100002,100,100320,100,99995,100,100328,100,99967,100,100429,100,99964,200,100479,100,99940,100,100524,100,99929,100
2019-06-28 09:48:00.000000000,100161,464,100124,464,100185,100,100094,300,100209,100,100055,100,100278,100,100008,100,100286,100,100002,100,100320,100,99995,100,100328,100,99967,100,100429,100,99964,200,100479,100,99940,100,100524,100,99929,100
2019-06-28 09:48:10.000000000,100161,173,100124,173,100185,173,100094,373,100209,173,100055,173,100278,173,100008,173,100286,173,100002,173,100320,100,99995,100,100328,100,99967,100,100429,100,99964,200,100479,100,99940,100,100524,100,99929,100
2019-06-28 09:48:11.416989175,100161,173,100125,100,100185,173,100124,173,100209,173,100094,373,100278,173,100055,173,100286,173,100008,173,100320,100,100002,173,100328,100,99995,100,100429,100,99967,100,100479,100,99964,200,100524,100,99940,100
2019-06-28 09:48:14.976775124,100161,173,100125,100,100185,173,100124,173,100209,173,100094,373,100278,173,100055,173,100286,173,100008,173,100320,100,100002,173,100328,100,99995,100,100429,100,99967,100,100479,100,99964,200,100524,100,99940,100
2019-06-28 09:48:17.728120093,100161,173,100124,173,100185,173,100094,373,100209,173,100055,173,100278,173,100008,173,100286,173,100002,173,100320,100,99995,100,100328,100,99967,100,100429,100,99964,200,100524,100,99940,100,100692,100,99929,100
2019-06-28 09:48:20.000000000,100161,464,100124,464,100185,100,100094,300,100209,100,100055,100,100278,100,100008,100,100286,100,100002,100,100320,100,99995,100,100328,100,99967,100,100429,100,99964,200,100524,100,99940,100,100692,100,99929,100
2019-06-28 09:48:30.000000000,100161,464,100124,464,100185,100,100094,300,100209,100,100055,100,100278,100,100008,100,100286,100,100002,100,100320,100,99995,100,100328,100,99967,100,100429,100,99964,200,100524,100,99940,100,100692,100,99929,100
2019-06-28 09:48:40.000000000,100161,464,100124,464,100185,100,100094,300,100209,100,100055,100,100278,100,100008,100,100286,100,100002,100,100320,100,99995,100,100328,100,99967,100,100429,100,99964,200,100524,100,99940,100,100692,100,99929,100
2019-06-28 09:48:42.299051275,100161,464,100124,464,100185,100,100094,300,100209,100,100055,100,100219,100,100008,100,100278,100,100002,100,100286,100,99995,100,100320,100,99967,100,100328,100,99964,200,100429,100,99940,100,100524,100,99929,100
2019-06-28 09:48:47.439807768,100161,464,100124,464,100185,100,100094,300,100209,100,100055,100,100219,100,100027,100,100278,100,100008,100,100286,100,100002,100,100320,100,99995,100,100328,100,99967,100,100429,100,99964,200,100524,100,99940,100
2019-06-28 09:48:50.000000000,100161,191,100124,191,100185,191,100094,391,100209,191,100055,191,100219,191,100027,191,100278,100,100008,100,100286,100,100002,100,100320,100,99995,100,100328,100,99967,100,100429,100,99964,200,100524,100,99940,100
2019-06-28 09:49:00.000000000,100161,173,100124,173,100185,173,100094,373,100209,173,100055,173,100219,173,100027,173,100278,173,100008,173,100286,100,100002,100,100320,100,99995,100,100328,100,99967,100,100429,100,99964,200,100524,100,99940,100
2019-06-28 09:49:03.983148573,100161,73,100124,173,100185,173,100094,373,100209,173,100055,173,100219,173,100027,173,100278,173,100008,173,100286,100,100002,100,100320,100,99995,100,100328,100,99967,100,100429,100,99964,100,100524,100,99940,100
2019-06-28 09:49:10.000000000,100185,191,100124,191,100209,191,100094,391,100219,191,100055,191,100278,191,100027,191,100286,100,100008,100,100320,100,100002,100,100328,100,99995,100,100429,100,99967,100,100524,100,99964,100,100692,100,99940,100
2019-06-28 09:49:17.473217554,100185,91,100124,191,100209,191,100094,391,100219,191,100055,191,100278,191,100027,191,100286,100,100008,100,100320,100,100002,100,100328,100,99995,100,100429,100,99967,100,100524,100,99964,100,100692,100,99940,100
2019-06-28 09:49:20.000000000,100209,224,100124,224,100219,220,100094,420,100278,220,100055,220,100286,100,100027,100,100320,100,100008,100,100328,100,100002,100,100429,100,99995,100,100524,100,99967,100,100692,100,99964,100,100693,100,99940,100
2019-06-28 09:49:27.771573680,100209,124,100124,224,100219,220,100094,420,100278,220,100055,220,100286,100,100027,100,100320,100,100008,100,100328,100,100002,100,100429,100,99995,100,100524,100,99967,100,100692,100,99964,100,100693,100,99940,100
2019-06-28 09:49:28.081400284,100209,124,100124,224,100219,220,100094,420,100278,220,100055,220,100286,100,100027,100,100328,100,100008,100,100429,100,100002,100,100524,100,99995,100,100555,100,99967,100,100692,100,99964,100,100693,100,99940,100
2019-06-28 09:49:30.000000000,100219,282,100124,282,100278,282,100094,482,100286,100,100055,100,100328,100,100027,100,100429,100,100008,100,100524,100,100002,100,100555,100,99995,100,100692,100,99967,100,100693,100,99964,100,,,99940,100
2019-06-28 09:49:40.000000000,100219,282,100124,282,100278,282,100094,482,100286,100,100055,100,100328,100,100027,100,100429,100,100008,100,100524,100,100002,100,100555,100,99995,100,100692,100,99967,100,100693,100,99964,100,,,99940,100
2019-06-28 09:49:50.000000000,100219,173,100124,173,100278,173,100094,373,100286,173,100055,173,100328,173,100027,173,100429,173,100008,173,100524,100,100002,100,100555,100,99995,100,100692,100,99967,100,100693,100,99964,100,,,99940,100
2019-06-28 09:50:00.000000000,100219,224,100124,224,100278,220,100094,420,100286,220,100055,220,100328,100,100027,100,100429,100,100008,100,100524,100,100002,100,100555,100,99995,100,100692,100,99967,100,100693,100,99964,100,,,99940,100
2019-06-28 09:50:01.490623819,100219,224,100124,224,100278,220,100094,420,100286,220,100055,220,100328,100,100027,100,100429,100,100008,100,100524,100,100002,100,100555,100,99995,100,100610,100,99967,100,100692,100,99964,100,100693,100,99940,100
2019-06-28 09:50:10.000000000,100219,464,100124,464,100278,100,100094,300,100286,100,100055,100,100328,100,100027,100,100429,100,100008,100,100524,100,100002,100,100555,100,99995,100,100610,100,99967,100,100692,100,99964,100,100693,100,99940,100
2019-06-28 09:50:13.804301864,100219,364,100124,464,100278,100,100094,300,100286,100,100055,100,100328,100,100027,100,100429,100,100008,100,100524,100,100002,100,100555,100,99995,100,100610,100,99967,100,100692,100,99964,100,100693,100,99940,100
2019-06-28 09:50:20.000000000,100278,191,100124,191,100286,191,100094,391,100328,191,100055,191,100429,191,100027,191,100524,100,100008,100,100555,100,100002,100,100610,100,99995,100,100692,100,99967,100,100693,100,99964,100,,,99940,100
2019-06-28 09:50:30.000000000,100278,464,100124,464,100286,100,100094,300,100328,100,100055,100,100429,100,100027,100,100524,100,100008,100,100555,100,100002,100,100610,100,99995,100,100692,100,99967,100,100693,100,99964,100,,,99940,100
2019-06-28 09:50:40.000000000,100278,173,100124,173,100286,173,100094,373,100328,173,100055,173,100429,173,100027,173,100524,173,100008,173,100555,100,100002,100,100610,100,99995,100,100692,100,99967,100,100693,100,99964,100,,,99940,100
2019-06-28 09:50:50.000000000,100278,282,100124,282,100286,282,100094,482,100328,100,100055,100,100429,100,100027,100,100524,100,100008,100,100555,100,100002,100,100610,100,99995,100,100692,100,99967,100,100693,100,99964,100,,,99940,100
2019-06-28 09:51:00.000000000,100278,282,100124,282,100286,282,100094,482,100328,100,100055,100,100429,100,100027,100,100524,100,100008,100,100555,100,100002,100,100610,100,99995,100,100692,100,99967,100,100693,100,99964,100,,,99940,100
2019-06-28 09:51:01.978291153,100278,282,100209,100,100286,282,100124,282,100328,100,100094,482,100429,100,100055,100,100524,100,100027,100,100555,100,100008,100,100610,100,100002,100,100692,100,99995,100,100693,100,99967,100,,,99964,100
2019-06-28 09:51:10.000000000,100278,224,100209,224,100286,220,100124,220,100328,220,100094,420,100429,100,100055,100,100524,100,100027,100,100555,100,100008,100,100610,100,100002,100,100692,100,99995,100,100693,100,99967,100,,,99964,100
2019-06-28 09:51:20.000000000,100278,191,100209,191,100286,191,100124,191,100328,191,100094,391,100429,191,100055,191,100524,100,100027,100,100555,100,100008,100,100610,100,100002,100,100692,100,99995,100,100693,100,99967,100,,,99964,100
2019-06-28 09:51:25.545654820,100278,191,100209,191,100286,191,100124,191,100328,191,100094,391,100429,191,100055,191,100524,100,100027,100,100555,100,100002,100,100610,100,99995,100,100692,100,99967,100,100693,100,99964,100,,,99940,100
2019-06-28 09:51:27.648435220,100278,191,100209,191,100286,191,100124,191,100328,191,100094,391,100429,191,100055,191,100524,100,100027,100,100555,100,99995,100,100610,100,99967,100,100692,100,99964,100,100693,100,99940,100,101489,100,99927,100
2019-06-28 09:51:30.000000000,100278,464,100209,464,100286,100,100124,100,100328,100,100094,300,100429,100,100055,100,100524,100,100027,100,100555,100,99995,100,100610,100,99967,100,100692,100,99964,100,100693,100,99940,100,101489,100,99927,100
2019-06-28 09:51:40.000000000,100278,464,100209,464,100286,100,100124,100,100328,100,100094,300,100429,100,100055,100,100524,100,100027,100,100555,100,99995,100,100610,100,99967,100,100692,100,99964,100,100693,100,99940,100,101489,100,99927,100
2019-06-28 09:51:50.000000000,100278,173,100209,173,100286,173,100124,173,100328,173,100094,373,100429,173,100055,173,100524,173,100027,173,100555,100,99995,100,100610,100,99967,100,100692,100,99964,100,100693,100,99940,100,101489,100,99927,100
2019-06-28 09:52:00.000000000,100278,173,100209,173,100286,173,100124,173,100328,173,100094,373,100429,173,100055,173,100524,173,100027,173,100555,100,99995,100,100610,100,99967,100,100692,100,99964,100,100693,100,99940,100,101489,100,99927,100
2019-06-28 09:52:07.421684845,100278,173,100209,173,100286,173,100124,173,100328,173,100094,273,100429,173,100055,173,100524,173,100027,173,100555,100,99995,100,100610,100,99967,100,100692,100,99964,100,100693,100,99940,100,101489,100,99927,100
2019-06-28 09:52:10.000000000,100278,282,100209,282,100286,282,100124,282,100328,100,100094,200,100429,100,100055,100,100524,100,100027,100,100555,100,99995,100,100610,100,99967,100,100692,100,99964,100,100693,100,99940,100,101489,100,99927,100
2019-06-28 09:52:20.000000000,100278,282,100209,282,100286,282,100124,282,100328,100,100094,200,100429,100,100055,100,100524,100,100027,100,100555,100,99995,100,100610,100,99967,100,100692,100,99964,100,100693,100,99940,100,101489,100,99927,100
2019-06-28 09:52:27.704433663,100278,282,100209,282,100286,282,100124,282,100328,100,100094,200,100429,100,100055,100,100524,100,100027,100,100555,100,99995,100,100610,100,99967,100,100692,100,99964,100,101244,100,99940,100,101489,100,99927,100
2019-06-28 09:52:30.000000000,100278,282,100209,282,100286,282,100124,282,100328,100,100094,200,100429,100,100055,100,100524,100,100027,100,100555,100,99995,100,100610,100,99967,100,100692,100,99964,100,101244,100,99940,100,101489,100,99927,100
2019-06-28 09:52:40.000000000,100278,224,100209,224,100286,220,100124,220,100328,220,100094,320,100429,100,100055,100,100524,100,100027,100,100555,100,99995,100,100610,100,99967,100,100692,100,99964,100,101244,100,99940,100,101489,100,99927,100
2019-06-28 09:52:50.000000000,100278,191,100209,191,100286,191,100124,191,100328,191,100094,291,100429,191,100055,191,100524,100,100027,100,100555,100,99995,100,100610,100,99967,100,100692,100,99964,100,101244,100,99940,100,101489,100,99927,100
2019-06-28 09:52:55.671328687,100278,91,100209,191,100286,191,100124,191,100328,191,100094,291,100429,191,100055,191,100524,100,100027,100,100555,100,99995,100,100610,100,99967,100,100692,100,99964,100,101244,100,99940,100,101489,100,99927,100
2019-06-28 09:53:00.000000000,100286,191,100209,191,100328,191,100124,191,100429,191,100094,291,100524,191,100055,191,100555,100,100027,100,100610,100,99995,100,100692,100,99967,100,101244,100,99964,100,101489,100,99940,100,,,99927,100
2019-06-28 09:53:10.000000000,100286,191,100209,191,100328,191,100124,191,100429,191,100094,291,100524,191,100055,191,100555,100,100027,100,100610,100,99995,100,100692,100,99967,100,101244,100,99964,100,101489,100,99940,100,,,99927,100
2019-06-28 09:53:20.000000000,100286,173,100209,173,100328,173,100124,173,100429,173,100094,273,100524,173,100055,173,100555,173,100027,173,100610,100,99995,100,100692,100,99967,100,101244,100,99964,100,101489,100,99940,100,,,99927,100
2019-06-28 09:53:30.000000000,100286,282,100209,282,100328,282,100124,282,100429,100,100094,200,100524,100,100055,100,100555,100,100027,100,100610,100,99995,100,100692,100,99967,100,101244,100,99964,100,101489,100,99940,100,,,99927,100
2019-06-28 09:53:40.000000000,100286,464,100209,464,100328,100,100124,100,100429,100,100094,200,100524,100,100055,100,100555,100,100027,100,100610,100,99995,100,100692,100,99967,100,101244,100,99964,100,101489,100,99940,100,,,99927,100
2019-06-28 09:53:47.431953967,100286,364,100209,464,100328,100,100124,100,100429,100,100094,200,100524,100,100055,100,100555,100,100027,100,100610,100,99995,100,100692,100,99967,100,101244,100,99964,100,101489,100,99940,100,,,99927,100
2019-06-28 09:53:50.000000000,100328,224,100209,224,100429,220,100124,220,100524,220,100094,320,100555,100,100055,100,100610,100,100027,100,100692,100,99995,100,101244,100,99967,100,101489,100,99964,100,,,99940,100,,,99927,100
2019-06-28 09:53:56.461797281,100328,224,100209,224,100429,220,100124,220,100524,220,100094,320,100555,100,100055,100,100610,100,100027,100,100692,100,99995,100,101219,100,99967,100,101244,100,99964,100,101489,100,99940,100,,,99927,100
2019-06-28 09:54:00.000000000,100328,464,100209,464,100429,100,100124,100,100524,100,100094,200,100555,100,100055,100,100610,100,100027,100,100692,100,99995,100,101219,100,99967,100,101244,100,99964,100,101489,100,99940,100,,,99927,100
2019-06-28 09:54:00.166820023,100328,464,100278,100,100429,100,100209,464,100524,100,100124,100,100555,100,100094,200,100610,100,100055,100,100692,100,100027,100,101219,100,99995,100,101244,100,99967,100,101489,100,99964,100,,,99940,100
2019-06-28 09:54:05.411859563,100328,464,100278,100,100429,100,100209,464,100524,100,100124,100,100555,100,100094,100,100610,100,100055,100,100692,100,100027,100,101219,100,99995,100,101244,100,99967,100,101489,100,99964,100,,,99940,100
2019-06-28 09:54:10.000000000,100328,224,100278,224,100429,220,100209,220,100524,220,100124,220,100555,100,100094,100,100610,100,100055,100,100692,100,100027,100,101219,100,99995,100,101244,100,99967,100,101489,100,99964,100,,,99940,100
2019-06-28 09:54:20.000000000,100328,224,100278,224,100429,220,100209,220,100524,220,100124,220,100555,100,100094,100,100610,100,100055,100,100692,100,100027,100,101219,100,99995,100,101244,100,99967,100,101489,100,99964,100,,,99940,100
2019-06-28 09:54:23.927262562,100328,224,100278,224,100429,220,100209,220,100524,220,100124,220,100555,100,100094,100,100610,100,100055,100,100692,100,100027,100,100908,100,99995,100,101219,100,99967,100,101244,100,99964,100,101489,100,99940,100
2019-06-28 09:54:30.000000000,100328,173,100278,173,100429,173,100209,173,100524,173,100124,173,100555,173,100094,173,100610,173,100055,173,100692,100,100027,100,100908,100,99995,100,101219,100,99967,100,101244,100,99964,100,101489,100,99940,100
2019-06-28 09:54:40.000000000,100328,191,100278,191,100429,191,100209,191,100524,191,100124,191,100555,191,100094,191,100610,100,100055,100,100692,100,100027,100,100908,100,99995,100,101219,100,99967,100,101244,100,99964,100,101489,100,99940,100
2019-06-28 09:54:45.837943695,100328,191,100278,191,100429,191,100209,191,100524,191,100124,191,100555,191,100094,91,100610,100,100055,100,100692,100,100027,100,100908,100,99995,100,101219,100,99967,100,101244,100,99964,100,101489,100,99940,100
2019-06-28 09:54:47.144667412,100328,91,100278,191,100429,191,100209,191,100524,191,100124,191,100555,191,100094,91,100610,100,100055,100,100692,100,100027,100,100908,100,99995,100,101219,100,99967,100,101244,100,99964,100,101489,100,99940,100
2019-06-28 09:54:48.427565652,100328,91,100278,191,100429,191,100209,191,100524,191,100124,191,100555,191,100094,91,100610,100,100055,100,100692,100,100027,100,100731,100,99995,100,100908,100,99967,100,101219,100,99964,100,101244,100,99940,100
2019-06-28 09:54:50.000000000,100429,191,100278,191,100524,191,100209,191,100555,191,100124,191,100610,191,100055,191,100692,100,100027,100,100731,100,99995,100,100908,100,99967,100,101219,100,99964,100,101244,100,99940,100,101489,100,99881,100
2019-06-28 09:55:00.000000000,100429,464,100278,464,100524,100,100209,100,100555,100,100124,100,100610,100,100055,100,100692,100,100027,100,100731,100,99995,100,100908,100,99967,100,101219,100,99964,100,101244,100,99940,100,101489,100,99881,100
2019-06-28 09:55:00.557802831,100429,464,100325,100,100524,100,100278,464,100555,100,100209,100,100610,100,100124,100,100692,100,100055,100,100731,100,100027,100,100908,100,99995,100,101244,100,99967,100,101489,100,99964,100,,,99940,100
2019-06-28 09:55:04.478451079,100429,464,100325,100,100524,100,100286,100,100555,100,100278,364,100610,100,100209,100,100692,100,100124,100,100731,100,100055,100,100908,100,100027,100,101244,100,99995,100,101489,100,99967,100,,,99964,100
2019-06-28 09:55:10.000000000,100429,282,100325,282,100524,282,100286,282,100555,100,100209,100,100610,100,100124,100,100692,100,100055,100,100731,100,100027,100,100908,100,99995,100,101244,100,99967,100,101489,100,99964,100,,,99940,100
2019-06-28 09:55:20.000000000,100429,224,100325,224,100524,220,100286,220,100555,220,100209,220,100610,100,100124,100,100692,100,100055,100,100731,100,100027,100,100908,100,99995,100,101244,100,99967,100,101489,100,99964,100,,,99940,100
2019-06-28 09:55:25.610921007,100429,224,100325,224,100524,220,100286,320,100555,220,100209,220,100610,100,100124,100,100692,100,100055,100,100731,100,100027,100,100908,100,99995,100,101244,100,99967,100,101489,100,99964,100,,,99940,100
2019-06-28 09:55:30.000000000,100429,282,100325,282,100524,282,100286,382,100555,100,100209,100,100610,100,100124,100,100692,100,100055,100,100731,100,100027,100,100908,100,99995,100,101244,100,99967,100,101489,100,99964,100,,,99940,100
2019-06-28 09:55:40.000000000,100429,224,100325,224,100524,220,100286,320,100555,220,100209,220,100610,100,100124,100,100692,100,100055,100,100731,100,100027,100,100908,100,99995,100,101244,100,99967,100,101489,100,99964,100,,,99940,100
2019-06-28 09:55:48.608642478,100429,224,100325,224,100524,220,100286,320,100555,120,100209,220,100610,100,100124,100,100692,100,100084,100,100731,100,100055,100,100908,100,100027,100,101244,100,99995,100,101489,100,99967,100,,,99964,100
2019-06-28 09:55:50.000000000,100429,464,100325,464,100524,100,100286,200,100610,100,100209,100,100692,100,100124,100,100731,100,100084,100,100908,100,100055,100,101244,100,100027,100,101489,100,99995,100,,,99967,100,,,99964,100
2019-06-28 09:55:51.791837882,100429,464,100325,464,100524,100,100286,300,100610,100,100209,100,100692,100,100124,100,100731,100,100084,100,100908,100,100055,100,101244,100,100027,100,101489,100,99995,100,,,99967,100,,,99964,100
2019-06-28 09:55:52.293809722,100418,100,100325,464,100429,464,100286,300,100524,100,100209,100,100610,100,100124,100,100692,100,100084,100,100731,100,100055,100,100908,100,100027,100,101244,100,99995,100,101489,100,99967,100,,,99964,100
2019-06-28 09:56:00.000000000,100418,173,100325,173,100429,173,100286,373,100524,173,100209,173,100610,173,100124,173,100692,173,100084,173,100731,100,100055,100,100908,100,100027,100,101244,100,99995,100,101489,100,99967,100,,,99964,100
2019-06-28 09:56:07.462661289,100418,173,100325,173,100429,173,100286,273,100524,173,100209,173,100610,173,100124,173,100692,173,100084,173,100731,100,100055,100,100908,100,100027,100,101244,100,99995,100,101489,100,99967,100,,,99964,100
2019-06-28 09:56:10.000000000,100418,224,100325,224,100429,220,100286,320,100524,220,100209,220,100610,100,100124,100,100692,100,100084,100,100731,100,100055,100,100908,100,100027,100,101244,100,99995,100,101489,100,99967,100,,,99964,100
2019-06-28 09:56:20.000000000,100418,464,100325,464,100429,100,100286,200,100524,100,100209,100,100610,100,100124,100,100692,100,100084,100,100731,100,100055,100,100908,100,100027,100,101244,100,99995,100,101489,100,99967,100,,,99964,100
2019-06-28 09:56:30.000000000,100418,464,100325,464,100429,100,100286,200,100524,100,100209,100,100610,100,100124,100,100692,100,100084,100,100731,100,100055,100,100908,100,100027,100,101244,100,99995,100,101489,100,99967,100,,,99964,100
2019-06-28 09:56:31.515827770,100418,464,100325,464,100429,100,100286,200,100524,100,100265,100,100610,100,100209,100,100692,100,100124,100,100731,100,100084,100,100908,100,100055,100,101244,100,100027,100,101489,100,99995,100,,,99967,100
2019-06-28 09:56:32.447712317,100418,464,100325,464,100429,100,100286,200,100497,100,100265,100,100524,100,100209,100,100610,100,100124,100,100692,100,100084,100,100731,100,100055,100,100908,100,100027,100,101244,100,99995,100,101489,100,99967,100
2019-06-28 09:56:37.139171311,100418,464,100325,464,100429,100,100286,200,100497,100,100278,100,100524,100,100265,100,100610,100,100209,100,100692,100,100124,100,100731,100,100084,100,100908,100,100055,100,101244,100,100027,100,101489,100,99995,100
2019-06-28 09:56:40.000000000,100418,282,100325,282,100429,282,100286,382,100497,100,100278,100,100524,100,100265,100,100610,100,100209,100,100692,100,100124,100,100731,100,100084,100,100908,100,100055,100,101244,100,100027,100,101489,100,99995,100
2019-06-28 09:56:50.000000000,100418,191,100325,191,100429,191,100286,291,100497,191,100278,191,100524,191,100265,191,100610,100,100209,100,100692,100,100124,100,100731,100,100084,100,100908,100,100055,100,101244,100,100027,100,101489,100,99995,100
2019-06-28 09:57:00.000000000,100418,191,100325,191,100429,191,100286,291,100497,191,100278,191,100524,191,100265,191,100610,100,100209,100,100692,100,100124,100,100731,100,100084,100,100908,100,100055,100,101244,100,100027,100,101489,100,99995,100
2019-06-28 09:57:10.000000000,100418,191,100325,191,100429,191,100286,291,100497,191,100278,191,100524,191,100265,191,100610,100,100209,100,100692,100,100124,100,100731,100,100084,100,100908,100,100055,100,101244,100,100027,100,101489,100,99995,100
2019-06-28 09:57:11.781394280,100418,191,100325,191,100429,191,100286,291,100497,191,100278,191,100524,191,100265,191,100610,100,100209,100,100692,100,100124,100,100731,100,100084,100,100908,100,100055,100,101244,100,100027,100,101327,100,99995,100
2019-06-28 09:57:17.399316654,100418,191,100325,191,100429,191,100286,291,100497,191,100278,191,100524,191,100265,191,100610,100,100209,100,100692,100,100124,100,100731,100,100084,100,100908,100,100055,100,101106,100,100027,100,101244,100,99995,100
2019-06-28 09:57:20.000000000,100418,191,100325,191,100429,191,100286,291,100497,191,100278,191,100524,191,100265,191,100610,100,100209,100,100692,100,100124,100,100731,100,100084,100,100908,100,100055,100,101106,100,100027,100,101244,100,99995,100
2019-06-28 09:57:30.000000000,100418,282,100325,282,100429,282,100286,382,100497,100,100278,100,100524,100,100265,100,100610,100,100209,100,100692,100,100124,100,100731,100,100084,100,100908,100,100055,100,101106,100,100027,100,101244,100,99995,100
2019-06-28 09:57:31.710217258,100418,282,100325,282,100429,282,100286,382,100497,100,100278,100,100524,100,100265,100,100610,100,100209,100,100692,100,100124,100,100731,100,100084,100,100748,100,100055,100,100908,100,100027,100,101106,100,99995,100
2019-06-28 09:57:40.000000000,100418,191,100325,191,100429,191,100286,291,100497,191,100278,191,100524,191,100265,191,100610,100,100209,100,100692,100,100124,100,100731,100,100084,100,100748,100,100055,100,100908,100,100027,100,101106,100,99995,100
2019-06-28 09:57:44.386296704,100418,91,100325,191,100429,191,100286,291,100497,191,100278,191,100524,191,100265,191,100610,100,100209,100,100692,100,100124,100,100731,100,100084,100,100748,100,100055,100,100908,100,100027,100,101106,100,99995,100
2019-06-28 09:57:50.000000000,100429,173,100325,173,100497,173,100286,273,100524,173,100278,173,100610,173,100265,173,100692,173,100209,173,100731,100,100124,100,100748,100,100084,100,100908,100,100055,100,101106,100,100027,100,101327,100,99995,100
2019-06-28 09:57:55.353847728,100429,173,100328,100,100497,173,100325,173,100524,173,100286,273,100610,173,100278,173,100692,173,100265,173,100731,100,100209,73,100748,100,100124,100,100908,100,100084,100,101106,100,100055,100,101327,100,100027,100
2019-06-28 09:57:56.650506989,100429,173,100328,100,100497,173,100325,173,100524,173,100286,273,100610,173,100278,173,100692,173,100265,173,100731,100,100209,73,100748,100,100124,100,100908,100,100084,100,101027,100,100055,100,101106,100,100027,100
2019-06-28 09:58:00.000000000,100429,224,100328,224,100497,220,100325,220,100524,220,100286,320,100610,100,100278,100,100692,100,100265,100,100731,100,100124,100,100748,100,100084,100,100908,100,100055,100,101027,100,100027,100,101106,100,99995,100
2019-06-28 09:58:10.000000000,100429,464,100328,464,100497,100,100325,100,100524,100,100286,200,100610,100,100278,100,100692,100,100265,100,100731,100,100124,100,100748,100,100084,100,100908,100,100055,100,101027,100,100027,100,101106,100,99995,100
2019-06-28 09:58:16.950792945,100429,464,100328,564,100497,100,100325,100,100524,100,100286,200,100610,100,100278,100,100692,100,100265,100,100731,100,100124,100,100748,100,100084,100,100908,100,100055,100,101027,100,100027,100,101106,100,99995,100
2019-06-28 09:58:20.000000000,100429,191,100328,291,100497,191,100325,191,100524,191,100286,291,100610,191,100278,191,100692,100,100265,100,100731,100,100124,100,100748,100,100084,100,100908,100,100055,100,101027,100,100027,100,101106,100,99995,100
2019-06-28 09:58:29.456374269,100429,91,100328,291,100497,191,100325,191,100524,191,100286,291,100610,191,100278,191,100692,100,100265,100,100731,100,100124,100,100748,100,100084,100,100908,100,100055,100,101027,100,100027,100,101106,100,99995,100
2019-06-28 09:58:30.000000000,100497,464,100328,564,100524,100,100325,100,100610,100,100286,200,100692,100,100278,100,100731,100,100265,100,100748,100,100124,100,100908,100,100084,100,101027,100,100055,100,101106,100,100027,100,,,99995,100
2019-06-28 09:58:34.285350711,100497,364,100328,564,100524,100,100325,100,100610,100,100286,200,100692,100,100278,100,100731,100,100265,100,100748,100,100124,100,100908,100,100084,100,101106,100,100055,100,,,100027,100,,,99995,100
2019-06-28 09:58:40.000000000,100524,282,100328,382,100610,282,100325,282,100692,100,100286,200,100731,100,100278,100,100748,100,100265,100,100908,100,100124,100,101106,100,100084,100,,,100055,100,,,100027,100,,,99995,100
2019-06-28 09:58:45.049964849,100524,282,100328,382,100610,282,100325,282,100692,100,100286,200,100731,100,100278,100,100748,100,100265,100,100944,100,100124,100,101106,100,100084,100,,,100055,100,,,100027,100,,,99995,100
2019-06-28 09:58:49.650652151,100524,182,100328,382,100610,282,100325,282,100692,100,100286,200,100731,100,100278,100,100748,100,100265,100,100944,100,100124,100,101106,100,100084,100,,,100055,100,,,100027,100,,,99995,100
2019-06-28 09:58:50.000000000,100610,282,100328,382,100692,282,100325,282,100731,100,100286,200,100748,100,100278,100,100944,100,100265,100,101106,100,100124,100,,,100084,100,,,100055,100,,,100027,100,,,99995,100
2019-06-28 09:58:50.067208016,100610,282,100497,100,100692,282,100328,382,100731,100,100325,282,100748,100,100286,200,100944,100,100278,100,101106,100,100265,100,,,100124,100,,,100084,100,,,100055,100,,,100027,100
2019-06-28 09:59:00.000000000,100610,191,100497,191,100692,191,100328,291,100731,191,100325,191,100748,191,100286,291,100944,100,100278,100,101106,100,100265,100,,,100124,100,,,100084,100,,,100055,100,,,100027,100
2019-06-28 09:59:00.577679464,100610,191,100497,291,100692,191,100328,291,100731,191,100325,191,100748,191,100286,191,100944,100,100278,100,101106,100,100265,100,,,100124,100,,,100084,100,,,100055,100,,,100027,100
2019-06-28 09:59:07.284064935,100610,91,100497,291,100692,191,100328,291,100731,191,100325,191,100748,191,100286,191,100944,100,100278,100,101106,100,100265,100,,,100124,100,,,100084,100,,,100055,100,,,100027,100
2019-06-28 09:59:10.000000000,100692,464,100497,564,100731,100,100328,200,100748,100,100325,100,100944,100,100286,100,101106,100,100278,100,,,100265,100,,,100124,100,,,100084,100,,,100055,100,,,100027,100
2019-06-28 09:59:20.000000000,100692,224,100497,324,100731,220,100328,320,100748,220,100325,220,100944,100,100286,100,101106,100,100278,100,,,100265,100,,,100124,100,,,100084,100,,,100055,100,,,100027,100
2019-06-28 09:59:30.000000000,100692,282,100497,382,100731,282,100328,382,100748,100,100325,100,100944,100,100286,100,101106,100,100278,100,,,100265,100,,,100124,100,,,100084,100,,,100055,100,,,100027,100
2019-06-28 09:59:32.832493101,100692,282,100524,100,100731,282,100497,382,100748,100,100328,382,100944,100,100325,100,101106,100,100286,100,,,100278,100,,,100265,100,,,100124,100,,,100084,100,,,100055,100
2019-06-28 09:59:33.766099947,100692,282,100524,100,100731,282,100497,382,100748,100,100328,382,100944,100,100325,100,101069,100,100286,100,101106,100,100265,100,,,100124,100,,,100084,100,,,100055,100,,,100027,100
2019-06-28 09:59:40.000000000,100692,464,100524,464,100731,100,100497,200,100748,100,100328,200,100944,100,100325,100,101069,100,100286,100,101106,100,100265,100,,,100124,100,,,100084,100,,,100055,100,,,100027,100
2019-06-28 09:59:50.000000000,100692,191,100524,191,100731,191,100497,291,100748,191,100328,291,100944,191,100325,191,101069,100,100286,100,101106,100,100265,100,,,100124,100,,,100084,100,,,100055,100,,,100027,100
2019-06-28 09:59:50.514243561,100692,191,100524,191,100731,191,100497,291,100748,191,100328,291,100944,191,100325,191,101069,100,100286,100,101106,100,100265,100,101265,100,100124,100,,,100084,100,,,100055,100,,,100027,100
2019-06-28 09:59:52.099988442,100692,191,100524,191,100731,191,100497,291,100748,191,100328,291,100944,191,100325,191,101069,100,100286,100,101106,100,100265,100,101199,100,100124,100,101265,100,100084,100,,,100055,100,,,100027,100
2019-06-28 10:00:00.000000000,100692,224,100524,224,100731,220,100497,320,100748,220,100328,320,100944,100,100325,100,101069,100,100286,100,101106,100,100265,100,101199,100,100124,100,101265,100,100084,100,,,100055,100,,,100027,100
2019-06-28 10:00:10.000000000,100692,173,100524,173,100731,173,100497,273,100748,173,100328,273,100944,173,100325,173,101069,173,100286,173,101106,100,100265,100,101199,100,100124,100,101265,100,100084,100,,,100055,100,,,100027,100
2019-06-28 10:00:12.568824848,100692,173,100524,173,100731,173,100497,273,100748,173,100328,273,100759,100,100325,173,100944,173,100286,173,101069,173,100265,100,101106,100,100124,100,101199,100,100084,100,101265,100,100055,100,,,100027,100
2019-06-28 10:00:20.000000000,100692,464,100524,464,100731,100,100497,200,100748,100,100328,200,100759,100,100325,100,100944,100,100286,100,101069,100,100265,100,101106,100,100124,100,101199,100,100084,100,101265,100,100055,100,,,100027,100
2019-06-28 10:00:30.000000000,100692,191,100524,191,100731,191,100497,291,100748,191,100328,291,100759,191,100325,191,100944,100,100286,100,101069,100,100265,100,101106,100,100124,100,101199,100,100084,100,101265,100,100055,100,,,100027,100
2019-06-28 10:00:32.579721384,100692,191,100570,100,100731,191,100524,191,100748,191,100497,291,100759,191,100328,291,100944,100,100325,191,101069,100,100286,100,101106,100,100265,100,101199,100,100124,100,101265,100,100084,100,,,100055,100
2019-06-28 10:00:40.000000000,100692,191,100570,191,100731,191,100524,191,100748,191,100497,291,100759,191,100328,291,100944,100,100325,100,101069,100,100286,100,101106,100,100265,100,101199,100,100124,100,101265,100,100084,100,,,100055,100
2019-06-28 10:00:44.397435380,100692,191,100570,191,100731,191,100524,191,100748,191,100497,291,100759,191,100328,291,100944,100,100325,100,101069,100,100286,100,101106,100,100265,100,101199,100,100250,100,101265,100,100124,100,,,100084,100
2019-06-28 10:00:50.000000000,100692,191,100570,191,100731,191,100524,191,100748,191,100497,291,100759,191,100328,291,100944,100,100325,100,101069,100,100286,100,101106,100,100265,100,101199,100,100250,100,101265,100,100124,100,,,100084,100
2019-06-28 10:01:00.000000000,100692,191,100570,191,100731,191,100524,191,100748,191,100497,291,100759,191,100328,291,100944,100,100325,100,101069,100,100286,100,101106,100,100265,100,101199,100,100250,100,101265,100,100124,100,,,100084,100
2019-06-28 10:01:10.000000000,100692,191,100570,191,100731,191,100524,191,100748,191,100497,291,100759,191,100328,291,100944,100,100325,100,101069,100,100286,100,101106,100,100265,100,101199,100,100250,100,101265,100,100124,100,,,100084,100
2019-06-28 10:01:20.000000000,100692,224,100570,224,100731,220,100524,220,100748,220,100497,320,100759,100,100328,200,100944,100,100325,100,101069,100,100286,100,101106,100,100265,100,101199,100,100250,100,101265,100,100124,100,,,100084,100
2019-06-28 10:01:30.000000000,100692,464,100570,464,100731,100,100524,100,100748,100,100497,200,100759,100,100328,200,100944,100,100325,100,101069,100,100286,100,101106,100,100265,100,101199,100,100250,100,101265,100,100124,100,,,100084,100
2019-06-28 10:01:37.530318346,100692,464,100570,464,100731,100,100524,100,100748,100,100497,200,100759,100,100328,200,100944,100,100325,100,101069,100,100286,100,101106,100,100265,100,101199,100,100250,100,101265,100,100124,100,,,100084,100
2019-06-28 10:01:38.464410288,100692,464,100570,464,100731,100,100524,100,100748,100,100497,200,100759,100,100328,200,100944,100,100325,100,101069,100,100286,100,101106,100,100265,100,101199,100,100250,100,101265,100,100124,100,,,100084,100
2019-06-28 10:01:40.000000000,100692,191,100570,191,100731,191,100524,191,100748,191,100497,291,100759,191,100328,291,100944,100,100325,100,101069,100,100286,100,101106,100,100265,100,101199,100,100250,100,101265,100,100124,100,,,100084,100
2019-06-28 10:01:46.827307731,100692,191,100570,91,100731,191,100524,191,100748,191,100497,291,100759,191,100328,291,100944,100,100325,100,101069,100,100286,100,101106,100,100265,100,101199,100,100250,100,101265,100,100124,100,,,100084,100
2019-06-28 10:01:47.750140139,100609,100,100570,91,100692,191,100524,191,100731,191,100497,291,100748,191,100328,291,100759,191,100325,100,100944,100,100286,100,101069,100,100265,100,101106,100,100250,100,101199,100,100124,100,101265,100,100084,100
2019-06-28 10:01:50.000000000,100609,464,100524,464,100692,100,100497,200,100731,100,100328,200,100748,100,100325,100,100759,100,100286,100,100944,100,100265,100,101069,100,100250,100,101106,100,100124,100,101199,100,100084,100,101265,100,100055,100
2019-06-28 10:02:00.000000000,100609,224,100524,224,100692,220,100497,320,100731,220,100328,320,100748,100,100325,100,100759,100,100286,100,100944,100,100265,100,101069,100,100250,100,101106,100,100124,100,101199,100,100084,100,101265,100,100055,100
2019-06-28 10:02:10.000000000,100609,282,100524,282,100692,282,100497,382,100731,100,100328,200,100748,100,100325,100,100759,100,100286,100,100944,100,100265,100,101069,100,100250,100,101106,100,100124,100,101199,100,100084,100,101265,100,100055,100
2019-06-28 10:02:19.010858339,100609,282,100524,282,100692,282,100497,382,100731,100,100328,200,100748,100,100325,100,100759,100,100286,100,100944,100,100265,100,101069,100,100250,100,101106,100,100196,100,101199,100,100124,100,101265,100,100084,100
2019-06-28 10:02:20.000000000,100609,464,100524,464,100692,100,100497,200,100731,100,100328,200,100748,100,100325,100,100759,100,100286,100,100944,100,100265,100,101069,100,100250,100,101106,100,100196,100,101199,100,100124,100,101265,100,100084,100
2019-06-28 10:02:26.714860841,100609,464,100524,464,100692,100,100497,200,100731,100,100328,200,100748,100,100325,100,100759,100,100286,100,100944,100,100265,100,101069,100,100250,100,101106,100,100196,100,101199,100,100124,100,101265,100,100084,100
2019-06-28 10:02:30.000000000,100609,224,100524,224,100692,220,100497,320,100731,220,100328,320,100748,100,100325,100,100759,100,100286,100,100944,100,100265,100,101069,100,100250,100,101106,100,100196,100,101199,100,100124,100,101265,100,100084,100
2019-06-28 10:02:31.603692931,100609,124,100524,224,100692,220,100497,320,100731,220,100328,320,100748,100,100325,100,100759,100,100286,100,100944,100,100265,100,101069,100,100250,100,101106,100,100196,100,101199,100,100124,100,101265,100,100084,100
2019-06-28 10:02:35.130179204,100609,124,100524,124,100692,220,100497,320,100731,220,100328,320,100748,100,100325,100,100759,100,100286,100,100944,100,100265,100,101069,100,100250,100,101106,100,100196,100,101199,100,100124,100,101265,100,100084,100
2019-06-28 10:02:39.351592954,100609,124,100524,24,100692,220,100497,320,100731,220,100328,320,100748,100,100325,100,100759,100,100286,100,100944,100,100265,100,101069,100,100250,100,101106,100,100196,100,101199,100,100124,100,101265,100,100084,100
2019-06-28 10:02:40.000000000,100692,464,100497,564,100731,100,100328,200,100748,100,100325,100,100759,100,100286,100,100944,100,100265,100,101069,100,100250,100,101106,100,100196,100,101199,100,100124,100,101265,100,100084,100,,,100055,100
2019-06-28 10:02:50.000000000,100692,282,100497,382,100731,282,100328,382,100748,100,100325,100,100759,100,100286,100,100944,100,100265,100,101069,100,100250,100,101106,100,100196,100,101199,100,100124,100,101265,100,100084,100,,,100055,100
2019-06-28 10:02:50.264208688,100524,100,100497,382,100692,282,100328,382,100731,282,100325,100,100748,100,100286,100,100759,100,100265,100,100944,100,100250,100,101069,100,100196,100,101106,100,100124,100,101199,100,100084,100,101265,100,100055,100
2019-06-28 10:03:00.000000000,100524,224,100497,324,100692,220,100328,320,100731,220,100325,220,100748,100,100286,100,100759,100,100265,100,100944,100,100250,100,101069,100,100196,100,101106,100,100124,100,101199,100,100084,100,101265,100,100055,100
2019-06-28 10:03:10.000000000,100524,464,100497,564,100692,100,100328,200,100731,100,100325,100,100748,100,100286,100,100759,100,100265,100,100944,100,100250,100,101069,100,100196,100,101106,100,100124,100,101199,100,100084,100,101265,100,100055,100
2019-06-28 10:03:20.000000000,100524,282,100497,382,100692,282,100328,382,100731,100,100325,100,100748,100,100286,100,100759,100,100265,100,100944,100,100250,100,101069,100,100196,100,101106,100,100124,100,101199,100,100084,100,101265,100,100055,100
2019-06-28 10:03:30.000000000,100524,282,100497,382,100692,282,100328,382,100731,100,100325,100,100748,100,100286,100,100759,100,100265,100,100944,100,100250,100,101069,100,100196,100,101106,100,100124,100,101199,100,100084,100,101265,100,100055,100
2019-06-28 10:03:40.000000000,100524,464,100497,564,100692,100,100328,200,100731,100,100325,100,100748,100,100286,100,100759,100,100265,100,100944,100,100250,100,101069,100,100196,100,101106,100,100124,100,101199,100,100084,100,101265,100,100055,100
2019-06-28 10:03:50.000000000,100524,224,100497,324,100692,220,100328,320,100731,220,100325,220,100748,100,100286,100,100759,100,100265,100,100944,100,100250,100,101069,100,100196,100,101106,100,100124,100,101199,100,100084,100,101265,100,100055,100
2019-06-28 10:04:00.000000000,100524,224,100497,324,100692,220,100328,320,100731,220,100325,220,100748,100,100286,100,100759,100,100265,100,100944,100,100250,100,101069,100,100196,100,101106,100,100124,100,101199,100,100084,100,101265,100,100055,100
2019-06-28 10:04:10.000000000,100524,173,100497,273,100692,173,100328,273,100731,173,100325,173,100748,173,100286,173,100759,173,100265,173,100944,100,100250,100,101069,100,100196,100,101106,100,100124,100,101199,100,100084,100,101265,100,100055,100
2019-06-28 10:04:20.000000000,100524,173,100497,273,100692,173,100328,273,100731,173,100325,173,100748,173,100286,173,100759,173,100265,173,100944,100,100250,100,101069,100,100196,100,101106,100,100124,100,101199,100,100084,100,101265,100,100055,100
2019-06-28 10:04:22.138118757,100524,173,100497,273,100692,173,100328,273,100731,173,100325,173,100748,173,100286,173,100759,173,100265,173,100944,100,100250,100,101069,100,100196,100,101106,100,100124,100,101199,100,100084,100,101265,100,100055,100
2019-06-28 10:04:30.000000000,100524,191,100497,291,100692,191,100328,291,100731,191,100325,191,100748,191,100286,191,100759,100,100265,100,100944,100,100250,100,101069,100,100196,100,101106,100,100124,100,101199,100,100084,100,101265,100,100055,100
2019-06-28 10:04:31.468069258,100524,191,100497,291,100692,191,100328,291,100731,191,100325,191,100748,191,100286,191,100759,100,100265,100,100944,100,100250,100,101069,100,100196,100,101106,100,100124,100,101199,100,100084,100,101265,100,100055,100
2019-06-28 10:04:40.000000000,100524,191,100497,291,100692,191,100328,291,100731,191,100325,191,100748,191,100286,191,100759,100,100265,100,100944,100,100250,100,101069,100,100196,100,101106,100,100124,100,101199,100,100084,100,101265,100,100055,100
2019-06-28 10:04:47.808272904,100524,291,100497,291,100692,191,100328,291,100731,191,100325,191,100748,191,100286,191,100759,100,100265,100,100944,100,100250,100,101069,100,100196,100,101106,100,100124,100,101199,100,100084,100,101265,100,100055,100
2019-06-28 10:04:49.642077519,100524,291,100497,191,100692,191,100328,291,100731,191,100325,191,100748,191,100286,191,100759,100,100265,100,100944,100,100250,100,101069,100,100196,100,101106,100,100124,100,101199,100,100084,100,101265,100,100055,100
2019-06-28 10:04:50.000000000,100524,273,100497,173,100692,173,100328,273,100731,173,100325,173,100748,173,100286,173,100759,173,100265,173,100944,100,100250,100,101069,100,100196,100,101106,100,100124,100,101199,100,100084,100,101265,100,100055,100
2019-06-28 10:04:53.170819559,100524,273,100497,73,100692,173,100328,273,100731,173,100325,173,100748,173,100286,173,100759,173,100265,173,100944,100,100250,100,101069,100,100196,100,101106,100,100124,100,101199,100,100084,100,101265,100,100055,100
2019-06-28 10:04:57.906825713,100497,27,100328,273,100524,173,100325,173,100692,173,100286,173,100731,173,100265,173,100748,173,100250,100,100759,173,100196,100,100944,100,100124,100,101069,100,100084,100,101106,100,100055,100,101199,100,100034,100
2019-06-28 10:05:00.000000000,100497,151,100328,324,100524,220,100325,220,100692,220,100286,220,100731,100,100265,100,100748,100,100250,100,100759,100,100196,100,100944,100,100124,100,101069,100,100084,100,101106,100,100055,100,101199,100,100034,100
2019-06-28 10:05:10.000000000,100497,151,100328,324,100524,220,100325,220,100692,220,100286,220,100731,100,100265,100,100748,100,100250,100,100759,100,100196,100,100944,100,100124,100,101069,100,100084,100,101106,100,100055,100,101199,100,100034,100
2019-06-28 10:05:20.000000000,100497,100,100328,273,100524,173,100325,173,100692,173,100286,173,100731,173,100265,173,100748,173,100250,173,100759,100,100196,100,100944,100,100124,100,101069,100,100084,100,101106,100,100055,100,101199,100,100034,100
2019-06-28 10:05:26.211820168,100497,100,100328,273,100524,173,100325,173,100692,173,100286,173,100731,173,100265,173,100748,173,100250,173,100759,100,100196,100,100944,100,100124,100,101069,100,100084,100,101106,100,100055,100,101199,100,100034,100
2019-06-28 10:05:29.950879112,100497,200,100328,273,100524,173,100325,173,100692,173,100286,173,100731,173,100265,173,100748,173,100250,173,100759,100,100196,100,100944,100,100124,100,101069,100,100084,100,101106,100,100055,100,101199,100,100034,100
2019-06-28 10:05:30.000000000,100497,200,100328,273,100524,173,100325,173,100692,173,100286,173,100731,173,100265,173,100748,173,100250,173,100759,100,100196,100,100944,100,100124,100,101069,100,100084,100,101106,100,100055,100,101199,100,100034,100
2019-06-28 10:05:30.156832643,100497,200,100328,173,100524,173,100325,173,100692,173,100286,173,100731,173,100265,173,100748,173,100250,173,100759,100,100196,100,100944,100,100124,100,101069,100,100084,100,101106,100,100055,100,101199,100,100034,100
2019-06-28 10:05:34.408974420,100497,200,100328,173,100524,173,100325,173,100692,73,100286,173,100731,173,100265,173,100748,173,100250,173,100759,100,100196,100,100944,100,100124,100,101069,100,100084,100,101106,100,100055,100,101199,100,100034,100
2019-06-28 10:05:36.119425505,100497,200,100328,73,100524,173,100325,173,100692,73,100286,173,100731,173,100265,173,100748,173,100250,173,100759,100,100196,100,100944,100,100124,100,101069,100,100084,100,101106,100,100055,100,101199,100,100034,100
2019-06-28 10:05:40.000000000,100497,200,100325,173,100524,173,100286,173,100731,173,100265,173,100748,173,100250,173,100759,173,100196,173,100944,100,100124,100,101069,100,100084,100,101106,100,100055,100,101199,100,100034,100,101265,100,99995,100
2019-06-28 10:05:50.000000000,100497,309,100325,282,100524,282,100286,282,100731,100,100265,100,100748,100,100250,100,100759,100,100196,100,100944,100,100124,100,101069,100,100084,100,101106,100,100055,100,101199,100,100034,100,101265,100,99995,100
2019-06-28 10:06:00.000000000,100497,491,100325,464,100524,100,100286,100,100731,100,100265,100,100748,100,100250,100,100759,100,100196,100,100944,100,100124,100,101069,100,100084,100,101106,100,100055,100,101199,100,100034,100,101265,100,99995,100
2019-06-28 10:06:02.033429739,100497,491,100325,364,100524,100,100286,100,100731,100,100265,100,100748,100,100250,100,100759,100,100196,100,100944,100,100124,100,101069,100,100084,100,101106,100,100055,100,101265,100,100034,100,,,99995,100
2019-06-28 10:06:10.000000000,100497,251,100286,224,100524,220,100265,220,100731,220,100250,220,100748,100,100196,100,100759,100,100124,100,100944,100,100084,100,101069,100,100055,100,101106,100,100034,100,101265,100,99995,100,,,99881,100
