,ask_price_1,ask_size_1,bid_price_1,bid_size_1,ask_price_2,ask_size_2,bid_price_2,bid_size_2,ask_price_3,ask_size_3,bid_price_3,bid_size_3,ask_price_4,ask_size_4,bid_price_4,bid_size_4,ask_price_5,ask_size_5,bid_price_5,bid_size_5,ask_price_6,ask_size_6,bid_price_6,bid_size_6,ask_price_7,ask_size_7,bid_price_7,bid_size_7,ask_price_8,ask_size_8,bid_price_8,bid_size_8,ask_price_9,ask_size_9,bid_price_9,bid_size_9,ask_price_10,ask_size_10,bid_price_10,bid_size_10
2019-06-28 09:30:00.000000002,100144,100,,,,,,,,,,,,,,,,,,,,,,,,,,,,,,,,,,,,,,
2019-06-28 09:30:00.000000006,99995,100,99980,100,100144,100,99969,100,,,,,,,,,,,,,,,,,,,,,,,,,,,,,,,,
2019-06-28 09:30:00.000000008,99995,100,99980,100,100144,100,99969,100,,,99941,100,,,,,,,,,,,,,,,,,,,,,,,,,,,,
2019-06-28 09:30:00.000000009,99995,100,99980,100,100144,100,99969,100,,,99941,100,,,99936,100,,,,,,,,,,,,,,,,,,,,,,,,
2019-06-28 09:30:00.000000012,100021,100,99980,100,100144,100,99969,100,,,99941,100,,,99936,100,,,,,,,,,,,,,,,,,,,,,,,,
2019-06-28 09:30:00.000000013,100021,100,99980,100,100144,100,99969,100,,,99948,100,,,99941,100,,,99936,100,,,,,,,,,,,,,,,,,,,,
2019-06-28 09:30:00.000000016,100021,100,99980,100,100144,100,99969,100,100166,100,99948,100,,,99941,100,,,99936,100,,,,,,,,,,,,,,,,,,,,
2019-06-28 09:30:00.000000017,100021,100,99980,100,100144,100,99969,100,100166,100,99948,100,,,99941,100,,,99936,100,,,99910,100,,,,,,,,,,,,,,,,
2019-06-28 09:30:00.000000018,100021,100,99980,100,100144,100,99969,100,100166,100,99948,100,,,99941,100,,,99936,100,,,99910,100,,,99892,100,,,,,,,,,,,,
2019-06-28 09:30:00.000000019,100144,100,99980,100,100166,100,99969,100,,,99948,100,,,99941,100,,,99936,100,,,99910,100,,,99892,100,,,,,,,,,,,,
2019-06-28 09:30:00.000000020,100144,100,99980,100,100166,100,99969,100,,,99948,100,,,99941,100,,,99940,100,,,99936,100,,,99910,100,,,99892,100,,,,,,,,
2019-06-28 09:30:00.000000021,100013,100,99980,100,100021,100,99969,100,100144,100,99948,100,100166,100,99941,100,,,99940,100,,,99936,100,,,99910,100,,,99892,100,,,,,,,,
2019-06-28 09:30:00.000000023,100013,100,99980,100,100021,100,99969,100,100144,100,99948,100,100166,100,99941,100,,,99940,100,,,99936,100,,,99925,100,,,99910,100,,,99892,100,,,,
2019-06-28 09:30:00.000000026,100013,100,99980,100,100021,100,99969,100,100126,100,99948,100,100144,100,99941,100,100166,100,99940,100,,,99936,100,,,99925,100,,,99910,100,,,99892,100,,,,
2019-06-28 09:30:00.000000028,100021,100,99980,100,100126,100,99969,100,100144,100,99948,100,100166,100,99941,100,,,99940,100,,,99936,100,,,99925,100,,,99910,100,,,99892,100,,,,
2019-06-28 09:30:00.000000030,100021,100,99980,100,100126,100,99969,100,100144,100,99948,100,100166,100,99941,100,,,99940,100,,,99936,100,,,99929,100,,,99925,100,,,99910,100,,,99892,100
2019-06-28 09:30:00.000000033,100021,100,99980,100,100126,100,99969,100,100144,100,99963,100,100166,100,99948,100,,,99941,100,,,99940,100,,,99936,100,,,99929,100,,,99925,100,,,99910,100
2019-06-28 09:30:00.000000034,100021,100,99980,100,100071,100,99969,100,100126,100,99963,100,100144,100,99948,100,100166,100,99941,100,,,99940,100,,,99936,100,,,99929,100,,,99925,100,,,99910,100
2019-06-28 09:30:00.000000036,100021,100,99980,100,100071,100,99969,100,100126,100,99963,100,100144,100,99948,100,100166,100,99941,100,,,99940,100,,,99936,100,,,99929,100,,,99925,100,,,99910,100
2019-06-28 09:30:00.000000038,100021,100,99980,100,100071,100,99969,100,100114,100,99963,100,100126,100,99948,100,100144,100,99941,100,100166,100,99940,100,,,99936,100,,,99929,100,,,99925,100,,,99910,100
2019-06-28 09:30:00.000000041,100021,100,100013,100,100071,100,99980,100,100097,100,99969,100,100114,100,99963,100,100126,100,99948,100,100144,100,99941,100,100166,100,99940,100,,,99936,100,,,99929,100,,,99925,100
2019-06-28 09:30:00.000000042,100021,100,100013,100,100071,100,99980,100,100097,100,99969,100,100114,100,99963,100,100123,100,99948,100,100126,100,99941,100,100144,100,99940,100,100166,100,99936,100,,,99929,100,,,99925,100
2019-06-28 09:30:00.000000043,100021,100,100013,100,100071,100,99980,100,100097,100,99969,100,100102,100,99963,100,100114,100,99948,100,100123,100,99941,100,100126,100,99940,100,100144,100,99936,100,100166,100,99929,100,,,99925,100
2019-06-28 09:30:00.000000045,100021,100,100013,100,100071,100,99994,100,100097,100,99980,100,100102,100,99969,100,100112,100,99963,100,100114,100,99948,100,100123,100,99941,100,100126,100,99940,100,100144,100,99936,100,100166,100,99929,100
2019-06-28 09:30:00.000000046,100021,100,100013,100,100071,100,100005,100,100097,100,99994,100,100102,100,99980,100,100112,100,99969,100,100114,100,99963,100,100123,100,99948,100,100126,100,99941,100,100144,100,99940,100,100166,100,99936,100
2019-06-28 09:30:00.000000048,100020,100,100013,100,100021,100,100005,100,100071,100,99994,100,100097,100,99980,100,100102,100,99969,100,100112,100,99963,100,100114,100,99948,100,100123,100,99941,100,100126,100,99940,100,100144,100,99936,100
2019-06-28 09:30:00.000000049,100020,100,100013,100,100021,100,100005,100,100038,100,99994,100,100071,100,99980,100,100097,100,99969,100,100102,100,99963,100,100112,100,99948,100,100114,100,99941,100,100123,100,99940,100,100126,100,99936,100
2019-06-28 09:30:00.000000050,100020,100,100005,100,100021,100,99994,100,100038,100,99980,100,100071,100,99969,100,100097,100,99963,100,100102,100,99948,100,100112,100,99941,100,100114,100,99940,100,100123,100,99936,100,100126,100,99929,100
2019-06-28 09:30:00.000000051,100020,100,100005,100,100021,100,99994,100,100038,100,99980,100,100044,100,99969,100,100071,100,99963,100,100097,100,99948,100,100102,100,99941,100,100112,100,99940,100,100114,100,99936,100,100123,100,99929,100
2019-06-28 09:30:00.000000052,100020,100,100005,100,100021,100,99994,100,100038,100,99980,100,100044,100,99969,100,100071,100,99963,100,100097,100,99948,100,100102,100,99941,100,100112,100,99940,100,100114,100,99936,100,100123,100,99929,100
2019-06-28 09:30:00.000000053,100020,100,100005,100,100021,100,99994,100,100038,100,99980,100,100044,100,99969,100,100071,100,99963,100,100097,100,99948,100,100102,100,99941,100,100112,100,99940,100,100114,100,99936,100,100123,100,99929,100
2019-06-28 09:30:00.000000056,100013,100,100005,100,100020,100,99994,100,100021,100,99980,100,100038,100,99969,100,100044,100,99963,100,100071,100,99948,100,100097,100,99941,100,100102,100,99940,100,100112,100,99936,100,100114,100,99929,100
2019-06-28 09:30:00.000000059,100013,100,100005,100,100015,100,99994,100,100020,100,99980,100,100021,100,99969,100,100038,100,99963,100,100044,100,99948,100,100071,100,99941,100,100097,100,99940,100,100102,100,99936,100,100105,100,99929,100
2019-06-28 09:30:00.000000064,100013,100,100005,100,100015,100,99994,100,100020,100,99980,100,100021,100,99969,100,100032,100,99963,100,100038,100,99948,100,100044,100,99941,100,100071,100,99940,100,100097,100,99936,100,100102,100,99929,100
2019-06-28 09:30:00.000000068,100013,100,100005,100,100015,100,99994,100,100020,100,99980,100,100021,100,99969,100,100032,100,99963,100,100038,100,99948,100,100044,100,99941,100,100071,100,99940,100,100097,100,99936,100,100102,100,99931,100
2019-06-28 09:30:00.000000069,100010,100,100005,100,100013,100,99994,100,100015,100,99980,100,100020,100,99969,100,100021,100,99963,100,100032,100,99948,100,100038,100,99941,100,100044,100,99940,100,100071,100,99936,100,100097,100,99931,100
2019-06-28 09:30:00.000000071,100010,100,100005,100,100013,100,99994,100,100015,100,99980,100,100020,100,99969,100,100021,100,99963,100,100032,100,99948,100,100038,100,99941,100,100044,100,99940,100,100071,100,99936,100,100097,100,99931,100
2019-06-28 09:30:00.000000072,100010,100,100005,100,100013,100,99994,100,100015,100,99980,100,100020,100,99969,100,100021,100,99963,100,100032,100,99948,100,100038,100,99941,100,100044,100,99940,100,100071,100,99936,100,100097,100,99931,100
2019-06-28 09:30:00.000000073,100010,100,100005,100,100013,200,99994,100,100015,100,99980,100,100020,100,99969,100,100021,100,99963,100,100032,100,99948,100,100038,100,99941,100,100044,100,99940,100,100071,100,99936,100,100097,100,99931,100
2019-06-28 09:30:00.000000074,100010,100,100005,100,100013,200,99994,100,100015,100,99980,100,100020,100,99969,100,100021,100,99963,100,100032,100,99948,100,100038,100,99941,100,100044,100,99940,100,100071,100,99936,100,100097,100,99931,100
2019-06-28 09:30:00.000000075,100010,100,100005,100,100013,300,99994,100,100015,100,99980,100,100020,100,99969,100,100021,100,99963,100,100032,100,99948,100,100038,100,99941,100,100044,100,99940,100,100071,100,99936,100,100097,100,99931,100
2019-06-28 09:30:00.000000076,100010,100,100005,100,100013,300,99994,100,100015,100,99980,100,100020,100,99969,100,100021,100,99963,100,100032,100,99948,100,100038,100,99941,100,100044,100,99940,100,100071,100,99936,100,100097,100,99931,100
2019-06-28 09:30:00.000000078,100010,100,100005,100,100013,300,99994,100,100015,100,99980,100,100020,100,99969,100,100021,100,99963,100,100032,100,99948,100,100038,100,99941,100,100044,100,99940,100,100071,100,99936,100,100086,100,99931,100
2019-06-28 09:30:00.000000080,100010,100,99994,100,100013,300,99980,100,100015,100,99969,100,100020,100,99963,100,100021,100,99948,100,100032,100,99941,100,100038,100,99940,100,100044,100,99936,100,100071,100,99931,100,100086,100,99930,100
2019-06-28 09:30:00.000000081,100010,100,99994,100,100013,300,99980,100,100015,100,99969,100,100020,100,99963,100,100021,100,99948,100,100032,100,99941,100,100038,100,99940,200,100044,100,99936,100,100071,100,99931,100,100086,100,99930,100
2019-06-28 09:30:00.000000082,100010,100,99994,100,100013,300,99980,100,100015,100,99969,100,100020,100,99963,100,100021,100,99948,100,100032,100,99941,100,100038,100,99940,200,100044,100,99936,100,100071,100,99931,100,100086,100,99930,100
2019-06-28 09:30:00.000000087,100013,300,99994,100,100015,100,99980,100,100020,100,99969,100,100021,100,99963,100,100032,100,99948,100,100038,100,99941,100,100044,100,99940,200,100071,100,99936,100,100086,100,99931,100,100097,100,99930,100
2019-06-28 09:30:00.000000092,100013,300,99994,100,100015,100,99980,100,100020,100,99969,100,100021,100,99963,100,100032,100,99948,100,100038,100,99941,100,100044,100,99940,200,100071,100,99936,100,100086,100,99931,100,100092,100,99930,100
2019-06-28 09:30:00.000000095,100013,300,99994,100,100015,100,99980,100,100020,100,99969,100,100021,100,99963,100,100032,100,99948,100,100038,100,99945,100,100044,100,99941,100,100071,100,99940,200,100086,100,99936,100,100092,100,99931,100
2019-06-28 09:30:00.000000097,100013,300,99994,100,100015,100,99980,100,100020,100,99969,100,100021,100,99963,100,100032,100,99948,100,100038,100,99945,100,100044,100,99941,100,100071,100,99940,200,100086,100,99936,200,100092,100,99931,100
2019-06-28 09:30:10.000000000,100013,459,99994,259,100015,255,99980,255,100020,255,99969,255,100021,100,99963,100,100032,100,99948,100,100038,100,99945,100,100044,100,99941,100,100071,100,99940,200,100086,100,99936,200,100092,100,99931,100
2019-06-28 09:30:12.056772928,100013,459,99994,259,100015,255,99992,100,100020,255,99980,255,100021,100,99969,255,100032,100,99963,100,100038,100,99948,100,100044,100,99945,100,100071,100,99941,100,100086,100,99940,200,100092,100,99936,200
2019-06-28 09:30:20.000000000,100013,459,99994,259,100015,255,99992,255,100020,255,99980,255,100021,100,99969,100,100032,100,99963,100,100038,100,99948,100,100044,100,99945,100,100071,100,99941,100,100086,100,99940,200,100092,100,99936,200
2019-06-28 09:30:30.000000000,100013,459,99994,259,100015,255,99992,255,100020,255,99980,255,100021,100,99969,100,100032,100,99963,100,100038,100,99948,100,100044,100,99945,100,100071,100,99941,100,100086,100,99940,200,100092,100,99936,200
2019-06-28 09:30:35.140670648,100013,459,99994,259,100015,155,99992,255,100020,255,99980,255,100021,100,99969,100,100032,100,99963,100,100038,100,99948,100,100044,100,99945,100,100071,100,99941,100,100086,100,99940,200,100092,100,99936,200
2019-06-28 09:30:40.000000000,100013,417,99994,217,100020,217,99992,217,100021,217,99980,217,100032,217,99969,217,100038,100,99963,100,100044,100,99948,100,100071,100,99945,100,100086,100,99941,100,100092,100,99940,200,100097,100,99936,200
2019-06-28 09:30:50.000000000,100013,459,99994,259,100020,255,99992,255,100021,255,99980,255,100032,100,99969,100,100038,100,99963,100,100044,100,99948,100,100071,100,99945,100,100086,100,99941,100,100092,100,99940,200,100097,100,99936,200
2019-06-28 09:30:54.325082373,100013,459,100005,100,100020,255,99994,259,100021,255,99992,255,100032,100,99980,255,100038,100,99969,100,100044,100,99963,100,100071,100,99948,100,100086,100,99945,100,100092,100,99941,100,100097,100,99940,200
2019-06-28 09:31:00.000000000,100013,417,100005,217,100020,217,99994,217,100021,217,99992,217,100032,217,99980,217,100038,100,99969,100,100044,100,99963,100,100071,100,99948,100,100086,100,99945,100,100092,100,99941,100,100097,100,99940,200
2019-06-28 09:31:06.505412917,100013,417,100005,217,100020,217,99994,217,100021,217,99992,217,100032,217,99980,217,100038,100,99969,100,100044,100,99963,100,100071,100,99948,100,100086,100,99947,100,100092,100,99945,100,100097,100,99941,100
2019-06-28 09:31:10.000000000,100013,769,100005,569,100020,100,99994,100,100021,100,99992,100,100032,100,99980,100,100038,100,99969,100,100044,100,99963,100,100071,100,99948,100,100086,100,99947,100,100092,100,99945,100,100097,100,99941,100
2019-06-28 09:31:10.865455740,100013,769,100005,569,100020,100,99994,100,100021,100,99992,100,100032,100,99980,100,100038,100,99969,100,100044,100,99963,100,100071,100,99948,100,100086,100,99947,100,100092,100,99945,100,100097,100,99941,100
2019-06-28 09:31:20.000000000,100013,769,100005,569,100020,100,99994,100,100021,100,99992,100,100032,100,99980,100,100038,100,99969,100,100044,100,99963,100,100071,100,99948,100,100086,100,99947,100,100092,100,99945,100,100097,100,99941,100
2019-06-28 09:31:25.721465474,100013,769,100005,569,100020,100,99994,100,100021,100,99992,100,100032,100,99980,100,100038,100,99969,100,100044,100,99963,100,100086,100,99948,100,100092,100,99947,100,100097,100,99945,100,100100,100,99941,100
2019-06-28 09:31:30.000000000,100013,769,100005,569,100020,100,99994,100,100021,100,99992,100,100032,100,99980,100,100038,100,99969,100,100044,100,99963,100,100086,100,99948,100,100092,100,99947,100,100097,100,99945,100,100100,100,99941,100
2019-06-28 09:31:40.000000000,100013,769,100005,569,100020,100,99994,100,100021,100,99992,100,100032,100,99980,100,100038,100,99969,100,100044,100,99963,100,100086,100,99948,100,100092,100,99947,100,100097,100,99945,100,100100,100,99941,100
2019-06-28 09:31:50.000000000,100013,534,100005,334,100020,334,99994,334,100021,100,99992,100,100032,100,99980,100,100038,100,99969,100,100044,100,99963,100,100086,100,99948,100,100092,100,99947,100,100097,100,99945,100,100100,100,99941,100
2019-06-28 09:32:00.000000000,100013,534,100005,334,100020,334,99994,334,100021,100,99992,100,100032,100,99980,100,100038,100,99969,100,100044,100,99963,100,100086,100,99948,100,100092,100,99947,100,100097,100,99945,100,100100,100,99941,100
2019-06-28 09:32:06.769302459,100013,434,100005,334,100020,334,99994,334,100021,100,99992,100,100038,100,99980,100,100044,100,99969,100,100086,100,99963,100,100092,100,99948,100,100097,100,99947,100,100100,100,99945,100,100102,100,99941,100
2019-06-28 09:32:08.929285125,100013,434,100010,100,100020,334,100005,334,100038,100,99994,334,100044,100,99992,100,100086,100,99980,100,100092,100,99969,100,100097,100,99963,100,100100,100,99948,100,100102,100,99947,100,100105,100,99945,100
2019-06-28 09:32:10.000000000,100013,434,100010,334,100020,334,100005,334,100038,100,99994,100,100044,100,99992,100,100086,100,99980,100,100092,100,99969,100,100097,100,99963,100,100100,100,99948,100,100102,100,99947,100,100105,100,99945,100
2019-06-28 09:32:19.289070222,100013,434,100010,434,100020,334,100005,334,100038,100,99994,100,100044,100,99992,100,100086,100,99980,100,100092,100,99969,100,100097,100,99963,100,100100,100,99948,100,100102,100,99947,100,100105,100,99945,100
2019-06-28 09:32:20.000000000,100013,669,100010,669,100020,100,100005,100,100038,100,99994,100,100044,100,99992,100,100086,100,99980,100,100092,100,99969,100,100097,100,99963,100,100100,100,99948,100,100102,100,99947,100,100105,100,99945,100
2019-06-28 09:32:22.941994707,100013,569,100010,669,100020,100,100005,100,100038,100,99994,100,100044,100,99992,100,100086,100,99980,100,100092,100,99969,100,100097,100,99963,100,100100,100,99948,100,100102,100,99947,100,100105,100,99945,100
2019-06-28 09:32:30.000000000,100013,194,100010,294,100020,194,100005,194,100038,194,99994,194,100044,194,99992,194,100086,194,99980,194,100092,100,99969,100,100097,100,99963,100,100100,100,99948,100,100102,100,99947,100,100105,100,99945,100
2019-06-28 09:32:40.000000000,100013,334,100010,434,100020,334,100005,334,100038,100,99994,100,100044,100,99992,100,100086,100,99980,100,100092,100,99969,100,100097,100,99963,100,100100,100,99948,100,100102,100,99947,100,100105,100,99945,100
2019-06-28 09:32:45.491584192,100013,334,100010,434,100020,334,100005,334,100038,100,99994,100,100044,100,99992,100,100086,100,99980,100,100092,100,99969,100,100097,100,99963,100,100100,100,99948,100,100102,100,99947,100,100105,100,99945,100
2019-06-28 09:32:45.700756467,100013,234,100010,434,100020,334,100005,334,100038,100,99994,100,100044,100,99992,100,100086,100,99980,100,100092,100,99969,100,100097,100,99963,100,100100,100,99948,100,100102,100,99947,100,100105,100,99945,100
2019-06-28 09:32:50.000000000,100020,569,100010,669,100038,100,100005,100,100044,100,99994,100,100086,100,99992,100,100092,100,99980,100,100097,100,99969,100,100100,100,99963,100,100102,100,99948,100,100105,100,99947,100,100114,100,99945,100
2019-06-28 09:32:54.054751215,100020,569,100010,669,100038,100,100005,100,100044,100,99994,100,100086,100,99992,100,100092,100,99980,100,100097,100,99969,100,100100,100,99963,100,100102,100,99948,100,100105,100,99947,100,100114,100,99945,100
2019-06-28 09:33:00.000000000,100020,334,100010,434,100038,334,100005,334,100044,100,99994,100,100086,100,99992,100,100092,100,99980,100,100097,100,99969,100,100100,100,99963,100,100102,100,99948,100,100105,100,99947,100,100114,100,99945,100
2019-06-28 09:33:10.000000000,100020,217,100010,317,100038,217,100005,217,100044,217,99994,217,100086,217,99992,217,100092,100,99980,100,100097,100,99969,100,100100,100,99963,100,100102,100,99948,100,100105,100,99947,100,100114,100,99945,100
2019-06-28 09:33:18.328196971,100020,217,100013,100,100038,217,100010,317,100044,217,100005,217,100086,217,99994,217,100092,100,99992,217,100097,100,99980,100,100100,100,99969,100,100102,100,99963,100,100105,100,99948,100,100114,100,99947,100
2019-06-28 09:33:20.000000000,100020,194,100013,194,100038,194,100010,294,100044,194,100005,194,100086,194,99994,194,100092,194,99992,194,100097,100,99980,100,100100,100,99969,100,100102,100,99963,100,100105,100,99948,100,100114,100,99947,100
2019-06-28 09:33:30.000000000,100020,334,100013,334,100038,334,100010,434,100044,100,100005,100,100086,100,99994,100,100092,100,99992,100,100097,100,99980,100,100100,100,99969,100,100102,100,99963,100,100105,100,99948,100,100114,100,99947,100
2019-06-28 09:33:33.045848399,100020,334,100013,334,100038,334,100010,434,100044,100,100005,100,100086,100,99994,100,100092,100,99992,100,100097,100,99980,100,100100,100,99969,100,100102,100,99963,100,100105,100,99948,100,100114,100,99947,100
2019-06-28 09:33:37.922399490,100020,334,100013,234,100038,334,100010,434,100044,100,100005,100,100086,100,99994,100,100092,100,99992,100,100097,100,99980,100,100100,100,99969,100,100102,100,99963,100,100105,100,99948,100,100114,100,99947,100
2019-06-28 09:33:39.707665836,100020,334,100013,134,100038,334,100010,434,100044,100,100005,100,100086,100,99994,100,100092,100,99992,100,100097,100,99980,100,100100,100,99969,100,100102,100,99963,100,100105,100,99948,100,100114,100,99947,100
2019-06-28 09:33:40.000000000,100020,194,100010,294,100038,194,100005,194,100044,194,99994,194,100086,194,99992,194,100092,194,99980,194,100097,100,99969,100,100100,100,99963,100,100102,100,99948,100,100105,100,99947,100,100114,100,99945,100
2019-06-28 09:33:42.026709637,100020,194,100010,294,100038,194,100005,194,100044,194,99994,194,100067,100,99992,194,100086,194,99980,194,100092,194,99969,100,100097,100,99963,100,100100,100,99948,100,100102,100,99947,100,100105,100,99945,100
2019-06-28 09:33:48.914980246,100020,194,100014,100,100038,194,100010,294,100044,194,100005,194,100067,100,99994,194,100086,194,99992,194,100092,194,99980,194,100097,100,99969,100,100100,100,99963,100,100102,100,99948,100,100105,100,99947,100
2019-06-28 09:33:49.536602423,100020,194,100014,100,100038,194,100010,194,100044,194,100005,194,100067,100,99994,194,100086,194,99992,194,100092,194,99980,194,100097,100,99969,100,100100,100,99963,100,100102,100,99948,100,100105,100,99947,100
2019-06-28 09:33:50.000000000,100020,194,100014,194,100038,194,100010,194,100044,194,100005,194,100067,194,99994,194,100086,194,99992,194,100092,100,99980,100,100097,100,99969,100,100100,100,99963,100,100102,100,99948,100,100105,100,99947,100
2019-06-28 09:34:00.000000000,100020,194,100014,194,100038,194,100010,194,100044,194,100005,194,100067,194,99994,194,100086,194,99992,194,100092,100,99980,100,100097,100,99969,100,100100,100,99963,100,100102,100,99948,100,100105,100,99947,100
2019-06-28 09:34:10.000000000,100020,194,100014,194,100038,194,100010,194,100044,194,100005,194,100067,194,99994,194,100086,194,99992,194,100092,100,99980,100,100097,100,99969,100,100100,100,99963,100,100102,100,99948,100,100105,100,99947,100
2019-06-28 09:34:20.000000000,100020,334,100014,334,100038,334,100010,334,100044,100,100005,100,100067,100,99994,100,100086,100,99992,100,100092,100,99980,100,100097,100,99969,100,100100,100,99963,100,100102,100,99948,100,100105,100,99947,100
2019-06-28 09:34:23.663853619,100020,334,100014,334,100038,334,100010,334,100044,100,100005,100,100067,100,99994,100,100086,100,99992,100,100097,100,99980,100,100100,100,99969,100,100102,100,99963,100,100105,100,99948,100,100114,100,99947,100
2019-06-28 09:34:30.000000000,100020,334,100014,334,100038,334,100010,334,100044,100,100005,100,100067,100,99994,100,100086,100,99992,100,100097,100,99980,100,100100,100,99969,100,100102,100,99963,100,100105,100,99948,100,100114,100,99947,100
2019-06-28 09:34:30.093930559,100020,334,100014,334,100038,334,100010,334,100044,100,100005,100,100067,100,99994,100,100086,100,99992,100,100097,100,99980,100,100100,100,99969,100,100102,100,99963,100,100105,100,99948,100,100114,100,99947,200
2019-06-28 09:34:40.000000000,100020,259,100014,259,100038,255,100010,255,100044,255,100005,255,100067,100,99994,100,100086,100,99992,100,100097,100,99980,100,100100,100,99969,100,100102,100,99963,100,100105,100,99948,100,100114,100,99947,200
2019-06-28 09:34:48.396154786,100020,259,100014,259,100038,255,100010,255,100044,255,100005,255,100067,100,99994,100,100086,100,99992,100,100097,100,99980,100,100100,100,99969,100,100102,100,99963,100,100105,100,99948,100,100114,100,99947,200
2019-06-28 09:34:50.000000000,100020,334,100014,334,100038,334,100010,334,100044,100,100005,100,100067,100,99994,100,100086,100,99992,100,100097,100,99980,100,100100,100,99969,100,100102,100,99963,100,100105,100,99948,100,100114,100,99947,200
2019-06-28 09:34:51.586068337,100020,334,100014,434,100038,334,100010,334,100044,100,100005,100,100067,100,99994,100,100086,100,99992,100,100097,100,99980,100,100100,100,99969,100,100102,100,99963,100,100105,100,99948,100,100114,100,99947,200
2019-06-28 09:34:54.599593084,100020,334,100014,434,100038,334,100010,334,100044,100,100005,100,100067,200,99994,100,100086,100,99992,100,100097,100,99980,100,100100,100,99969,100,100102,100,99963,100,100105,100,99948,100,100114,100,99947,100
2019-06-28 09:34:59.561658732,100020,334,100014,334,100038,334,100010,334,100044,100,100005,100,100067,200,99994,100,100086,100,99992,100,100097,100,99980,100,100100,100,99969,100,100102,100,99963,100,100105,100,99948,100,100114,100,99947,100
2019-06-28 09:35:00.000000000,100020,194,100014,194,100038,194,100010,194,100044,194,100005,194,100067,294,99994,194,100086,194,99992,194,100097,100,99980,100,100100,100,99969,100,100102,100,99963,100,100105,100,99948,100,100114,100,99947,100
2019-06-28 09:35:10.000000000,100020,217,100014,217,100038,217,100010,217,100044,217,100005,217,100067,317,99994,217,100086,100,99992,100,100097,100,99980,100,100100,100,99969,100,100102,100,99963,100,100105,100,99948,100,100114,100,99947,100
2019-06-28 09:35:20.000000000,100020,259,100014,259,100038,255,100010,255,100044,255,100005,255,100067,200,99994,100,100086,100,99992,100,100097,100,99980,100,100100,100,99969,100,100102,100,99963,100,100105,100,99948,100,100114,100,99947,100
2019-06-28 09:35:20.603669475,100020,259,100014,259,100038,255,100010,255,100044,255,100005,255,100067,200,99994,100,100086,100,99992,100,100097,100,99980,100,100100,100,99969,100,100102,100,99963,100,100105,100,99948,100,100114,100,99947,100
2019-06-28 09:35:23.959929611,100020,259,100014,259,100038,255,100010,255,100044,255,100005,255,100067,200,99994,100,100086,100,99992,100,100097,100,99980,100,100100,100,99969,100,100102,100,99963,100,100105,100,99948,100,100114,100,99947,100
2019-06-28 09:35:30.000000000,100020,217,100014,217,100038,217,100010,217,100044,217,100005,217,100067,317,99994,217,100086,100,99992,100,100097,100,99980,100,100100,100,99969,100,100102,100,99963,100,100105,100,99948,100,100114,100,99947,100
2019-06-28 09:35:40.000000000,100020,217,100014,217,100038,217,100010,217,100044,217,100005,217,100067,317,99994,217,100086,100,99992,100,100097,100,99980,100,100100,100,99969,100,100102,100,99963,100,100105,100,99948,100,100114,100,99947,100
2019-06-28 09:35:50.000000000,100020,569,100014,569,100038,100,100010,100,100044,100,100005,100,100067,200,99994,100,100086,100,99992,100,100097,100,99980,100,100100,100,99969,100,100102,100,99963,100,100105,100,99948,100,100114,100,99947,100
2019-06-28 09:36:00.000000000,100020,569,100014,569,100038,100,100010,100,100044,100,100005,100,100067,200,99994,100,100086,100,99992,100,100097,100,99980,100,100100,100,99969,100,100102,100,99963,100,100105,100,99948,100,100114,100,99947,100
2019-06-28 09:36:03.746513466,100020,469,100014,569,100038,100,100010,100,100044,100,100005,100,100067,200,99994,100,100086,100,99992,100,100097,100,99980,100,100100,100,99969,100,100102,100,99963,100,100105,100,99947,100,100114,100,99945,100
2019-06-28 09:36:10.000000000,100038,217,100014,217,100044,217,100010,217,100067,317,100005,217,100086,217,99994,217,100097,100,99992,100,100100,100,99980,100,100102,100,99969,100,100105,100,99963,100,100114,100,99947,100,100123,200,99945,100
2019-06-28 09:36:20.000000000,100038,217,100014,217,100044,217,100010,217,100067,317,100005,217,100086,217,99994,217,100097,100,99992,100,100100,100,99980,100,100102,100,99969,100,100105,100,99963,100,100114,100,99947,100,100123,200,99945,100
2019-06-28 09:36:21.028682128,100038,117,100014,217,100044,217,100010,217,100067,317,100005,217,100086,217,99994,217,100097,100,99992,100,100100,100,99980,100,100102,100,99963,100,100105,100,99947,100,100114,100,99945,100,100123,200,99940,100
2019-06-28 09:36:29.770427866,100038,117,100014,217,100044,217,100010,217,100067,317,100005,217,100086,217,99994,217,100097,100,99992,100,100100,100,99980,100,100102,100,99963,100,100105,100,99947,100,100114,100,99945,100,100123,200,99940,100
2019-06-28 09:36:30.000000000,100044,569,100014,569,100067,200,100010,100,100086,100,100005,100,100097,100,99994,100,100100,100,99992,100,100102,100,99980,100,100105,100,99963,100,100114,100,99947,100,100123,200,99945,100,100130,100,99940,100
2019-06-28 09:36:37.303021272,100044,569,100014,569,100067,200,100010,100,100086,100,100005,100,100097,100,99994,100,100100,100,99992,100,100102,100,99980,100,100105,100,99963,100,100114,100,99947,100,100123,200,99945,100,100130,100,99940,100
2019-06-28 09:36:40.000000000,100044,259,100014,259,100067,355,100010,255,100086,255,100005,255,100097,100,99994,100,100100,100,99992,100,100102,100,99980,100,100105,100,99963,100,100114,100,99947,100,100123,200,99945,100,100130,100,99940,100
2019-06-28 09:36:50.000000000,100044,334,100014,334,100067,434,100010,334,100086,100,100005,100,100097,100,99994,100,100100,100,99992,100,100102,100,99980,100,100105,100,99963,100,100114,100,99947,100,100123,200,99945,100,100130,100,99940,100
2019-06-28 09:37:00.000000000,100044,217,100014,217,100067,317,100010,217,100086,217,100005,217,100097,217,99994,217,100100,100,99992,100,100102,100,99980,100,100105,100,99963,100,100114,100,99947,100,100123,200,99945,100,100130,100,99940,100
2019-06-28 09:37:01.004406215,100044,217,100020,100,100067,317,100014,217,100086,217,100010,217,100097,217,100005,217,100100,100,99994,217,100102,100,99992,100,100105,100,99980,100,100114,100,99963,100,100123,200,99947,100,100130,100,99945,100
2019-06-28 09:37:10.000000000,100044,217,100020,217,100067,317,100014,217,100086,217,100010,217,100097,217,100005,217,100100,100,99994,100,100102,100,99992,100,100105,100,99980,100,100114,100,99963,100,100123,200,99947,100,100130,100,99945,100
2019-06-28 09:37:20.000000000,100044,194,100020,194,100067,294,100014,194,100086,194,100010,194,100097,194,100005,194,100100,194,99994,194,100102,100,99992,100,100105,100,99980,100,100114,100,99963,100,100123,200,99947,100,100130,100,99945,100
2019-06-28 09:37:30.000000000,100044,569,100020,569,100067,200,100014,100,100086,100,100010,100,100097,100,100005,100,100100,100,99994,100,100102,100,99992,100,100105,100,99980,100,100114,100,99963,100,100123,200,99947,100,100130,100,99945,100
2019-06-28 09:37:39.771888014,100044,569,100020,569,100067,200,100014,100,100086,100,100010,100,100097,100,100005,100,100100,100,99994,100,100102,100,99992,100,100105,100,99980,100,100114,100,99963,100,100123,200,99947,100,100130,100,99945,100
2019-06-28 09:37:40.000000000,100044,569,100020,569,100067,200,100014,100,100086,100,100010,100,100097,100,100005,100,100100,100,99994,100,100102,100,99992,100,100105,100,99980,100,100114,100,99963,100,100123,200,99947,100,100130,100,99945,100
2019-06-28 09:37:50.000000000,100044,569,100020,569,100067,200,100014,100,100086,100,100010,100,100097,100,100005,100,100100,100,99994,100,100102,100,99992,100,100105,100,99980,100,100114,100,99963,100,100123,200,99947,100,100130,100,99945,100
2019-06-28 09:37:50.653553142,100044,569,100020,569,100067,200,100014,100,100086,100,100010,100,100097,100,100005,100,100100,100,99994,100,100102,100,99992,100,100105,100,99980,100,100114,100,99963,100,100123,200,99947,100,100130,100,99945,100
2019-06-28 09:38:00.000000000,100044,194,100020,194,100067,294,100014,194,100086,194,100010,194,100097,194,100005,194,100100,194,99994,194,100102,100,99992,100,100105,100,99980,100,100114,100,99963,100,100123,200,99947,100,100130,100,99945,100
2019-06-28 09:38:10.000000000,100044,259,100020,259,100067,355,100014,255,100086,255,100010,255,100097,100,100005,100,100100,100,99994,100,100102,100,99992,100,100105,100,99980,100,100114,100,99963,100,100123,200,99947,100,100130,100,99945,100
2019-06-28 09:38:11.955010271,100044,259,100020,259,100067,355,100014,255,100086,255,100010,255,100097,100,100005,100,100100,100,99994,100,100102,100,99992,100,100105,100,99980,100,100114,100,99963,100,100123,200,99947,100,100130,100,99940,100
2019-06-28 09:38:13.350063216,100044,159,100020,259,100067,355,100014,255,100086,255,100010,255,100097,100,100005,100,100100,100,99994,100,100102,100,99992,100,100105,100,99980,100,100114,100,99963,100,100123,200,99947,100,100130,100,99940,100
2019-06-28 09:38:20.000000000,100067,434,100020,334,100086,334,100014,334,100097,100,100010,100,100100,100,100005,100,100102,100,99994,100,100105,100,99992,100,100114,100,99980,100,100123,200,99963,100,100130,100,99947,100,100164,100,99940,100
2019-06-28 09:38:25.335057542,100067,434,100020,334,100086,334,100014,334,100097,100,100010,100,100100,100,100005,100,100102,100,99994,100,100105,100,99992,100,100114,100,99980,100,100123,200,99963,100,100130,100,99947,100,100164,100,99940,100
2019-06-28 09:38:30.000000000,100067,317,100020,217,100086,217,100014,217,100097,217,100010,217,100100,217,100005,217,100102,100,99994,100,100105,100,99992,100,100114,100,99980,100,100123,200,99963,100,100130,100,99947,100,100164,100,99940,100
2019-06-28 09:38:35.473310760,100067,217,100020,217,100086,217,100014,217,100097,217,100010,217,100100,117,100005,217,100102,100,99994,100,100105,100,99992,100,100114,100,99980,100,100123,200,99963,100,100130,100,99947,100,100164,100,99940,100
2019-06-28 09:38:40.000000000,100067,194,100020,194,100086,194,100014,194,100097,194,100010,194,100102,194,100005,194,100105,194,99994,194,100114,100,99992,100,100123,200,99980,100,100130,100,99963,100,100164,100,99947,100,100165,100,99940,100
2019-06-28 09:38:50.000000000,100067,194,100020,194,100086,194,100014,194,100097,194,100010,194,100102,194,100005,194,100105,194,99994,194,100114,100,99992,100,100123,200,99980,100,100130,100,99963,100,100164,100,99947,100,100165,100,99940,100
2019-06-28 09:39:00.000000000,100067,334,100020,334,100086,334,100014,334,100097,100,100010,100,100102,100,100005,100,100105,100,99994,100,100114,100,99992,100,100123,200,99980,100,100130,100,99963,100,100164,100,99947,100,100165,100,99940,100
2019-06-28 09:39:06.539464460,100067,334,100020,334,100086,334,100014,334,100097,100,100010,100,100102,100,100005,100,100105,100,99994,100,100114,100,99992,100,100123,200,99980,100,100130,100,99963,100,100164,100,99947,100,100165,100,99940,100
2019-06-28 09:39:10.000000000,100067,259,100020,259,100086,255,100014,255,100097,255,100010,255,100102,100,100005,100,100105,100,99994,100,100114,100,99992,100,100123,200,99980,100,100130,100,99963,100,100164,100,99947,100,100165,100,99940,100
2019-06-28 09:39:20.000000000,100067,217,100020,217,100086,217,100014,217,100097,217,100010,217,100102,217,100005,217,100105,100,99994,100,100114,100,99992,100,100123,200,99980,100,100130,100,99963,100,100164,100,99947,100,100165,100,99940,100
2019-06-28 09:39:30.000000000,100067,259,100020,259,100086,255,100014,255,100097,255,100010,255,100102,100,100005,100,100105,100,99994,100,100114,100,99992,100,100123,200,99980,100,100130,100,99963,100,100164,100,99947,100,100165,100,99940,100
2019-06-28 09:39:34.446871911,100067,259,100020,259,100086,255,100014,255,100097,255,100010,255,100102,100,100005,100,100105,100,99994,100,100114,100,99992,100,100123,200,99980,100,100130,100,99963,100,100164,100,99947,100,100165,100,99940,100
2019-06-28 09:39:40.000000000,100067,194,100020,194,100086,194,100014,194,100097,194,100010,194,100102,194,100005,194,100105,194,99994,194,100114,100,99992,100,100123,200,99980,100,100130,100,99963,100,100164,100,99947,100,100165,100,99940,100
2019-06-28 09:39:40.973932660,100067,194,100044,100,100086,194,100020,194,100097,194,100014,194,100102,194,100010,194,100105,194,100005,194,100114,100,99994,194,100123,200,99992,100,100130,100,99980,100,100164,100,99963,100,100165,100,99947,100
2019-06-28 09:39:50.000000000,100067,194,100044,194,100086,194,100020,194,100097,194,100014,194,100102,194,100010,194,100105,194,100005,194,100114,100,99994,100,100123,200,99992,100,100130,100,99980,100,100164,100,99963,100,100165,100,99947,100
2019-06-28 09:40:00.000000000,100067,259,100044,259,100086,255,100020,255,100097,255,100014,255,100102,100,100010,100,100105,100,100005,100,100114,100,99994,100,100123,200,99992,100,100130,100,99980,100,100164,100,99963,100,100165,100,99947,100
2019-06-28 09:40:01.576353198,100067,159,100044,259,100086,255,100020,255,100097,255,100014,255,100102,100,100010,100,100105,100,100005,100,100114,100,99994,100,100123,200,99992,100,100130,100,99980,100,100164,100,99963,100,100167,100,99947,100
2019-06-28 09:40:05.543209377,100067,159,100044,259,100086,255,100020,255,100097,255,100014,255,100102,100,100010,100,100105,100,100005,100,100114,100,99994,100,100123,200,99992,100,100130,100,99980,100,100164,100,99963,100,100167,100,99947,100
2019-06-28 09:40:10.000000000,100086,217,100044,217,100097,217,100020,217,100102,217,100014,217,100105,217,100010,217,100114,100,100005,100,100123,200,99994,100,100130,100,99992,100,100164,100,99980,100,100167,100,99963,100,100184,100,99947,100
2019-06-28 09:40:20.000000000,100086,569,100044,569,100097,100,100020,100,100102,100,100014,100,100105,100,100010,100,100114,100,100005,100,100123,200,99994,100,100130,100,99992,100,100164,100,99980,100,100167,100,99963,100,100184,100,99947,100
2019-06-28 09:40:30.000000000,100086,217,100044,217,100097,217,100020,217,100102,217,100014,217,100105,217,100010,217,100114,100,100005,100,100123,200,99994,100,100130,100,99992,100,100164,100,99980,100,100167,100,99963,100,100184,100,99947,100
2019-06-28 09:40:40.000000000,100086,569,100044,569,100097,100,100020,100,100102,100,100014,100,100105,100,100010,100,100114,100,100005,100,100123,200,99994,100,100130,100,99992,100,100164,100,99980,100,100167,100,99963,100,100184,100,99947,100
2019-06-28 09:40:45.212549496,100086,569,100044,569,100097,100,100020,100,100102,100,100014,100,100105,100,100010,100,100114,100,100005,100,100123,200,99994,100,100130,100,99992,100,100164,100,99980,100,100167,100,99963,100,100184,100,99947,100
2019-06-28 09:40:50.000000000,100086,217,100044,217,100097,217,100020,217,100102,217,100014,217,100105,217,100010,217,100114,100,100005,100,100123,200,99994,100,100130,100,99992,100,100164,100,99980,100,100167,100,99963,100,100184,100,99947,100
2019-06-28 09:41:00.000000000,100086,569,100044,569,100097,100,100020,100,100102,100,100014,100,100105,100,100010,100,100114,100,100005,100,100123,200,99994,100,100130,100,99992,100,100164,100,99980,100,100167,100,99963,100,100184,100,99947,100
2019-06-28 09:41:10.000000000,100086,194,100044,194,100097,194,100020,194,100102,194,100014,194,100105,194,100010,194,100114,194,100005,194,100123,200,99994,100,100130,100,99992,100,100164,100,99980,100,100167,100,99963,100,100184,100,99947,100
2019-06-28 09:41:20.000000000,100086,334,100044,334,100097,334,100020,334,100102,100,100014,100,100105,100,100010,100,100114,100,100005,100,100123,200,99994,100,100130,100,99992,100,100164,100,99980,100,100167,100,99963,100,100184,100,99947,100
2019-06-28 09:41:29.163624818,100086,334,100044,334,100097,334,100020,334,100102,100,100014,100,100105,100,100010,100,100114,100,100005,100,100123,200,99994,100,100130,100,99992,100,100164,100,99980,100,100167,100,99963,100,100184,100,99947,100
2019-06-28 09:41:30.000000000,100086,334,100044,334,100097,334,100020,334,100102,100,100014,100,100105,100,100010,100,100114,100,100005,100,100123,200,99994,100,100130,100,99992,100,100164,100,99980,100,100167,100,99963,100,100184,100,99947,100
2019-06-28 09:41:40.000000000,100086,194,100044,194,100097,194,100020,194,100102,194,100014,194,100105,194,100010,194,100114,194,100005,194,100123,200,99994,100,100130,100,99992,100,100164,100,99980,100,100167,100,99963,100,100184,100,99947,100
2019-06-28 09:41:50.000000000,100086,259,100044,259,100097,255,100020,255,100102,255,100014,255,100105,100,100010,100,100114,100,100005,100,100123,200,99994,100,100130,100,99992,100,100164,100,99980,100,100167,100,99963,100,100184,100,99947,100
2019-06-28 09:41:54.657326452,100086,159,100044,259,100097,255,100020,255,100102,255,100014,255,100105,100,100010,100,100114,100,100005,100,100123,200,99994,100,100130,100,99992,100,100164,100,99980,100,100167,100,99963,100,100184,100,99947,100
2019-06-28 09:42:00.000000000,100097,217,100044,217,100102,217,100020,217,100105,217,100014,217,100114,217,100010,217,100123,200,100005,100,100130,100,99994,100,100164,100,99992,100,100167,100,99980,100,100184,100,99963,100,100244,100,99947,100
2019-06-28 09:42:10.000000000,100097,217,100044,217,100102,217,100020,217,100105,217,100014,217,100114,217,100010,217,100123,200,100005,100,100130,100,99994,100,100164,100,99992,100,100167,100,99980,100,100184,100,99963,100,100244,100,99947,100
2019-06-28 09:42:19.459032494,100097,117,100044,217,100102,217,100020,217,100105,217,100014,217,100114,217,100010,217,100123,200,100005,100,100130,100,99994,100,100164,100,99992,100,100167,100,99980,100,100184,100,99963,100,100244,100,99947,100
2019-06-28 09:42:20.000000000,100102,259,100044,259,100105,255,100020,255,100114,255,100014,255,100123,200,100010,100,100130,100,100005,100,100164,100,99994,100,100167,100,99992,100,100184,100,99980,100,100244,100,99963,100,100270,100,99947,100
2019-06-28 09:42:30.000000000,100102,569,100044,569,100105,100,100020,100,100114,100,100014,100,100123,200,100010,100,100130,100,100005,100,100164,100,99994,100,100167,100,99992,100,100184,100,99980,100,100244,100,99963,100,100270,100,99947,100
2019-06-28 09:42:31.088038260,100102,469,100044,569,100105,100,100020,100,100114,100,100014,100,100123,200,100010,100,100130,100,100005,100,100164,100,99994,100,100167,100,99992,100,100184,100,99980,100,100244,100,99963,100,100270,100,99947,100
2019-06-28 09:42:40.000000000,100105,217,100044,217,100114,217,100020,217,100123,317,100014,217,100130,217,100010,217,100164,100,100005,100,100167,100,99994,100,100184,100,99992,100,100244,100,99980,100,100270,100,99963,100,100309,100,99947,100
2019-06-28 09:42:50.000000000,100105,217,100044,217,100114,217,100020,217,100123,317,100014,217,100130,217,100010,217,100164,100,100005,100,100167,100,99994,100,100184,100,99992,100,100244,100,99980,100,100270,100,99963,100,100309,100,99947,100
2019-06-28 09:42:58.532508009,100105,217,100097,100,100114,217,100044,217,100123,317,100020,217,100130,217,100014,217,100164,100,100010,217,100167,100,100005,100,100184,100,99994,100,100244,100,99992,100,100270,100,99980,100,100309,100,99963,100
2019-06-28 09:43:00.000000000,100105,194,100097,194,100114,194,100044,194,100123,294,100020,194,100130,194,100014,194,100164,194,100010,194,100167,100,100005,100,100184,100,99994,100,100244,100,99992,100,100270,100,99980,100,100309,100,99963,100
2019-06-28 09:43:09.289290874,100105,194,100097,194,100114,194,100044,194,100123,294,100020,194,100130,194,100014,194,100164,194,100010,194,100167,100,100005,100,100184,100,99994,100,100244,100,99992,100,100270,100,99980,100,100309,100,99963,100
2019-06-28 09:43:10.000000000,100105,194,100097,194,100114,194,100044,194,100123,294,100020,194,100130,194,100014,194,100164,194,100010,194,100167,100,100005,100,100184,100,99994,100,100244,100,99992,100,100270,100,99980,100,100309,100,99963,100
2019-06-28 09:43:20.000000000,100105,259,100097,259,100114,255,100044,255,100123,355,100020,255,100130,100,100014,100,100164,100,100010,100,100167,100,100005,100,100184,100,99994,100,100244,100,99992,100,100270,100,99980,100,100309,100,99963,100
2019-06-28 09:43:26.618340673,100105,259,100097,259,100114,255,100044,255,100123,355,100020,255,100130,100,100014,100,100158,100,100010,100,100164,100,100005,100,100167,100,99994,100,100184,100,99992,100,100244,100,99980,100,100270,100,99963,100
2019-06-28 09:43:30.000000000,100105,194,100097,194,100114,194,100044,194,100123,294,100020,194,100130,194,100014,194,100158,194,100010,194,100164,100,100005,100,100167,100,99994,100,100184,100,99992,100,100244,100,99980,100,100270,100,99963,100
2019-06-28 09:43:37.945560310,100099,100,100097,194,100105,194,100044,194,100114,194,100020,194,100123,294,100014,194,100130,194,100010,194,100158,194,100005,100,100164,100,99994,100,100167,100,99992,100,100184,100,99980,100,100244,100,99963,100
2019-06-28 09:43:39.503578336,100099,100,100097,194,100105,194,100044,194,100114,194,100020,194,100123,294,100014,194,100130,194,100010,194,100158,194,100005,100,100164,100,99994,100,100167,100,99992,100,100184,100,99980,100,100210,100,99963,100
2019-06-28 09:43:40.000000000,100099,217,100097,217,100105,217,100044,217,100114,217,100020,217,100123,317,100014,217,100130,100,100010,100,100158,100,100005,100,100164,100,99994,100,100167,100,99992,100,100184,100,99980,100,100210,100,99963,100
2019-06-28 09:43:50.000000000,100099,217,100097,217,100105,217,100044,217,100114,217,100020,217,100123,317,100014,217,100130,100,100010,100,100158,100,100005,100,100164,100,99994,100,100167,100,99992,100,100184,100,99980,100,100210,100,99963,100
2019-06-28 09:43:51.926263536,100099,117,100097,217,100105,217,100044,217,100114,217,100020,217,100123,317,100014,217,100130,100,100010,100,100158,100,100005,100,100164,100,99994,100,100167,100,99992,100,100184,100,99980,100,100210,100,99963,100
2019-06-28 09:43:55.410471861,100099,17,100097,217,100105,217,100044,217,100114,217,100020,217,100123,317,100014,217,100130,100,100010,100,100158,100,100005,100,100164,100,99994,100,100167,100,99992,100,100184,100,99980,100,100244,100,99963,100
2019-06-28 09:44:00.000000000,100105,217,100097,217,100114,217,100044,217,100123,317,100020,217,100130,217,100014,217,100158,100,100010,100,100164,100,100005,100,100167,100,99994,100,100184,100,99992,100,100244,100,99980,100,100270,100,99963,100
2019-06-28 09:44:10.000000000,100105,194,100097,194,100114,194,100044,194,100123,294,100020,194,100130,194,100014,194,100158,194,100010,194,100164,100,100005,100,100167,100,99994,100,100184,100,99992,100,100244,100,99980,100,100270,100,99963,100
2019-06-28 09:44:20.000000000,100105,259,100097,259,100114,255,100044,255,100123,355,100020,255,100130,100,100014,100,100158,100,100010,100,100164,100,100005,100,100167,100,99994,100,100184,100,99992,100,100244,100,99980,100,100270,100,99963,100
2019-06-28 09:44:30.000000000,100105,569,100097,569,100114,100,100044,100,100123,200,100020,100,100130,100,100014,100,100158,100,100010,100,100164,100,100005,100,100167,100,99994,100,100184,100,99992,100,100244,100,99980,100,100270,100,99963,100
2019-06-28 09:44:34.173707955,100105,569,100097,569,100114,100,100044,100,100123,200,100020,100,100130,100,100014,100,100158,100,100010,100,100164,100,100005,100,100167,100,99994,100,100184,100,99992,100,100244,100,99980,100,100270,100,99963,100
2019-06-28 09:44:40.000000000,100105,259,100097,259,100114,255,100044,255,100123,355,100020,255,100130,100,100014,100,100158,100,100010,100,100164,100,100005,100,100167,100,99994,100,100184,100,99992,100,100244,100,99980,100,100270,100,99963,100
2019-06-28 09:44:50.000000000,100105,194,100097,194,100114,194,100044,194,100123,294,100020,194,100130,194,100014,194,100158,194,100010,194,100164,100,100005,100,100167,100,99994,100,100184,100,99992,100,100244,100,99980,100,100270,100,99963,100
2019-06-28 09:45:00.000000000,100105,194,100097,194,100114,194,100044,194,100123,294,100020,194,100130,194,100014,194,100158,194,100010,194,100164,100,100005,100,100167,100,99994,100,100184,100,99992,100,100244,100,99980,100,100270,100,99963,100
2019-06-28 09:45:00.730289474,100105,194,100099,100,100114,194,100097,194,100123,294,100044,194,100130,194,100020,194,100158,194,100014,194,100164,100,100010,194,100167,100,100005,100,100184,100,99994,100,100244,100,99992,100,100270,100,99980,100
2019-06-28 09:45:10.000000000,100105,194,100099,194,100114,194,100097,194,100123,294,100044,194,100130,194,100020,194,100158,194,100014,194,100164,100,100010,100,100167,100,100005,100,100184,100,99994,100,100244,100,99992,100,100270,100,99980,100
2019-06-28 09:45:20.000000000,100105,569,100099,569,100114,100,100097,100,100123,200,100044,100,100130,100,100020,100,100158,100,100014,100,100164,100,100010,100,100167,100,100005,100,100184,100,99994,100,100244,100,99992,100,100270,100,99980,100
2019-06-28 09:45:20.247289572,100105,469,100099,569,100114,100,100097,100,100123,200,100044,100,100130,100,100020,100,100158,100,100014,100,100164,100,100010,100,100167,100,100005,100,100184,100,99994,100,100244,100,99992,100,100270,100,99980,100
2019-06-28 09:45:30.000000000,100114,194,100099,194,100123,294,100097,194,100130,194,100044,194,100158,194,100020,194,100164,194,100014,194,100167,100,100010,100,100184,100,100005,100,100244,100,99994,100,100270,100,99992,100,100309,100,99980,100
2019-06-28 09:45:35.993408099,100114,94,100099,194,100123,294,100097,194,100130,194,100044,194,100158,194,100020,194,100164,194,100014,194,100167,100,100010,100,100184,100,100005,100,100244,100,99994,100,100270,100,99992,100,100309,100,99980,100
2019-06-28 09:45:37.976001058,100114,94,100099,194,100123,294,100097,194,100130,194,100044,194,100158,194,100020,194,100164,194,100014,194,100167,100,100010,100,100184,100,100005,100,100244,100,99994,100,100270,100,99992,100,100309,100,99980,100
2019-06-28 09:45:40.000000000,100123,359,100099,259,100130,255,100097,255,100158,255,100044,255,100164,100,100020,100,100167,100,100014,100,100184,100,100010,100,100244,100,100005,100,100270,100,99994,100,100309,100,99992,100,100476,100,99980,100
2019-06-28 09:45:48.227597486,100123,259,100099,259,100130,255,100097,255,100158,255,100044,255,100164,100,100020,100,100167,100,100014,100,100184,100,100010,100,100244,100,100005,100,100270,100,99994,100,100309,100,99992,100,100476,100,99980,100
2019-06-28 09:45:50.000000000,100123,217,100099,217,100130,217,100097,217,100158,217,100044,217,100164,217,100020,217,100167,100,100014,100,100184,100,100010,100,100244,100,100005,100,100270,100,99994,100,100309,100,99992,100,100476,100,99980,100
2019-06-28 09:46:00.000000000,100123,217,100099,217,100130,217,100097,217,100158,217,100044,217,100164,217,100020,217,100167,100,100014,100,100184,100,100010,100,100244,100,100005,100,100270,100,99994,100,100309,100,99992,100,100476,100,99980,100
2019-06-28 09:46:10.000000000,100123,334,100099,334,100130,334,100097,334,100158,100,100044,100,100164,100,100020,100,100167,100,100014,100,100184,100,100010,100,100244,100,100005,100,100270,100,99994,100,100309,100,99992,100,100476,100,99980,100
2019-06-28 09:46:20.000000000,100123,569,100099,569,100130,100,100097,100,100158,100,100044,100,100164,100,100020,100,100167,100,100014,100,100184,100,100010,100,100244,100,100005,100,100270,100,99994,100,100309,100,99992,100,100476,100,99980,100
2019-06-28 09:46:27.667346896,100123,569,100099,569,100130,100,100097,100,100158,100,100044,100,100164,100,100020,100,100167,100,100014,100,100184,100,100010,100,100244,100,100005,100,100270,100,99994,100,100309,100,99992,100,100476,100,99980,100
2019-06-28 09:46:30.000000000,100123,259,100099,259,100130,255,100097,255,100158,255,100044,255,100164,100,100020,100,100167,100,100014,100,100184,100,100010,100,100244,100,100005,100,100270,100,99994,100,100309,100,99992,100,100476,100,99980,100
2019-06-28 09:46:31.950219200,100123,259,100099,259,100130,255,100097,255,100158,255,100044,255,100164,100,100020,100,100167,100,100014,100,100184,100,100010,100,100244,100,100005,100,100270,100,99994,100,100309,100,99992,100,100476,100,99980,100
2019-06-28 09:46:38.077552337,100123,259,100099,259,100130,255,100097,255,100158,255,100044,255,100164,100,100020,100,100167,100,100014,100,100184,100,100010,100,100244,100,100005,100,100270,100,99994,100,100309,100,99992,100,100476,100,99980,100
2019-06-28 09:46:40.000000000,100123,259,100099,259,100130,255,100097,255,100158,255,100044,255,100164,100,100020,100,100167,100,100014,100,100184,100,100010,100,100244,100,100005,100,100270,100,99994,100,100309,100,99992,100,100476,100,99980,100
2019-06-28 09:46:50.000000000,100123,259,100099,259,100130,255,100097,255,100158,255,100044,255,100164,100,100020,100,100167,100,100014,100,100184,100,100010,100,100244,100,100005,100,100270,100,99994,100,100309,100,99992,100,100476,100,99980,100
2019-06-28 09:46:57.112043017,100123,159,100099,259,100130,255,100097,255,100158,255,100044,255,100164,100,100020,100,100167,100,100014,100,100184,100,100010,100,100244,100,100005,100,100270,100,99994,100,100309,100,99992,100,100476,100,99980,100
2019-06-28 09:47:00.000000000,100130,194,100099,194,100158,194,100097,194,100164,194,100044,194,100167,194,100020,194,100184,194,100014,194,100244,100,100010,100,100270,100,100005,100,100309,100,99994,100,100476,100,99992,100,100557,100,99980,100
2019-06-28 09:47:10.000000000,100130,334,100099,334,100158,334,100097,334,100164,100,100044,100,100167,100,100020,100,100184,100,100014,100,100244,100,100010,100,100270,100,100005,100,100309,100,99994,100,100476,100,99992,100,100557,100,99980,100
2019-06-28 09:47:20.000000000,100130,259,100099,259,100158,255,100097,255,100164,255,100044,255,100167,100,100020,100,100184,100,100014,100,100244,100,100010,100,100270,100,100005,100,100309,100,99994,100,100476,100,99992,100,100557,100,99980,100
2019-06-28 09:47:28.385609449,100130,259,100123,100,100158,255,100099,259,100164,255,100097,255,100167,100,100044,255,100184,100,100020,100,100244,100,100014,100,100270,100,100010,100,100309,100,100005,100,100476,100,99994,100,100557,100,99992,100
2019-06-28 09:47:30.000000000,100130,217,100123,217,100158,217,100099,217,100164,217,100097,217,100167,217,100044,217,100184,100,100020,100,100244,100,100014,100,100270,100,100010,100,100309,100,100005,100,100476,100,99994,100,100557,100,99992,100
2019-06-28 09:47:35.940772670,100130,217,100123,217,100158,217,100099,217,100164,217,100097,217,100167,217,100044,217,100184,100,100020,100,100244,100,100014,100,100270,100,100010,100,100309,100,100005,100,100347,100,99994,100,100476,100,99992,100
2019-06-28 09:47:40.000000000,100130,217,100123,217,100158,217,100099,217,100164,217,100097,217,100167,217,100044,217,100184,100,100020,100,100244,100,100014,100,100270,100,100010,100,100309,100,100005,100,100347,100,99994,100,100476,100,99992,100
2019-06-28 09:47:50.000000000,100130,194,100123,194,100158,194,100099,194,100164,194,100097,194,100167,194,100044,194,100184,194,100020,194,100244,100,100014,100,100270,100,100010,100,100309,100,100005,100,100347,100,99994,100,100476,100,99992,100
2019-06-28 09:47:50.089179708,100130,194,100123,294,100158,194,100099,194,100164,194,100097,194,100167,194,100044,194,100184,194,100020,194,100244,100,100014,100,100270,100,100010,100,100309,100,100005,100,100347,100,99994,100,100476,100,99992,100
2019-06-28 09:48:00.000000000,100130,334,100123,434,100158,334,100099,334,100164,100,100097,100,100167,100,100044,100,100184,100,100020,100,100244,100,100014,100,100270,100,100010,100,100309,100,100005,100,100347,100,99994,100,100476,100,99992,100
2019-06-28 09:48:04.661164285,100130,234,100123,434,100158,334,100099,334,100164,100,100097,100,100167,100,100044,100,100184,100,100020,100,100244,100,100014,100,100270,100,100010,100,100309,100,100005,100,100347,100,99994,100,100476,100,99992,100
2019-06-28 09:48:10.000000000,100158,259,100123,359,100164,255,100099,255,100167,255,100097,255,100184,100,100044,100,100244,100,100020,100,100270,100,100014,100,100309,100,100010,100,100347,100,100005,100,100476,100,99994,100,100557,100,99992,100
2019-06-28 09:48:20.000000000,100158,259,100123,359,100164,255,100099,255,100167,255,100097,255,100184,100,100044,100,100244,100,100020,100,100270,100,100014,100,100309,100,100010,100,100347,100,100005,100,100476,100,99994,100,100557,100,99992,100
2019-06-28 09:48:24.996930186,100158,159,100123,359,100164,255,100099,255,100167,255,100097,255,100184,100,100044,100,100244,100,100020,100,100270,100,100014,100,100309,100,100010,100,100347,100,100005,100,100476,100,99994,100,100557,100,99992,100
2019-06-28 09:48:30.000000000,100164,259,100123,359,100167,255,100099,255,100184,255,100097,255,100244,100,100044,100,100270,100,100020,100,100309,100,100014,100,100347,100,100010,100,100476,100,100005,100,100557,100,99994,100,100597,100,99992,100
2019-06-28 09:48:33.845982609,100164,259,100123,359,100167,255,100099,255,100184,255,100097,255,100244,100,100044,100,100270,100,100020,100,100309,100,100014,100,100347,100,100010,100,100476,100,100005,100,100557,100,99994,100,100597,100,99992,100
2019-06-28 09:48:40.000000000,100164,217,100123,317,100167,217,100099,217,100184,217,100097,217,100244,217,100044,217,100270,100,100020,100,100309,100,100014,100,100347,100,100010,100,100476,100,100005,100,100557,100,99994,100,100597,100,99992,100
2019-06-28 09:48:40.411143097,100164,117,100123,317,100167,217,100099,217,100184,217,100097,217,100244,217,100044,217,100270,100,100020,100,100309,100,100014,100,100347,100,100010,100,100476,100,100005,100,100557,100,99994,100,100597,100,99980,100
2019-06-28 09:48:50.000000000,100167,194,100123,294,100184,194,100099,194,100244,194,100097,194,100270,194,100044,194,100309,194,100020,194,100347,100,100014,100,100476,100,100010,100,100557,100,100005,100,100597,100,99994,100,100601,100,99980,100
2019-06-28 09:49:00.000000000,100167,259,100123,359,100184,255,100099,255,100244,255,100097,255,100270,100,100044,100,100309,100,100020,100,100347,100,100014,100,100476,100,100010,100,100557,100,100005,100,100597,100,99994,100,100601,100,99980,100
2019-06-28 09:49:02.142888365,100167,259,100158,100,100184,255,100123,359,100244,255,100099,255,100270,100,100097,255,100309,100,100044,100,100347,100,100020,100,100476,100,100014,100,100557,100,100010,100,100597,100,99994,100,100601,100,99980,100
2019-06-28 09:49:05.447578855,100167,159,100158,100,100184,255,100123,359,100244,255,100099,255,100270,100,100097,255,100309,100,100044,100,100347,100,100020,100,100557,100,100014,100,100597,100,100010,100,100601,100,99994,100,100617,100,99980,100
2019-06-28 09:49:10.000000000,100184,194,100158,194,100244,194,100123,294,100270,194,100099,194,100309,194,100097,194,100347,194,100044,194,100557,100,100020,100,100597,100,100014,100,100601,100,100010,100,100617,100,99994,100,100632,100,99980,100
2019-06-28 09:49:20.000000000,100184,217,100158,217,100244,217,100123,317,100270,217,100099,217,100309,217,100097,217,100347,100,100044,100,100557,100,100020,100,100597,100,100014,100,100601,100,100010,100,100617,100,99994,100,100632,100,99980,100
2019-06-28 09:49:21.728260060,100184,217,100164,100,100244,217,100158,217,100270,217,100123,317,100309,217,100099,217,100347,100,100097,217,100557,100,100044,100,100597,100,100020,100,100601,100,100014,100,100617,100,100010,100,100632,100,99994,100
2019-06-28 09:49:30.000000000,100184,194,100164,194,100244,194,100158,194,100270,194,100123,294,100309,194,100099,194,100347,194,100097,194,100557,100,100044,100,100597,100,100020,100,100601,100,100014,100,100617,100,100010,100,100632,100,99994,100
2019-06-28 09:49:40.000000000,100184,217,100164,217,100244,217,100158,217,100270,217,100123,317,100309,217,100099,217,100347,100,100097,100,100557,100,100044,100,100597,100,100020,100,100601,100,100014,100,100617,100,100010,100,100632,100,99994,100
2019-06-28 09:49:50.000000000,100184,217,100164,217,100244,217,100158,217,100270,217,100123,317,100309,217,100099,217,100347,100,100097,100,100557,100,100044,100,100597,100,100020,100,100601,100,100014,100,100617,100,100010,100,100632,100,99994,100
2019-06-28 09:50:00.000000000,100184,217,100164,217,100244,217,100158,217,100270,217,100123,317,100309,217,100099,217,100347,100,100097,100,100557,100,100044,100,100597,100,100020,100,100601,100,100014,100,100617,100,100010,100,100632,100,99994,100
2019-06-28 09:50:06.865033948,100184,217,100164,317,100244,217,100158,217,100270,217,100123,317,100309,217,100099,217,100347,100,100097,100,100557,100,100044,100,100597,100,100020,100,100601,100,100014,100,100617,100,100010,100,100632,100,99994,100
2019-06-28 09:50:09.796824252,100184,117,100164,317,100244,217,100158,217,100270,217,100123,317,100309,217,100099,217,100347,100,100097,100,100557,100,100044,100,100597,100,100020,100,100601,100,100014,100,100617,100,100010,100,100632,100,99994,100
2019-06-28 09:50:10.000000000,100244,259,100164,359,100270,255,100158,255,100309,255,100123,355,100347,100,100099,100,100557,100,100097,100,100597,100,100044,100,100601,100,100020,100,100617,100,100014,100,100632,100,100010,100,100656,100,99994,100
2019-06-28 09:50:13.917490611,100244,259,100164,359,100270,255,100158,255,100309,255,100123,355,100347,100,100099,100,100397,100,100097,100,100557,100,100044,100,100597,100,100020,100,100601,100,100014,100,100617,100,100010,100,100656,100,99994,100
2019-06-28 09:50:20.000000000,100244,217,100164,317,100270,217,100158,217,100309,217,100123,317,100347,217,100099,217,100397,100,100097,100,100557,100,100044,100,100597,100,100020,100,100601,100,100014,100,100617,100,100010,100,100656,100,99994,100
2019-06-28 09:50:23.245202628,100244,117,100164,317,100270,217,100158,217,100309,217,100123,317,100347,217,100099,217,100397,100,100097,100,100557,100,100044,100,100597,100,100020,100,100601,100,100014,100,100617,100,100010,100,100656,100,99994,100
2019-06-28 09:50:26.833509949,100244,117,100184,100,100270,217,100164,317,100309,217,100158,217,100347,217,100123,317,100397,100,100099,217,100557,100,100097,100,100597,100,100044,100,100601,100,100020,100,100617,100,100014,100,100656,100,100010,100
2019-06-28 09:50:30.000000000,100270,259,100184,259,100309,255,100164,355,100347,255,100158,255,100397,100,100123,200,100557,100,100099,100,100597,100,100097,100,100601,100,100044,100,100617,100,100020,100,100656,100,100014,100,100714,100,100010,100
2019-06-28 09:50:40.000000000,100270,194,100184,194,100309,194,100164,294,100347,194,100158,194,100397,194,100123,294,100557,194,100099,194,100597,100,100097,100,100601,100,100044,100,100617,100,100020,100,100656,100,100014,100,100714,100,100010,100
2019-06-28 09:50:50.000000000,100270,259,100184,259,100309,255,100164,355,100347,255,100158,255,100397,100,100123,200,100557,100,100099,100,100597,100,100097,100,100601,100,100044,100,100617,100,100020,100,100656,100,100014,100,100714,100,100010,100
2019-06-28 09:51:00.000000000,100270,569,100184,569,100309,100,100164,200,100347,100,100158,100,100397,100,100123,200,100557,100,100099,100,100597,100,100097,100,100601,100,100044,100,100617,100,100020,100,100656,100,100014,100,100714,100,100010,100
2019-06-28 09:51:10.000000000,100270,259,100184,259,100309,255,100164,355,100347,255,100158,255,100397,100,100123,200,100557,100,100099,100,100597,100,100097,100,100601,100,100044,100,100617,100,100020,100,100656,100,100014,100,100714,100,100010,100
2019-06-28 09:51:20.000000000,100270,334,100184,334,100309,334,100164,434,100347,100,100158,100,100397,100,100123,200,100557,100,100099,100,100597,100,100097,100,100601,100,100044,100,100617,100,100020,100,100656,100,100014,100,100714,100,100010,100
2019-06-28 09:51:24.204214331,100270,334,100184,334,100309,334,100164,434,100347,100,100158,100,100397,100,100123,200,100557,100,100099,100,100597,100,100097,100,100601,100,100044,100,100617,100,100020,100,100656,100,100014,100,100714,100,100010,100
2019-06-28 09:51:30.000000000,100270,334,100184,334,100309,334,100164,434,100347,100,100158,100,100397,100,100123,200,100557,100,100099,100,100597,100,100097,100,100601,100,100044,100,100617,100,100020,100,100656,100,100014,100,100714,100,100010,100
2019-06-28 09:51:35.250677248,100270,134,100184,334,100309,334,100164,434,100347,100,100158,100,100397,100,100123,200,100557,100,100099,100,100597,100,100097,100,100601,100,100044,100,100617,100,100020,100,100656,100,100014,100,100714,100,100010,100
2019-06-28 09:51:40.000000000,100309,194,100184,194,100347,194,100164,294,100397,194,100158,194,100557,194,100123,294,100597,194,100099,194,100601,100,100097,100,100617,100,100044,100,100656,100,100020,100,100714,100,100014,100,100720,100,100010,100
2019-06-28 09:51:50.000000000,100309,334,100184,334,100347,334,100164,434,100397,100,100158,100,100557,100,100123,200,100597,100,100099,100,100601,100,100097,100,100617,100,100044,100,100656,100,100020,100,100714,100,100014,100,100720,100,100010,100
2019-06-28 09:52:00.000000000,100309,194,100184,194,100347,194,100164,294,100397,194,100158,194,100557,194,100123,294,100597,194,100099,194,100601,100,100097,100,100617,100,100044,100,100656,100,100020,100,100714,100,100014,100,100720,100,100010,100
2019-06-28 09:52:07.633945815,100309,94,100184,194,100347,194,100164,294,100397,194,100158,194,100557,194,100123,294,100597,194,100099,194,100601,100,100097,100,100617,100,100044,100,100656,100,100020,100,100714,100,100014,100,100720,100,100010,100
2019-06-28 09:52:10.000000000,100347,334,100184,334,100397,334,100164,434,100557,100,100158,100,100597,100,100123,200,100601,100,100099,100,100617,100,100097,100,100656,100,100044,100,100714,100,100020,100,100720,100,100014,100,100880,100,100010,100
2019-06-28 09:52:13.188017285,100347,334,100184,334,100397,334,100164,434,100557,100,100158,100,100597,100,100123,100,100601,100,100099,100,100617,100,100097,100,100656,100,100044,100,100714,100,100020,100,100720,100,100014,100,100880,100,100010,100
2019-06-28 09:52:18.325121124,100347,334,100184,334,100397,334,100164,434,100557,100,100158,100,100597,100,100123,100,100601,100,100099,100,100617,100,100097,100,100656,100,100044,100,100714,100,100020,100,100880,100,100014,100,100979,100,100010,100
2019-06-28 09:52:20.000000000,100347,217,100184,217,100397,217,100164,317,100557,217,100158,217,100597,217,100123,217,100601,100,100099,100,100617,100,100097,100,100656,100,100044,100,100714,100,100020,100,100880,100,100014,100,100979,100,100010,100
2019-06-28 09:52:30.000000000,100347,569,100184,569,100397,100,100164,200,100557,100,100158,100,100597,100,100123,100,100601,100,100099,100,100617,100,100097,100,100656,100,100044,100,100714,100,100020,100,100880,100,100014,100,100979,100,100010,100
2019-06-28 09:52:40.000000000,100347,569,100184,569,100397,100,100164,200,100557,100,100158,100,100597,100,100123,100,100601,100,100099,100,100617,100,100097,100,100656,100,100044,100,100714,100,100020,100,100880,100,100014,100,100979,100,100010,100
2019-06-28 09:52:50.000000000,100347,334,100184,334,100397,334,100164,434,100557,100,100158,100,100597,100,100123,100,100601,100,100099,100,100617,100,100097,100,100656,100,100044,100,100714,100,100020,100,100880,100,100014,100,100979,100,100010,100
2019-06-28 09:52:56.871751212,100347,334,100184,334,100397,334,100164,434,100557,100,100158,100,100597,100,100123,100,100601,100,100099,100,100617,100,100097,100,100656,100,100044,100,100714,100,100020,100,100880,100,100014,100,100942,100,100010,100
2019-06-28 09:53:00.000000000,100347,259,100184,259,100397,255,100164,355,100557,255,100158,255,100597,100,100123,100,100601,100,100099,100,100617,100,100097,100,100656,100,100044,100,100714,100,100020,100,100880,100,100014,100,100942,100,100010,100
2019-06-28 09:53:10.000000000,100347,217,100184,217,100397,217,100164,317,100557,217,100158,217,100597,217,100123,217,100601,100,100099,100,100617,100,100097,100,100656,100,100044,100,100714,100,100020,100,100880,100,100014,100,100942,100,100010,100
2019-06-28 09:53:12.066097529,100347,217,100184,217,100397,217,100164,317,100557,217,100158,217,100597,217,100123,217,100617,100,100099,100,100656,100,100097,100,100714,100,100044,100,100834,100,100020,100,100880,100,100014,100,100942,100,100010,100
2019-06-28 09:53:18.775268823,100347,217,100270,100,100397,217,100184,217,100557,217,100164,317,100597,217,100158,217,100617,100,100123,217,100656,100,100099,100,100714,100,100097,100,100834,100,100044,100,100880,100,100020,100,100942,100,100014,100
2019-06-28 09:53:20.000000000,100347,194,100270,194,100397,194,100184,194,100557,194,100164,294,100597,194,100158,194,100617,194,100123,194,100656,100,100099,100,100714,100,100097,100,100834,100,100044,100,100880,100,100020,100,100942,100,100014,100
2019-06-28 09:53:22.949629061,100347,194,100270,294,100397,194,100184,194,100557,194,100164,294,100597,194,100158,194,100617,194,100123,194,100656,100,100099,100,100714,100,100097,100,100834,100,100044,100,100880,100,100020,100,100942,100,100014,100
2019-06-28 09:53:26.449822282,100347,194,100270,294,100397,194,100184,194,100557,194,100164,294,100597,194,100158,194,100617,194,100123,194,100656,100,100099,100,100714,100,100097,100,100834,100,100044,100,100880,100,100020,100,100902,100,100014,100
2019-06-28 09:53:30.000000000,100347,194,100270,294,100397,194,100184,194,100557,194,100164,294,100597,194,100158,194,100617,194,100123,194,100656,100,100099,100,100714,100,100097,100,100834,100,100044,100,100880,100,100020,100,100902,100,100014,100
2019-06-28 09:53:31.671177290,100347,94,100270,294,100397,194,100184,194,100557,194,100164,294,100597,194,100158,194,100617,194,100123,194,100656,100,100099,100,100714,100,100097,100,100834,100,100044,100,100880,100,100020,100,100902,100,100014,100
2019-06-28 09:53:40.000000000,100397,217,100270,317,100557,217,100184,217,100597,217,100164,317,100617,217,100158,217,100656,100,100123,100,100714,100,100099,100,100834,100,100097,100,100880,100,100044,100,100902,100,100020,100,100942,100,100014,100
2019-06-28 09:53:45.040261893,100397,117,100270,317,100557,217,100184,217,100597,217,100164,317,100617,217,100158,217,100656,100,100123,100,100714,100,100099,100,100834,100,100097,100,100880,100,100044,100,100902,100,100020,100,100942,100,100014,100
2019-06-28 09:53:50.000000000,100557,217,100270,317,100597,217,100184,217,100617,217,100164,317,100656,217,100158,217,100714,100,100123,100,100834,100,100099,100,100880,100,100097,100,100902,100,100044,100,100942,100,100020,100,100979,100,100014,100
2019-06-28 09:53:51.092501907,100557,217,100347,100,100597,217,100270,317,100617,217,100184,217,100656,217,100164,317,100714,100,100158,217,100834,100,100123,100,100880,100,100099,100,100902,100,100097,100,100942,100,100044,100,100979,100,100014,100
2019-06-28 09:53:57.070540553,100557,217,100347,100,100597,217,100270,317,100617,217,100184,217,100656,217,100164,317,100714,100,100158,217,100769,100,100123,100,100834,100,100099,100,100880,100,100097,100,100902,100,100044,100,100942,100,100014,100
2019-06-28 09:54:00.000000000,100557,334,100347,334,100597,334,100270,434,100617,100,100184,100,100656,100,100164,200,100714,100,100158,100,100769,100,100123,100,100834,100,100099,100,100880,100,100097,100,100902,100,100044,100,100942,100,100014,100
2019-06-28 09:54:10.000000000,100557,569,100347,569,100597,100,100270,200,100617,100,100184,100,100656,100,100164,200,100714,100,100158,100,100769,100,100123,100,100834,100,100099,100,100880,100,100097,100,100902,100,100044,100,100942,100,100014,100
2019-06-28 09:54:20.000000000,100557,334,100347,334,100597,334,100270,434,100617,100,100184,100,100656,100,100164,200,100714,100,100158,100,100769,100,100123,100,100834,100,100099,100,100880,100,100097,100,100902,100,100044,100,100942,100,100014,100
2019-06-28 09:54:30.000000000,100557,194,100347,194,100597,194,100270,294,100617,194,100184,194,100656,194,100164,294,100714,194,100158,194,100769,100,100123,100,100834,100,100099,100,100880,100,100097,100,100902,100,100044,100,100942,100,100014,100
2019-06-28 09:54:40.000000000,100557,217,100347,217,100597,217,100270,317,100617,217,100184,217,100656,217,100164,317,100714,100,100158,100,100769,100,100123,100,100834,100,100099,100,100880,100,100097,100,100902,100,100044,100,100942,100,100014,100
2019-06-28 09:54:45.235213882,100557,217,100347,217,100597,217,100331,100,100617,217,100270,317,100656,217,100184,217,100714,100,100164,317,100769,100,100158,100,100834,100,100123,100,100880,100,100099,100,100902,100,100097,100,100942,100,100044,100
2019-06-28 09:54:50.000000000,100557,194,100347,194,100597,194,100331,194,100617,194,100270,294,100656,194,100184,194,100714,194,100164,294,100769,100,100158,100,100834,100,100123,100,100880,100,100099,100,100902,100,100097,100,100942,100,100044,100
2019-06-28 09:55:00.000000000,100557,194,100347,194,100597,194,100331,194,100617,194,100270,294,100656,194,100184,194,100714,194,100164,294,100769,100,100158,100,100834,100,100123,100,100880,100,100099,100,100902,100,100097,100,100942,100,100044,100
2019-06-28 09:55:10.000000000,100557,259,100347,259,100597,255,100331,255,100617,255,100270,355,100656,100,100184,100,100714,100,100164,200,100769,100,100158,100,100834,100,100123,100,100880,100,100099,100,100902,100,100097,100,100942,100,100044,100
2019-06-28 09:55:14.910997788,100557,259,100347,259,100597,255,100331,255,100617,255,100270,355,100656,100,100184,100,100714,100,100164,200,100769,100,100158,100,100834,100,100123,100,100880,100,100099,100,100902,100,100097,100,100942,100,100044,100
2019-06-28 09:55:20.000000000,100557,259,100347,259,100597,255,100331,255,100617,255,100270,355,100656,100,100184,100,100714,100,100164,200,100769,100,100158,100,100834,100,100123,100,100880,100,100099,100,100902,100,100097,100,100942,100,100044,100
2019-06-28 09:55:20.931203492,100557,259,100347,259,100597,255,100331,255,100617,255,100270,355,100656,100,100184,100,100714,100,100164,200,100769,100,100158,100,100834,100,100123,100,100880,100,100099,100,100902,100,100097,100,100942,100,100044,100
2019-06-28 09:55:22.194472786,100557,259,100347,359,100597,255,100331,255,100617,255,100270,355,100656,100,100184,100,100714,100,100164,200,100769,100,100158,100,100834,100,100123,100,100880,100,100099,100,100902,100,100097,100,100942,100,100044,100
2019-06-28 09:55:23.379471511,100545,100,100347,359,100557,259,100331,255,100597,255,100270,355,100617,255,100184,100,100656,100,100164,200,100714,100,100158,100,100769,100,100123,100,100834,100,100099,100,100880,100,100097,100,100902,100,100044,100
2019-06-28 09:55:26.353962260,100545,100,100432,100,100557,259,100347,359,100597,255,100331,255,100617,255,100270,355,100656,100,100184,100,100714,100,100164,200,100769,100,100158,100,100834,100,100123,100,100880,100,100099,100,100902,100,100097,100
2019-06-28 09:55:30.000000000,100545,259,100432,259,100557,255,100347,355,100597,255,100331,255,100617,100,100270,200,100656,100,100184,100,100714,100,100164,200,100769,100,100158,100,100834,100,100123,100,100880,100,100099,100,100902,100,100097,100
2019-06-28 09:55:39.882255750,100545,259,100432,259,100557,255,100347,355,100597,255,100331,255,100617,100,100270,200,100656,100,100184,100,100714,100,100164,200,100769,100,100158,100,100834,100,100142,100,100880,100,100123,100,100902,100,100099,100
2019-06-28 09:55:40.000000000,100545,194,100432,194,100557,194,100347,294,100597,194,100331,194,100617,194,100270,294,100656,194,100184,194,100714,100,100164,200,100769,100,100158,100,100834,100,100142,100,100880,100,100123,100,100902,100,100099,100
2019-06-28 09:55:50.000000000,100545,217,100432,217,100557,217,100347,317,100597,217,100331,217,100617,217,100270,317,100656,100,100184,100,100714,100,100164,200,100769,100,100158,100,100834,100,100142,100,100880,100,100123,100,100902,100,100099,100
2019-06-28 09:56:00.000000000,100545,259,100432,259,100557,255,100347,355,100597,255,100331,255,100617,100,100270,200,100656,100,100184,100,100714,100,100164,200,100769,100,100158,100,100834,100,100142,100,100880,100,100123,100,100902,100,100099,100
2019-06-28 09:56:03.474927318,100545,259,100518,100,100557,255,100432,259,100597,255,100347,355,100617,100,100331,255,100656,100,100270,200,100714,100,100184,100,100769,100,100164,200,100834,100,100158,100,100880,100,100142,100,100902,100,100123,100
2019-06-28 09:56:10.000000000,100545,569,100518,569,100557,100,100432,100,100597,100,100347,200,100617,100,100331,100,100656,100,100270,200,100714,100,100184,100,100769,100,100164,200,100834,100,100158,100,100880,100,100142,100,100902,100,100123,100
2019-06-28 09:56:16.473561780,100545,569,100518,569,100557,100,100432,100,100597,100,100347,200,100617,100,100331,100,100656,100,100270,100,100714,100,100184,100,100769,100,100164,200,100834,100,100158,100,100880,100,100142,100,100902,100,100123,100
2019-06-28 09:56:19.708552066,100545,569,100518,469,100557,100,100432,100,100597,100,100347,200,100656,100,100331,100,100714,100,100270,100,100769,100,100184,100,100834,100,100164,200,100880,100,100158,100,100902,100,100142,100,100942,100,100123,100
2019-06-28 09:56:20.000000000,100545,259,100432,259,100557,255,100347,355,100597,255,100331,255,100656,100,100270,100,100714,100,100184,100,100769,100,100164,200,100834,100,100158,100,100880,100,100142,100,100902,100,100123,100,100942,100,100099,100
2019-06-28 09:56:26.401990973,100545,259,100432,259,100557,255,100347,355,100597,255,100344,100,100656,100,100331,255,100714,100,100270,100,100769,100,100184,100,100834,100,100164,200,100880,100,100158,100,100942,100,100142,100,100979,100,100123,100
2019-06-28 09:56:30.000000000,100545,259,100432,259,100557,255,100347,355,100597,255,100344,255,100656,100,100331,100,100714,100,100270,100,100769,100,100184,100,100834,100,100164,200,100880,100,100158,100,100942,100,100142,100,100979,100,100123,100
2019-06-28 09:56:40.000000000,100545,334,100432,334,100557,334,100347,434,100597,100,100344,100,100656,100,100331,100,100714,100,100270,100,100769,100,100184,100,100834,100,100164,200,100880,100,100158,100,100942,100,100142,100,100979,100,100123,100
2019-06-28 09:56:50.000000000,100545,259,100432,259,100557,255,100347,355,100597,255,100344,255,100656,100,100331,100,100714,100,100270,100,100769,100,100184,100,100834,100,100164,200,100880,100,100158,100,100942,100,100142,100,100979,100,100123,100
2019-06-28 09:56:54.239180460,100545,259,100467,100,100557,255,100432,259,100597,155,100347,355,100656,100,100344,255,100714,100,100331,100,100769,100,100270,100,100834,100,100184,100,100880,100,100164,200,100942,100,100158,100,100979,100,100142,100
2019-06-28 09:57:00.000000000,100545,569,100467,569,100557,100,100432,100,100656,100,100347,200,100714,100,100344,100,100769,100,100331,100,100834,100,100270,100,100880,100,100184,100,100942,100,100164,200,100979,100,100158,100,101016,100,100142,100
2019-06-28 09:57:08.223616408,100545,569,100467,569,100557,100,100432,100,100656,100,100347,200,100662,100,100344,100,100714,100,100331,100,100769,100,100270,100,100834,100,100184,100,100880,100,100164,200,100942,100,100158,100,100979,100,100142,100
2019-06-28 09:57:10.000000000,100545,194,100467,194,100557,194,100432,194,100656,194,100347,294,100662,194,100344,194,100714,194,100331,194,100769,100,100270,100,100834,100,100184,100,100880,100,100164,200,100942,100,100158,100,100979,100,100142,100
2019-06-28 09:57:20.000000000,100545,194,100467,194,100557,194,100432,194,100656,194,100347,294,100662,194,100344,194,100714,194,100331,194,100769,100,100270,100,100834,100,100184,100,100880,100,100164,200,100942,100,100158,100,100979,100,100142,100
2019-06-28 09:57:24.272445700,100545,194,100467,194,100557,194,100432,194,100563,100,100347,294,100656,194,100344,194,100662,194,100331,194,100714,194,100270,100,100769,100,100184,100,100834,100,100164,200,100880,100,100158,100,100979,100,100142,100
2019-06-28 09:57:30.000000000,100545,259,100467,259,100557,255,100432,255,100563,255,100347,355,100656,100,100344,100,100662,100,100331,100,100714,100,100270,100,100769,100,100184,100,100834,100,100164,200,100880,100,100158,100,100979,100,100142,100
2019-06-28 09:57:35.911321044,100518,100,100467,259,100545,259,100432,255,100557,255,100347,355,100563,255,100344,100,100656,100,100331,100,100662,100,100270,100,100714,100,100184,100,100769,100,100164,200,100834,100,100158,100,100880,100,100142,100
2019-06-28 09:57:37.688051710,100518,100,100467,259,100545,259,100432,255,100557,255,100382,100,100563,255,100347,355,100656,100,100344,100,100714,100,100331,100,100769,100,100270,100,100834,100,100184,100,100880,100,100164,200,100979,100,100158,100
2019-06-28 09:57:40.000000000,100518,569,100467,569,100545,100,100432,100,100557,100,100382,100,100563,100,100347,200,100656,100,100344,100,100714,100,100331,100,100769,100,100270,100,100834,100,100184,100,100880,100,100164,200,100979,100,100158,100
2019-06-28 09:57:42.209831290,100518,569,100503,100,100545,100,100467,569,100557,100,100432,100,100563,100,100382,100,100656,100,100347,200,100714,100,100344,100,100769,100,100331,100,100834,100,100270,100,100880,100,100184,100,100979,100,100164,200
2019-06-28 09:57:49.807582103,100518,469,100503,100,100545,100,100467,569,100557,100,100432,100,100563,100,100382,100,100656,100,100347,200,100714,100,100344,100,100769,100,100331,100,100834,100,100270,100,100880,100,100184,100,100979,100,100164,200
2019-06-28 09:57:50.000000000,100545,334,100503,334,100557,334,100467,334,100563,100,100432,100,100656,100,100382,100,100714,100,100347,200,100769,100,100344,100,100834,100,100331,100,100880,100,100270,100,100979,100,100184,100,101016,100,100164,200
2019-06-28 09:57:57.324496606,100517,100,100503,334,100545,334,100467,334,100557,334,100432,100,100563,100,100382,100,100656,100,100347,200,100714,100,100344,100,100769,100,100331,100,100834,100,100270,100,100880,100,100184,100,100979,100,100164,100
2019-06-28 09:58:00.000000000,100517,194,100503,194,100545,194,100467,194,100557,194,100432,194,100563,194,100382,194,100656,194,100347,294,100714,100,100344,100,100769,100,100331,100,100834,100,100270,100,100880,100,100184,100,100979,100,100164,100
2019-06-28 09:58:03.941944298,100517,194,100503,194,100545,194,100467,194,100557,194,100432,194,100563,194,100382,194,100656,194,100347,294,100673,100,100344,100,100714,100,100331,100,100769,100,100270,100,100834,100,100184,100,100880,100,100164,100
2019-06-28 09:58:10.000000000,100517,334,100503,334,100545,334,100467,334,100557,100,100432,100,100563,100,100382,100,100656,100,100347,200,100673,100,100344,100,100714,100,100331,100,100769,100,100270,100,100834,100,100184,100,100880,100,100164,100
2019-06-28 09:58:14.682152481,100517,334,100503,334,100545,334,100467,234,100557,100,100432,100,100563,100,100382,100,100656,100,100347,200,100673,100,100344,100,100714,100,100331,100,100769,100,100270,100,100834,100,100184,100,100880,100,100164,100
2019-06-28 09:58:16.924773043,100517,234,100503,334,100545,334,100467,234,100557,100,100432,100,100563,100,100382,100,100656,100,100347,200,100673,100,100344,100,100714,100,100331,100,100769,100,100270,100,100834,100,100184,100,100880,100,100164,100
2019-06-28 09:58:20.000000000,100545,569,100503,569,100557,100,100432,100,100563,100,100382,100,100656,100,100347,200,100673,100,100344,100,100714,100,100331,100,100769,100,100270,100,100834,100,100184,100,100880,100,100164,100,100915,100,100158,100
2019-06-28 09:58:30.000000000,100545,259,100503,259,100557,255,100432,255,100563,255,100382,255,100656,100,100347,200,100673,100,100344,100,100714,100,100331,100,100769,100,100270,100,100834,100,100184,100,100880,100,100164,100,100915,100,100158,100
2019-06-28 09:58:40.000000000,100545,334,100503,334,100557,334,100432,334,100563,100,100382,100,100656,100,100347,200,100673,100,100344,100,100714,100,100331,100,100769,100,100270,100,100834,100,100184,100,100880,100,100164,100,100915,100,100158,100
2019-06-28 09:58:50.000000000,100545,569,100503,569,100557,100,100432,100,100563,100,100382,100,100656,100,100347,200,100673,100,100344,100,100714,100,100331,100,100769,100,100270,100,100834,100,100184,100,100880,100,100164,100,100915,100,100158,100
2019-06-28 09:59:00.000000000,100545,569,100503,569,100557,100,100432,100,100563,100,100382,100,100656,100,100347,200,100673,100,100344,100,100714,100,100331,100,100769,100,100270,100,100834,100,100184,100,100880,100,100164,100,100915,100,100158,100
2019-06-28 09:59:10.000000000,100545,569,100503,569,100557,100,100432,100,100563,100,100382,100,100656,100,100347,200,100673,100,100344,100,100714,100,100331,100,100769,100,100270,100,100834,100,100184,100,100880,100,100164,100,100915,100,100158,100
2019-06-28 09:59:10.598224000,100516,100,100503,569,100545,569,100432,100,100557,100,100382,100,100563,100,100347,200,100656,100,100344,100,100673,100,100331,100,100714,100,100270,100,100769,100,100184,100,100834,100,100164,100,100880,100,100158,100
2019-06-28 09:59:14.559916804,100516,100,100503,469,100545,569,100432,100,100557,100,100382,100,100563,100,100347,200,100656,100,100344,100,100673,100,100331,100,100714,100,100270,100,100769,100,100184,100,100834,100,100164,100,100880,100,100158,100
2019-06-28 09:59:20.000000000,100516,217,100432,217,100545,217,100382,217,100557,217,100347,317,100563,217,100344,217,100656,100,100331,100,100673,100,100270,100,100714,100,100184,100,100769,100,100164,100,100834,100,100158,100,100880,100,100142,100
2019-06-28 09:59:28.090220068,100516,217,100432,117,100545,217,100382,217,100557,217,100347,317,100563,217,100344,217,100656,100,100331,100,100673,100,100270,100,100714,100,100184,100,100769,100,100164,100,100834,100,100158,100,100880,100,100142,100
2019-06-28 09:59:30.000000000,100516,217,100382,217,100545,217,100347,317,100557,217,100344,217,100563,217,100331,217,100656,100,100270,100,100673,100,100184,100,100714,100,100164,100,100769,100,100158,100,100834,100,100142,100,100880,100,100123,100
2019-06-28 09:59:38.152855111,100503,100,100382,217,100516,217,100347,317,100545,217,100344,217,100557,217,100331,217,100563,217,100270,100,100656,100,100184,100,100673,100,100164,100,100714,100,100158,100,100769,100,100142,100,100834,100,100123,100
2019-06-28 09:59:40.000000000,100503,194,100382,194,100516,194,100347,294,100545,194,100344,194,100557,194,100331,194,100563,194,100270,194,100656,100,100184,100,100673,100,100164,100,100714,100,100158,100,100769,100,100142,100,100834,100,100123,100
2019-06-28 09:59:40.987691431,100503,194,100382,194,100516,194,100347,294,100545,194,100344,194,100557,194,100331,194,100563,194,100270,194,100656,100,100184,100,100673,100,100164,100,100696,100,100158,100,100714,100,100142,100,100769,100,100123,100
2019-06-28 09:59:44.253573194,100503,194,100382,194,100516,194,100347,294,100545,194,100344,194,100557,194,100331,194,100563,194,100326,100,100656,100,100270,194,100673,100,100184,100,100696,100,100164,100,100714,100,100158,100,100769,100,100142,100
2019-06-28 09:59:50.000000000,100503,259,100382,259,100516,255,100347,355,100545,255,100344,255,100557,100,100331,100,100563,100,100326,100,100656,100,100270,100,100673,100,100184,100,100696,100,100164,100,100714,100,100158,100,100769,100,100142,100
2019-06-28 09:59:52.209335330,100503,259,100382,159,100516,255,100347,355,100545,255,100344,255,100557,100,100331,100,100656,100,100326,100,100673,100,100270,100,100696,100,100184,100,100714,100,100164,100,100769,100,100158,100,100834,100,100142,100
2019-06-28 09:59:54.141189884,100503,259,100382,159,100516,255,100347,355,100545,255,100344,255,100557,100,100331,100,100656,100,100326,100,100673,100,100311,100,100696,100,100270,100,100714,100,100184,100,100769,100,100164,100,100834,100,100158,100
2019-06-28 10:00:00.000000000,100503,569,100347,669,100516,100,100344,100,100545,100,100331,100,100557,100,100326,100,100656,100,100311,100,100673,100,100270,100,100696,100,100184,100,100714,100,100164,100,100769,100,100158,100,100834,100,100142,100
2019-06-28 10:00:01.005940505,100432,100,100347,669,100503,569,100344,100,100516,100,100331,100,100545,100,100326,100,100557,100,100311,100,100656,100,100270,100,100673,100,100184,100,100696,100,100164,100,100714,100,100158,100,100769,100,100142,100
2019-06-28 10:00:10.000000000,100432,334,100347,434,100503,334,100344,334,100516,100,100331,100,100545,100,100326,100,100557,100,100311,100,100656,100,100270,100,100673,100,100184,100,100696,100,100164,100,100714,100,100158,100,100769,100,100142,100
2019-06-28 10:00:20.000000000,100432,259,100347,359,100503,255,100344,255,100516,255,100331,255,100545,100,100326,100,100557,100,100311,100,100656,100,100270,100,100673,100,100184,100,100696,100,100164,100,100714,100,100158,100,100769,100,100142,100
2019-06-28 10:00:30.000000000,100432,194,100347,294,100503,194,100344,194,100516,194,100331,194,100545,194,100326,194,100557,194,100311,194,100656,100,100270,100,100673,100,100184,100,100696,100,100164,100,100714,100,100158,100,100769,100,100142,100
2019-06-28 10:00:40.000000000,100432,194,100347,294,100503,194,100344,194,100516,194,100331,194,100545,194,100326,194,100557,194,100311,194,100656,100,100270,100,100673,100,100184,100,100696,100,100164,100,100714,100,100158,100,100769,100,100142,100
2019-06-28 10:00:42.831530426,100432,194,100347,294,100503,194,100344,194,100516,194,100331,194,100545,194,100326,194,100557,194,100311,194,100656,100,100270,100,100673,100,100184,100,100696,100,100164,100,100714,100,100158,100,100769,100,100142,100
2019-06-28 10:00:50.000000000,100432,194,100347,294,100503,194,100344,194,100516,194,100331,194,100545,194,100326,194,100557,194,100311,194,100656,100,100270,100,100673,100,100184,100,100696,100,100164,100,100714,100,100158,100,100769,100,100142,100
2019-06-28 10:01:00.000000000,100432,334,100347,434,100503,334,100344,334,100516,100,100331,100,100545,100,100326,100,100557,100,100311,100,100656,100,100270,100,100673,100,100184,100,100696,100,100164,100,100714,100,100158,100,100769,100,100142,100
2019-06-28 10:01:10.000000000,100432,334,100347,434,100503,334,100344,334,100516,100,100331,100,100545,100,100326,100,100557,100,100311,100,100656,100,100270,100,100673,100,100184,100,100696,100,100164,100,100714,100,100158,100,100769,100,100142,100
2019-06-28 10:01:20.000000000,100432,569,100347,669,100503,100,100344,100,100516,100,100331,100,100545,100,100326,100,100557,100,100311,100,100656,100,100270,100,100673,100,100184,100,100696,100,100164,100,100714,100,100158,100,100769,100,100142,100
2019-06-28 10:01:20.817588367,100432,569,100347,669,100503,100,100344,100,100516,100,100331,100,100545,100,100326,100,100557,100,100311,100,100656,100,100270,100,100673,100,100184,100,100696,100,100164,100,100714,100,100158,100,100769,100,100142,100
2019-06-28 10:01:30.000000000,100432,569,100347,669,100503,100,100344,100,100516,100,100331,100,100545,100,100326,100,100557,100,100311,100,100656,100,100270,100,100673,100,100184,100,100696,100,100164,100,100714,100,100158,100,100769,100,100142,100
2019-06-28 10:01:31.391882282,100432,469,100347,669,100503,100,100344,100,100516,100,100331,100,100545,100,100326,100,100557,100,100311,100,100656,100,100270,100,100673,100,100184,100,100696,100,100164,100,100714,100,100158,100,100769,100,100142,100
2019-06-28 10:01:31.984362818,100432,469,100347,669,100503,100,100344,100,100516,100,100326,100,100545,100,100311,100,100557,100,100270,100,100656,100,100184,100,100673,100,100164,100,100696,100,100158,100,100714,100,100142,100,100769,100,100123,100
2019-06-28 10:01:37.074070400,100432,469,100347,669,100503,100,100326,100,100516,100,100311,100,100545,100,100270,100,100557,100,100184,100,100656,100,100164,100,100673,100,100158,100,100696,100,100142,100,100714,100,100123,100,100769,100,100099,100
2019-06-28 10:01:40.000000000,100503,334,100347,434,100516,334,100326,334,100545,100,100311,100,100557,100,100270,100,100656,100,100184,100,100673,100,100164,100,100696,100,100158,100,100714,100,100142,100,100769,100,100123,100,100834,100,100099,100
2019-06-28 10:01:50.000000000,100503,259,100347,359,100516,255,100326,255,100545,255,100311,255,100557,100,100270,100,100656,100,100184,100,100673,100,100164,100,100696,100,100158,100,100714,100,100142,100,100769,100,100123,100,100834,100,100099,100
2019-06-28 10:01:54.405507539,100503,259,100383,100,100516,255,100347,359,100545,255,100326,255,100557,100,100311,255,100656,100,100270,100,100673,100,100184,100,100696,100,100164,100,100714,100,100158,100,100769,100,100142,100,100834,100,100123,100
2019-06-28 10:01:57.812806094,100503,259,100383,100,100516,255,100347,359,100545,255,100326,155,100557,100,100311,255,100650,100,100270,100,100656,100,100184,100,100673,100,100164,100,100696,100,100158,100,100714,100,100142,100,100769,100,100123,100
2019-06-28 10:02:00.000000000,100503,194,100383,194,100516,194,100347,294,100545,194,100311,194,100557,194,100270,194,100650,194,100184,194,100656,100,100164,100,100673,100,100158,100,100696,100,100142,100,100714,100,100123,100,100769,100,100099,100
2019-06-28 10:02:10.000000000,100503,259,100383,259,100516,255,100347,355,100545,255,100311,255,100557,100,100270,100,100650,100,100184,100,100656,100,100164,100,100673,100,100158,100,100696,100,100142,100,100714,100,100123,100,100769,100,100099,100
2019-06-28 10:02:19.033945312,100503,159,100383,259,100516,255,100347,355,100545,255,100311,255,100557,100,100270,100,100650,100,100184,100,100656,100,100164,100,100673,100,100158,100,100696,100,100142,100,100714,100,100123,100,100769,100,100099,100
2019-06-28 10:02:20.000000000,100516,334,100383,334,100545,334,100347,434,100557,100,100311,100,100650,100,100270,100,100656,100,100184,100,100673,100,100164,100,100696,100,100158,100,100714,100,100142,100,100769,100,100123,100,100834,100,100099,100
2019-06-28 10:02:20.732213408,100516,234,100383,334,100545,334,100347,434,100557,100,100270,100,100650,100,100184,100,100656,100,100164,100,100673,100,100158,100,100696,100,100142,100,100714,100,100123,100,100769,100,100099,100,100834,100,100044,100
2019-06-28 10:02:30.000000000,100545,259,100383,259,100557,255,100347,355,100650,255,100270,255,100656,100,100184,100,100673,100,100164,100,100696,100,100158,100,100714,100,100142,100,100769,100,100123,100,100834,100,100099,100,100848,100,100044,100
2019-06-28 10:02:30.147248533,100545,259,100383,259,100557,255,100347,355,100650,255,100270,255,100656,100,100184,100,100673,100,100164,100,100696,100,100158,100,100714,100,100142,100,100755,100,100123,100,100769,100,100099,100,100834,100,100044,100
2019-06-28 10:02:40.000000000,100545,569,100383,569,100557,100,100347,200,100650,100,100270,100,100656,100,100184,100,100673,100,100164,100,100696,100,100158,100,100714,100,100142,100,100755,100,100123,100,100769,100,100099,100,100834,100,100044,100
2019-06-28 10:02:50.000000000,100545,217,100383,217,100557,217,100347,317,100650,217,100270,217,100656,217,100184,217,100673,100,100164,100,100696,100,100158,100,100714,100,100142,100,100755,100,100123,100,100769,100,100099,100,100834,100,100044,100
2019-06-28 10:02:56.877859199,100545,217,100383,217,100557,217,100360,100,100650,217,100347,317,100656,217,100270,217,100673,100,100184,217,100696,100,100164,100,100714,100,100158,100,100755,100,100123,100,100769,100,100099,100,100834,100,100044,100
2019-06-28 10:03:00.000000000,100545,569,100383,569,100557,100,100360,100,100650,100,100347,200,100656,100,100270,100,100673,100,100184,100,100696,100,100164,100,100714,100,100158,100,100755,100,100123,100,100769,100,100099,100,100834,100,100044,100
2019-06-28 10:03:09.228175645,100545,569,100383,569,100557,100,100360,100,100650,100,100347,200,100656,100,100270,100,100673,100,100212,100,100696,100,100184,100,100714,100,100164,100,100755,100,100158,100,100769,100,100123,100,100834,100,100099,100
2019-06-28 10:03:10.000000000,100545,569,100383,569,100557,100,100360,100,100650,100,100347,200,100656,100,100270,100,100673,100,100212,100,100696,100,100184,100,100714,100,100164,100,100755,100,100158,100,100769,100,100123,100,100834,100,100099,100
2019-06-28 10:03:20.000000000,100545,194,100383,194,100557,194,100360,194,100650,194,100347,294,100656,194,100270,194,100673,194,100212,194,100696,100,100184,100,100714,100,100164,100,100755,100,100158,100,100769,100,100123,100,100834,100,100099,100
2019-06-28 10:03:22.062016596,100545,194,100383,194,100557,194,100360,194,100650,194,100347,294,100656,194,100270,194,100673,194,100212,194,100696,100,100184,100,100714,100,100164,100,100755,100,100158,100,100769,100,100152,100,100834,100,100123,100
2019-06-28 10:03:30.000000000,100545,569,100383,569,100557,100,100360,100,100650,100,100347,200,100656,100,100270,100,100673,100,100212,100,100696,100,100184,100,100714,100,100164,100,100755,100,100158,100,100769,100,100152,100,100834,100,100123,100
2019-06-28 10:03:40.000000000,100545,334,100383,334,100557,334,100360,334,100650,100,100347,200,100656,100,100270,100,100673,100,100212,100,100696,100,100184,100,100714,100,100164,100,100755,100,100158,100,100769,100,100152,100,100834,100,100123,100
2019-06-28 10:03:45.795423039,100545,334,100442,100,100557,334,100383,334,100650,100,100360,334,100656,100,100347,200,100673,100,100270,100,100696,100,100212,100,100714,100,100184,100,100755,100,100164,100,100769,100,100158,100,100834,100,100152,100
2019-06-28 10:03:46.443482076,100545,334,100442,100,100557,334,100383,334,100610,100,100360,334,100650,100,100347,200,100656,100,100270,100,100673,100,100212,100,100696,100,100184,100,100714,100,100164,100,100755,100,100158,100,100769,100,100152,100
2019-06-28 10:03:50.000000000,100545,194,100442,194,100557,194,100383,194,100610,194,100360,194,100650,194,100347,294,100656,194,100270,194,100673,100,100212,100,100696,100,100184,100,100714,100,100164,100,100755,100,100158,100,100769,100,100152,100
2019-06-28 10:04:00.000000000,100545,259,100442,259,100557,255,100383,255,100610,255,100360,255,100650,100,100347,200,100656,100,100270,100,100673,100,100212,100,100696,100,100184,100,100714,100,100164,100,100755,100,100158,100,100769,100,100152,100
2019-06-28 10:04:10.000000000,100545,334,100442,334,100557,334,100383,334,100610,100,100360,100,100650,100,100347,200,100656,100,100270,100,100673,100,100212,100,100696,100,100184,100,100714,100,100164,100,100755,100,100158,100,100769,100,100152,100
2019-06-28 10:04:20.000000000,100545,334,100442,334,100557,334,100383,334,100610,100,100360,100,100650,100,100347,200,100656,100,100270,100,100673,100,100212,100,100696,100,100184,100,100714,100,100164,100,100755,100,100158,100,100769,100,100152,100
2019-06-28 10:04:30.000000000,100545,194,100442,194,100557,194,100383,194,100610,194,100360,194,100650,194,100347,294,100656,194,100270,194,100673,100,100212,100,100696,100,100184,100,100714,100,100164,100,100755,100,100158,100,100769,100,100152,100
2019-06-28 10:04:40.000000000,100545,194,100442,194,100557,194,100383,194,100610,194,100360,194,100650,194,100347,294,100656,194,100270,194,100673,100,100212,100,100696,100,100184,100,100714,100,100164,100,100755,100,100158,100,100769,100,100152,100
2019-06-28 10:04:50.000000000,100545,259,100442,259,100557,255,100383,255,100610,255,100360,255,100650,100,100347,200,100656,100,100270,100,100673,100,100212,100,100696,100,100184,100,100714,100,100164,100,100755,100,100158,100,100769,100,100152,100
2019-06-28 10:04:55.716106996,100545,259,100442,159,100557,255,100383,255,100610,255,100360,255,100650,100,100347,200,100656,100,100270,100,100673,100,100212,100,100696,100,100184,100,100714,100,100164,100,100755,100,100158,100,100769,100,100152,100
2019-06-28 10:05:00.000000000,100545,194,100383,194,100557,194,100360,194,100610,194,100347,294,100650,194,100270,194,100656,194,100212,194,100673,100,100184,100,100696,100,100164,100,100714,100,100158,100,100755,100,100152,100,100769,100,100123,100
2019-06-28 10:05:10.000000000,100545,194,100383,194,100557,194,100360,194,100610,194,100347,294,100650,194,100270,194,100656,194,100212,194,100673,100,100184,100,100696,100,100164,100,100714,100,100158,100,100755,100,100152,100,100769,100,100123,100
2019-06-28 10:05:19.311384786,100515,100,100383,194,100545,194,100360,194,100557,194,100347,294,100610,194,100270,194,100650,194,100212,194,100656,194,100184,100,100673,100,100164,100,100696,100,100158,100,100714,100,100152,100,100755,100,100123,100
2019-06-28 10:05:20.000000000,100515,569,100383,569,100545,100,100360,100,100557,100,100347,200,100610,100,100270,100,100650,100,100212,100,100656,100,100184,100,100673,100,100164,100,100696,100,100158,100,100714,100,100152,100,100755,100,100123,100
2019-06-28 10:05:30.000000000,100515,569,100383,569,100545,100,100360,100,100557,100,100347,200,100610,100,100270,100,100650,100,100212,100,100656,100,100184,100,100673,100,100164,100,100696,100,100158,100,100714,100,100152,100,100755,100,100123,100
2019-06-28 10:05:40.000000000,100515,194,100383,194,100545,194,100360,194,100557,194,100347,294,100610,194,100270,194,100650,194,100212,194,100656,100,100184,100,100673,100,100164,100,100696,100,100158,100,100714,100,100152,100,100755,100,100123,100
2019-06-28 10:05:50.000000000,100515,259,100383,259,100545,255,100360,255,100557,255,100347,355,100610,100,100270,100,100650,100,100212,100,100656,100,100184,100,100673,100,100164,100,100696,100,100158,100,100714,100,100152,100,100755,100,100123,100
2019-06-28 10:05:51.115161242,100515,259,100383,159,100545,255,100360,255,100557,255,100347,355,100610,100,100270,100,100650,100,100212,100,100656,100,100184,100,100673,100,100164,100,100696,100,100158,100,100714,100,100152,100,100755,100,100123,100
2019-06-28 10:06:00.000000000,100515,569,100360,569,100545,100,100347,200,100557,100,100270,100,100610,100,100212,100,100650,100,100184,100,100656,100,100164,100,100673,100,100158,100,100696,100,100152,100,100714,100,100123,100,100755,100,100099,100
2019-06-28 10:06:10.000000000,100515,194,100360,194,100545,194,100347,294,100557,194,100270,194,100610,194,100212,194,100650,194,100184,194,100656,100,100164,100,100673,100,100158,100,100696,100,100152,100,100714,100,100123,100,100755,100,100099,100
