,ask_price_1,ask_size_1,bid_price_1,bid_size_1,ask_price_2,ask_size_2,bid_price_2,bid_size_2,ask_price_3,ask_size_3,bid_price_3,bid_size_3,ask_price_4,ask_size_4,bid_price_4,bid_size_4,ask_price_5,ask_size_5,bid_price_5,bid_size_5,ask_price_6,ask_size_6,bid_price_6,bid_size_6,ask_price_7,ask_size_7,bid_price_7,bid_size_7,ask_price_8,ask_size_8,bid_price_8,bid_size_8,ask_price_9,ask_size_9,bid_price_9,bid_size_9,ask_price_10,ask_size_10,bid_price_10,bid_size_10
2019-06-28 09:30:00.000000000,100055,100,,,,,,,,,,,,,,,,,,,,,,,,,,,,,,,,,,,,,,
2019-06-28 09:30:00.000000001,100055,100,99899,100,,,,,,,,,,,,,,,,,,,,,,,,,,,,,,,,,,,,
2019-06-28 09:30:00.000000002,100055,100,99899,100,100101,100,,,,,,,,,,,,,,,,,,,,,,,,,,,,,,,,,,
2019-06-28 09:30:00.000000003,100055,100,99899,100,100101,100,99854,100,,,,,,,,,,,,,,,,,,,,,,,,,,,,,,,,
2019-06-28 09:30:00.000000004,100039,100,99899,100,100055,100,99854,100,100101,100,,,,,,,,,,,,,,,,,,,,,,,,,,,,,,
2019-06-28 09:30:00.000000005,100039,100,99899,100,100051,100,99854,100,100055,100,,,100101,100,,,,,,,,,,,,,,,,,,,,,,,,,,
2019-06-28 09:30:00.000000006,100034,100,99899,100,100039,100,99854,100,100051,100,,,100055,100,,,100101,100,,,,,,,,,,,,,,,,,,,,,,
2019-06-28 09:30:00.000000007,99986,100,99899,100,100034,100,99854,100,100039,100,,,100051,100,,,100055,100,,,100101,100,,,,,,,,,,,,,,,,,,
2019-06-28 09:30:00.000000008,99975,100,99899,100,99986,100,99854,100,100034,100,99802,100,100039,100,,,100051,100,,,100055,100,,,100101,100,,,,,,,,,,,,,,
2019-06-28 09:30:00.000000010,99975,100,99899,100,99986,100,99854,100,100034,100,99802,100,100039,100,,,100051,100,,,100055,100,,,100101,100,,,100110,100,,,,,,,,,,
2019-06-28 09:30:00.000000011,99975,100,99899,100,99986,100,99854,100,100034,100,99802,100,100039,100,,,100051,100,,,100055,100,,,100098,100,,,100101,100,,,100110,100,,,,,,
2019-06-28 09:30:00.000000013,99975,100,99899,100,99986,100,99854,100,100034,100,99802,100,100039,100,,,100051,100,,,100055,100,,,100098,100,,,100101,100,,,100110,100,,,100123,100,,
2019-06-28 09:30:00.000000014,99975,100,99899,100,99986,100,99854,100,100034,100,99802,100,100039,100,,,100051,100,,,100053,100,,,100055,100,,,100098,100,,,100101,100,,,100110,100,,
2019-06-28 09:30:00.000000016,99986,100,99899,100,100034,100,99854,100,100039,100,99802,100,100051,100,,,100053,100,,,100055,100,,,100098,100,,,100101,100,,,100110,100,,,100123,100,,
2019-06-28 09:30:00.000000017,99968,100,99904,100,99986,100,99899,100,100034,100,99854,100,100039,100,99802,100,100051,100,,,100053,100,,,100055,100,,,100073,100,,,100098,100,,,100101,100,,
2019-06-28 09:30:00.000000018,99968,100,99904,100,99986,100,99899,100,100034,100,99884,100,100039,100,99880,100,100051,100,99854,100,100053,100,99802,100,100055,100,,,100073,100,,,100098,100,,,100101,100,,
2019-06-28 09:30:00.000000019,99968,100,99904,100,99986,100,99899,100,100034,100,99884,100,100039,100,99880,100,100051,100,99854,100,100053,100,99802,100,100055,100,,,100060,100,,,100073,100,,,100098,100,,
2019-06-28 09:30:00.000000021,99949,100,99904,100,99968,100,99899,100,99986,100,99884,100,100034,100,99881,100,100039,100,99880,100,100051,100,99854,100,100053,100,99802,100,100055,100,,,100060,100,,,100073,100,,
2019-06-28 09:30:00.000000022,99968,100,99949,100,99986,100,99904,100,100034,100,99899,100,100039,100,99884,100,100051,100,99881,100,100053,100,99880,100,100055,100,99854,100,100060,100,99802,100,100073,100,,,100098,100,,
2019-06-28 09:30:00.000000023,99981,100,99950,100,99986,100,99949,100,100034,100,99904,100,100039,100,99899,100,100051,100,99884,100,100053,100,99881,100,100055,100,99880,100,100060,100,99854,100,100073,100,99802,100,100098,100,,
2019-06-28 09:30:00.000000024,99981,100,99950,200,99986,100,99949,100,100034,100,99904,100,100039,100,99899,100,100051,100,99884,100,100053,100,99881,100,100055,100,99880,100,100060,100,99854,100,100073,100,99802,100,100098,100,,
2019-06-28 09:30:00.000000025,99981,100,99950,200,99986,100,99949,100,100034,100,99904,100,100035,100,99899,100,100039,100,99884,100,100051,100,99881,100,100053,100,99880,100,100055,100,99854,100,100060,100,99802,100,100073,100,,
2019-06-28 09:30:00.000000026,99986,100,99950,200,100034,100,99949,100,100035,100,99904,100,100039,100,99899,100,100051,100,99884,100,100053,100,99881,100,100055,100,99880,100,100060,100,99854,100,100073,100,99802,100,100098,100,,
2019-06-28 09:30:00.000000028,99986,100,99968,100,100034,100,99950,200,100035,100,99949,100,100039,100,99904,100,100051,100,99899,100,100053,100,99884,100,100055,100,99881,100,100060,100,99880,100,100073,100,99854,100,100098,100,99802,100
2019-06-28 09:30:00.000000029,99986,100,99973,100,100034,100,99968,100,100035,100,99950,200,100039,100,99949,100,100051,100,99904,100,100053,100,99899,100,100055,100,99884,100,100060,100,99881,100,100073,100,99880,100,100098,100,99854,100
2019-06-28 09:30:00.000000030,99986,100,99973,100,100034,100,99968,100,100035,100,99950,200,100039,100,99949,100,100051,100,99931,100,100053,100,99904,100,100055,100,99899,100,100060,100,99884,100,100073,100,99881,100,100098,100,99880,100
2019-06-28 09:30:00.000000038,99986,100,99973,100,100034,100,99968,300,100035,100,99950,200,100039,100,99949,100,100041,100,99931,100,100051,100,99904,100,100053,100,99899,100,100055,100,99884,100,100060,100,99881,100,100073,100,99880,100
2019-06-28 09:30:00.000000039,99986,100,99973,100,100034,100,99968,300,100035,100,99950,300,100039,100,99949,100,100041,100,99931,100,100051,100,99904,100,100053,100,99899,100,100055,100,99884,100,100060,100,99883,100,100073,100,99881,100
2019-06-28 09:30:00.000000041,100034,100,99968,300,100035,100,99950,300,100039,100,99949,100,100041,100,99931,100,100051,100,99904,100,100053,100,99899,100,100055,100,99884,100,100060,100,99883,100,100073,100,99881,100,100098,100,99880,100
2019-06-28 09:30:00.000000043,99986,100,99968,300,100034,100,99950,300,100035,100,99949,100,100039,100,99931,100,100041,100,99904,100,100051,100,99899,100,100053,100,99884,100,100055,100,99883,100,100060,100,99881,100,100073,100,99880,100
2019-06-28 09:30:00.000000045,99986,100,99968,300,100034,100,99950,300,100035,100,99949,100,100039,100,99931,100,100041,100,99916,100,100051,100,99904,100,100053,100,99899,100,100055,100,99884,100,100060,100,99883,100,100073,100,99881,100
2019-06-28 09:30:00.000000049,99986,100,99984,100,100034,100,99968,200,100035,100,99950,300,100039,100,99949,100,100041,100,99931,100,100051,100,99916,100,100053,100,99904,100,100055,100,99899,100,100060,100,99884,100,100073,100,99883,100
2019-06-28 09:30:00.000000052,99986,100,99984,100,100034,100,99968,200,100035,100,99950,300,100039,100,99949,100,100041,100,99931,100,100051,100,99916,100,100053,100,99904,100,100055,100,99899,100,100060,100,99888,200,100073,100,99884,100
2019-06-28 09:30:00.000000056,100034,100,99985,100,100035,100,99984,100,100039,100,99968,200,100041,100,99950,300,100051,100,99949,100,100053,100,99931,100,100055,100,99916,100,100060,100,99904,100,100073,100,99899,100,100098,100,99888,200
2019-06-28 09:30:00.000000059,100034,100,99985,200,100035,100,99984,100,100039,100,99968,200,100041,100,99950,300,100051,100,99949,100,100053,100,99931,100,100055,100,99916,100,100060,100,99904,100,100073,100,99899,100,100098,100,99888,200
2019-06-28 09:30:00.000000066,100034,100,99985,100,100035,100,99984,100,100039,100,99968,200,100041,100,99950,300,100051,100,99949,100,100053,100,99931,100,100055,100,99916,100,100060,100,99904,100,100073,100,99899,100,100098,100,99888,200
2019-06-28 09:30:00.000000072,100034,100,99985,100,100035,100,99984,100,100039,100,99968,200,100041,100,99950,300,100051,100,99949,100,100053,100,99931,100,100055,100,99925,100,100060,100,99916,100,100073,100,99904,100,100098,100,99899,100
2019-06-28 09:30:00.000000073,100026,100,99985,100,100034,100,99984,100,100035,100,99968,200,100039,100,99950,300,100041,100,99949,100,100051,100,99931,100,100053,100,99925,100,100055,100,99916,100,100060,100,99904,100,100073,100,99899,100
2019-06-28 09:30:00.000000075,100026,100,99985,100,100034,100,99984,100,100035,100,99968,200,100039,100,99950,300,100041,100,99949,100,100051,100,99931,100,100053,100,99925,100,100055,100,99916,100,100060,100,99904,100,100073,100,99899,100
2019-06-28 09:30:00.000000081,100026,100,99985,100,100034,100,99984,100,100035,100,99968,200,100039,100,99962,100,100041,100,99950,300,100051,100,99949,100,100053,100,99931,100,100055,100,99925,100,100060,100,99916,100,100073,100,99904,100
2019-06-28 09:30:00.000000083,100026,100,99985,100,100034,100,99984,100,100035,100,99968,200,100039,100,99962,100,100041,100,99950,300,100051,100,99949,100,100053,100,99931,100,100055,100,99925,100,100060,100,99916,100,100073,100,99904,100
2019-06-28 09:30:00.000000089,100026,100,99985,100,100034,100,99984,100,100035,100,99968,200,100039,100,99962,100,100041,100,99950,300,100051,100,99949,100,100053,100,99931,100,100055,100,99925,100,100060,100,99916,100,100073,100,99904,100
2019-06-28 09:30:00.000000090,100026,100,99985,100,100034,100,99984,100,100035,100,99968,200,100039,100,99962,100,100041,100,99953,100,100051,100,99950,300,100053,100,99949,100,100055,100,99931,100,100060,100,99925,100,100073,100,99916,100
2019-06-28 09:30:00.000000091,100026,100,99985,100,100034,100,99984,100,100035,100,99968,200,100039,100,99962,100,100041,100,99953,100,100051,100,99950,300,100053,100,99949,100,100055,100,99931,100,100060,100,99925,100,100073,100,99916,100
2019-06-28 09:30:00.000000094,100004,100,99985,100,100026,100,99984,100,100034,100,99968,200,100035,100,99962,100,100039,100,99953,100,100041,100,99950,300,100051,100,99949,100,100053,100,99931,100,100055,100,99925,100,100060,100,99916,100
2019-06-28 09:30:00.000000098,100004,100,99985,100,100026,100,99984,100,100027,100,99968,200,100034,100,99962,100,100035,100,99953,100,100039,100,99950,300,100041,100,99949,100,100051,100,99931,100,100053,100,99925,100,100055,100,99916,100
2019-06-28 09:30:10.000000000,100004,210,99985,210,100026,210,99984,210,100027,210,99968,310,100034,210,99962,210,100035,100,99953,100,100039,100,99950,300,100041,100,99949,100,100051,100,99931,100,100053,100,99925,100,100055,100,99916,100
2019-06-28 09:30:17.058297397,100004,210,99985,210,100017,100,99984,210,100026,210,99968,310,100027,210,99962,210,100034,210,99953,100,100035,100,99950,300,100039,100,99949,100,100041,100,99931,100,100051,100,99925,100,100053,100,99916,100
2019-06-28 09:30:20.000000000,100004,538,99985,538,100017,100,99984,100,100026,100,99968,200,100027,100,99962,100,100034,100,99953,100,100035,100,99950,300,100039,100,99949,100,100041,100,99931,100,100051,100,99925,100,100053,100,99916,100
2019-06-28 09:30:22.110306174,100004,538,99985,538,100017,100,99984,100,100026,100,99968,200,100027,100,99962,100,100034,100,99953,100,100035,100,99950,300,100039,100,99949,100,100041,100,99931,100,100051,100,99925,100,100053,100,99916,100
2019-06-28 09:30:30.000000000,100004,188,99985,188,100017,188,99984,188,100026,188,99968,288,100027,188,99962,188,100034,188,99953,188,100035,100,99950,300,100039,100,99949,100,100041,100,99931,100,100051,100,99925,100,100053,100,99916,100
2019-06-28 09:30:31.930778371,99986,100,99985,188,100004,188,99984,188,100017,188,99968,288,100026,188,99962,188,100027,188,99953,188,100034,188,99950,300,100035,100,99949,100,100041,100,99931,100,100051,100,99925,100,100053,100,99916,100
2019-06-28 09:30:35.735822786,99986,200,99985,188,100004,188,99984,188,100017,188,99968,288,100026,188,99962,188,100027,188,99953,188,100034,188,99950,300,100035,100,99949,100,100041,100,99931,100,100051,100,99925,100,100053,100,99916,100
2019-06-28 09:30:40.000000000,99986,310,99985,210,100004,210,99984,210,100017,210,99968,310,100026,210,99962,210,100027,100,99953,100,100034,100,99950,300,100035,100,99949,100,100041,100,99931,100,100051,100,99925,100,100053,100,99916,100
2019-06-28 09:30:50.000000000,99986,288,99985,188,100004,188,99984,188,100017,188,99968,288,100026,188,99962,188,100027,188,99953,188,100034,100,99950,300,100035,100,99949,100,100041,100,99931,100,100051,100,99925,100,100053,100,99916,100
2019-06-28 09:30:53.706666205,99986,288,99985,188,100004,188,99984,188,100017,188,99977,100,100026,188,99968,288,100027,188,99962,188,100034,100,99953,188,100035,100,99950,300,100041,100,99949,100,100051,100,99931,100,100053,100,99925,100
2019-06-28 09:31:00.000000000,99986,638,99985,538,100004,100,99984,100,100017,100,99977,100,100026,100,99968,200,100027,100,99962,100,100034,100,99953,100,100035,100,99950,300,100041,100,99949,100,100051,100,99931,100,100053,100,99925,100
2019-06-28 09:31:09.333220693,99986,638,99985,538,100004,100,99984,100,100017,100,99977,100,100026,100,99968,200,100027,100,99962,100,100034,100,99953,100,100035,100,99950,300,100041,100,99949,100,100051,100,99931,100,100053,100,99925,100
2019-06-28 09:31:10.000000000,99986,419,99985,319,100004,319,99984,319,100017,100,99977,100,100026,100,99968,200,100027,100,99962,100,100034,100,99953,100,100035,100,99950,300,100041,100,99949,100,100051,100,99931,100,100053,100,99925,100
2019-06-28 09:31:14.562608470,99986,419,99985,319,100004,319,99984,319,100017,100,99977,100,100026,100,99968,200,100027,100,99962,100,100034,100,99953,100,100035,100,99950,300,100041,100,99931,100,100051,100,99925,100,100053,100,99916,100
2019-06-28 09:31:14.646191298,99986,419,99985,319,100004,319,99984,319,100017,100,99977,100,100026,100,99968,200,100027,100,99962,100,100034,100,99953,100,100035,100,99950,300,100041,100,99931,100,100051,100,99925,100,100053,100,99916,100
2019-06-28 09:31:20.000000000,99986,419,99985,319,100004,319,99984,319,100017,100,99977,100,100026,100,99968,200,100027,100,99962,100,100034,100,99953,100,100035,100,99950,300,100041,100,99931,100,100051,100,99925,100,100053,100,99916,100
2019-06-28 09:31:30.000000000,99986,349,99985,249,100004,245,99984,245,100017,245,99977,245,100026,100,99968,200,100027,100,99962,100,100034,100,99953,100,100035,100,99950,300,100041,100,99931,100,100051,100,99925,100,100053,100,99916,100
2019-06-28 09:31:40.000000000,99986,419,99985,319,100004,319,99984,319,100017,100,99977,100,100026,100,99968,200,100027,100,99962,100,100034,100,99953,100,100035,100,99950,300,100041,100,99931,100,100051,100,99925,100,100053,100,99916,100
2019-06-28 09:31:50.000000000,99986,310,99985,210,100004,210,99984,210,100017,210,99977,210,100026,210,99968,310,100027,100,99962,100,100034,100,99953,100,100035,100,99950,300,100041,100,99931,100,100051,100,99925,100,100053,100,99916,100
2019-06-28 09:31:53.767258655,99986,310,99985,210,100004,210,99984,210,100017,210,99977,210,100026,210,99968,310,100027,100,99956,100,100034,100,99953,100,100035,100,99950,300,100041,100,99931,100,100051,100,99925,100,100053,100,99916,100
2019-06-28 09:32:00.000000000,99986,419,99985,319,100004,319,99984,319,100017,100,99977,100,100026,100,99968,200,100027,100,99956,100,100034,100,99953,100,100035,100,99950,300,100041,100,99931,100,100051,100,99925,100,100053,100,99916,100
2019-06-28 09:32:07.132005331,99986,319,99985,319,100004,319,99984,319,100017,100,99977,100,100026,100,99968,100,100027,100,99956,100,100034,100,99953,100,100035,100,99950,300,100041,100,99931,100,100051,100,99925,100,100053,100,99916,100
2019-06-28 09:32:10.000000000,99986,319,99985,319,100004,319,99984,319,100017,100,99977,100,100026,100,99968,100,100027,100,99956,100,100034,100,99953,100,100035,100,99950,300,100041,100,99931,100,100051,100,99925,100,100053,100,99916,100
2019-06-28 09:32:17.902699141,99986,319,99985,319,100004,319,99984,319,100017,100,99977,100,100026,100,99968,100,100027,100,99956,100,100034,100,99953,100,100035,100,99950,300,100041,100,99931,100,100051,100,99925,100,100053,100,99916,100
2019-06-28 09:32:20.000000000,99986,210,99985,210,100004,210,99984,210,100017,210,99977,210,100026,210,99968,210,100027,100,99956,100,100034,100,99953,100,100035,100,99950,300,100041,100,99931,100,100051,100,99925,100,100053,100,99916,100
2019-06-28 09:32:30.000000000,99986,210,99985,210,100004,210,99984,210,100017,210,99977,210,100026,210,99968,210,100027,100,99956,100,100034,100,99953,100,100035,100,99950,300,100041,100,99931,100,100051,100,99925,100,100053,100,99916,100
2019-06-28 09:32:37.292888935,99986,210,99985,210,100004,210,99984,210,100017,210,99977,210,100026,210,99968,210,100027,100,99956,100,100034,100,99953,100,100035,100,99950,300,100041,100,99931,100,100051,100,99925,100,100053,100,99916,100
2019-06-28 09:32:40.000000000,99986,249,99985,249,100004,245,99984,245,100017,245,99977,245,100026,100,99968,100,100027,100,99956,100,100034,100,99953,100,100035,100,99950,300,100041,100,99931,100,100051,100,99925,100,100053,100,99916,100
2019-06-28 09:32:50.000000000,99986,249,99985,249,100004,245,99984,245,100017,245,99977,245,100026,100,99968,100,100027,100,99956,100,100034,100,99953,100,100035,100,99950,300,100041,100,99931,100,100051,100,99925,100,100053,100,99916,100
2019-06-28 09:33:00.000000000,99986,538,99985,538,100004,100,99984,100,100017,100,99977,100,100026,100,99968,100,100027,100,99956,100,100034,100,99953,100,100035,100,99950,300,100041,100,99931,100,100051,100,99925,100,100053,100,99916,100
2019-06-28 09:33:02.465963517,99986,538,99985,538,100004,100,99984,100,100010,100,99977,100,100017,100,99968,100,100026,100,99956,100,100027,100,99953,100,100034,100,99950,300,100035,100,99931,100,100041,100,99925,100,100051,100,99916,100
2019-06-28 09:33:08.685640497,99986,538,99985,438,100004,100,99984,100,100010,100,99977,100,100017,100,99968,100,100026,100,99956,100,100027,100,99953,100,100034,100,99950,200,100035,100,99931,100,100041,100,99925,100,100051,100,99916,100
2019-06-28 09:33:10.000000000,99986,319,99984,319,100004,319,99977,319,100010,100,99968,100,100017,100,99956,100,100026,100,99953,100,100027,100,99950,200,100034,100,99931,100,100035,100,99925,100,100041,100,99916,100,100051,100,99899,100
2019-06-28 09:33:13.589329919,99985,100,99984,319,99986,319,99977,319,100004,319,99968,100,100010,100,99956,100,100017,100,99953,100,100026,100,99950,200,100027,100,99931,100,100034,100,99925,100,100035,100,99916,100,100041,100,99899,100
2019-06-28 09:33:20.000000000,99985,538,99984,538,99986,100,99977,100,100004,100,99968,100,100010,100,99956,100,100017,100,99953,100,100026,100,99950,200,100027,100,99931,100,100034,100,99925,100,100035,100,99916,100,100041,100,99899,100
2019-06-28 09:33:21.478348806,99985,538,99984,538,99986,100,99977,100,100004,100,99968,100,100010,100,99956,100,100017,100,99953,100,100026,100,99950,200,100027,100,99931,100,100034,100,99925,100,100035,100,99916,100,100041,100,99899,100
2019-06-28 09:33:28.664151332,99985,538,99984,538,99986,100,99977,100,100004,100,99968,100,100010,100,99956,100,100017,100,99953,100,100026,100,99950,200,100027,100,99931,100,100034,100,99925,100,100035,100,99916,100,100041,100,99899,100
2019-06-28 09:33:30.000000000,99985,210,99984,210,99986,210,99977,210,100004,210,99968,210,100010,210,99956,210,100017,100,99953,100,100026,100,99950,200,100027,100,99931,100,100034,100,99925,100,100035,100,99916,100,100041,100,99899,100
2019-06-28 09:33:37.911895285,99985,210,99984,210,99986,210,99977,210,100004,210,99968,210,100010,210,99956,210,100012,100,99953,100,100017,100,99950,200,100026,100,99931,100,100027,100,99925,100,100034,100,99916,100,100035,100,99899,100
2019-06-28 09:33:40.000000000,99985,249,99984,249,99986,245,99977,245,100004,245,99968,245,100010,100,99956,100,100012,100,99953,100,100017,100,99950,200,100026,100,99931,100,100027,100,99925,100,100034,100,99916,100,100035,100,99899,100
2019-06-28 09:33:41.942179543,99985,349,99984,249,99986,245,99977,245,100004,245,99968,245,100010,100,99956,100,100012,100,99953,100,100017,100,99950,200,100026,100,99931,100,100027,100,99925,100,100034,100,99916,100,100035,100,99899,100
2019-06-28 09:33:43.117070873,99985,349,99984,149,99986,245,99977,245,100004,245,99968,245,100010,100,99956,100,100012,100,99953,100,100017,100,99950,200,100026,100,99931,100,100027,100,99925,100,100034,100,99916,100,100035,100,99899,100
2019-06-28 09:33:50.000000000,99985,310,99977,210,99986,210,99968,210,100004,210,99956,210,100010,210,99953,210,100012,100,99950,200,100017,100,99931,100,100026,100,99925,100,100027,100,99916,100,100034,100,99899,100,100035,100,99890,100
2019-06-28 09:34:00.000000000,99985,419,99977,319,99986,319,99968,319,100004,100,99956,100,100010,100,99953,100,100012,100,99950,200,100017,100,99931,100,100026,100,99925,100,100027,100,99916,100,100034,100,99899,100,100035,100,99890,100
2019-06-28 09:34:10.000000000,99985,310,99977,210,99986,210,99968,210,100004,210,99956,210,100010,210,99953,210,100012,100,99950,200,100017,100,99931,100,100026,100,99925,100,100027,100,99916,100,100034,100,99899,100,100035,100,99890,100
2019-06-28 09:34:20.000000000,99985,288,99977,188,99986,188,99968,188,100004,188,99956,188,100010,188,99953,188,100012,188,99950,288,100017,100,99931,100,100026,100,99925,100,100027,100,99916,100,100034,100,99899,100,100035,100,99890,100
2019-06-28 09:34:30.000000000,99985,288,99977,188,99986,188,99968,188,100004,188,99956,188,100010,188,99953,188,100012,188,99950,288,100017,100,99931,100,100026,100,99925,100,100027,100,99916,100,100034,100,99899,100,100035,100,99890,100
2019-06-28 09:34:40.000000000,99985,310,99977,210,99986,210,99968,210,100004,210,99956,210,100010,210,99953,210,100012,100,99950,200,100017,100,99931,100,100026,100,99925,100,100027,100,99916,100,100034,100,99899,100,100035,100,99890,100
2019-06-28 09:34:50.000000000,99985,349,99977,249,99986,245,99968,245,100004,245,99956,245,100010,100,99953,100,100012,100,99950,200,100017,100,99931,100,100026,100,99925,100,100027,100,99916,100,100034,100,99899,100,100035,100,99890,100
2019-06-28 09:34:51.500984517,99985,249,99977,149,99986,245,99968,245,100004,245,99956,245,100010,100,99953,100,100012,100,99950,200,100017,100,99931,100,100026,100,99925,100,100027,100,99916,100,100034,100,99899,100,100035,100,99890,100
2019-06-28 09:34:53.686529707,99985,249,99977,149,99986,145,99968,245,100004,245,99956,245,100010,100,99953,100,100012,100,99950,200,100017,100,99931,100,100026,100,99925,100,100027,100,99916,100,100034,100,99899,100,100035,100,99890,100
2019-06-28 09:35:00.000000000,99985,538,99968,538,100004,100,99956,100,100010,100,99953,100,100012,100,99950,200,100017,100,99931,100,100026,100,99925,100,100027,100,99916,100,100034,100,99899,100,100035,100,99890,100,100041,100,99888,200
2019-06-28 09:35:10.000000000,99985,249,99968,249,100004,245,99956,245,100010,245,99953,245,100012,100,99950,200,100017,100,99931,100,100026,100,99925,100,100027,100,99916,100,100034,100,99899,100,100035,100,99890,100,100041,100,99888,200
2019-06-28 09:35:20.000000000,99985,210,99968,210,100004,210,99956,210,100010,210,99953,210,100012,210,99950,310,100017,100,99931,100,100026,100,99925,100,100027,100,99916,100,100034,100,99899,100,100035,100,99890,100,100041,100,99888,200
2019-06-28 09:35:20.836585750,99985,110,99968,210,100004,210,99956,210,100010,210,99953,210,100012,210,99950,310,100017,100,99931,100,100026,100,99925,100,100027,100,99916,100,100034,100,99899,100,100035,100,99890,100,100051,100,99888,200
2019-06-28 09:35:21.369116199,99985,10,99968,210,100004,210,99956,210,100010,210,99953,210,100012,210,99950,310,100017,100,99931,100,100026,100,99925,100,100027,100,99916,100,100034,100,99899,100,100035,100,99890,100,100051,100,99888,200
2019-06-28 09:35:27.206527505,100004,210,99985,90,100010,210,99968,210,100012,210,99956,210,100017,100,99953,210,100026,100,99950,310,100027,100,99931,100,100034,100,99925,100,100035,100,99916,100,100051,100,99899,100,100053,100,99890,100
2019-06-28 09:35:30.000000000,100004,319,99985,309,100010,319,99968,319,100012,100,99956,100,100017,100,99953,100,100026,100,99950,200,100027,100,99931,100,100034,100,99925,100,100035,100,99916,100,100051,100,99899,100,100053,100,99890,100
2019-06-28 09:35:32.464426568,100004,319,99985,409,100010,319,99968,319,100012,100,99956,100,100017,100,99953,100,100026,100,99950,200,100027,100,99931,100,100034,100,99925,100,100035,100,99916,100,100051,100,99899,100,100053,100,99890,100
2019-06-28 09:35:40.000000000,100004,319,99985,409,100010,319,99968,319,100012,100,99956,100,100017,100,99953,100,100026,100,99950,200,100027,100,99931,100,100034,100,99925,100,100035,100,99916,100,100051,100,99899,100,100053,100,99890,100
2019-06-28 09:35:50.000000000,100004,249,99985,339,100010,245,99968,245,100012,245,99956,245,100017,100,99953,100,100026,100,99950,200,100027,100,99931,100,100034,100,99925,100,100035,100,99916,100,100051,100,99899,100,100053,100,99890,100
2019-06-28 09:36:00.000000000,100004,249,99985,339,100010,245,99968,245,100012,245,99956,245,100017,100,99953,100,100026,100,99950,200,100027,100,99931,100,100034,100,99925,100,100035,100,99916,100,100051,100,99899,100,100053,100,99890,100
2019-06-28 09:36:08.230772196,100004,249,99985,339,100010,245,99968,245,100012,245,99956,245,100017,100,99953,100,100026,100,99950,200,100027,100,99931,100,100034,100,99925,100,100035,100,99916,100,100051,100,99899,100,100053,100,99890,100
2019-06-28 09:36:10.000000000,100004,249,99985,339,100010,245,99968,245,100012,245,99956,245,100017,100,99953,100,100026,100,99950,200,100027,100,99931,100,100034,100,99925,100,100035,100,99916,100,100051,100,99899,100,100053,100,99890,100
2019-06-28 09:36:20.000000000,100004,210,99985,300,100010,210,99968,210,100012,210,99956,210,100017,210,99953,210,100026,100,99950,200,100027,100,99931,100,100034,100,99925,100,100035,100,99916,100,100051,100,99899,100,100053,100,99890,100
2019-06-28 09:36:30.000000000,100004,538,99985,628,100010,100,99968,100,100012,100,99956,100,100017,100,99953,100,100026,100,99950,200,100027,100,99931,100,100034,100,99925,100,100035,100,99916,100,100051,100,99899,100,100053,100,99890,100
2019-06-28 09:36:36.115471380,100004,538,99985,638,100010,100,99968,100,100012,100,99956,100,100017,100,99953,100,100026,100,99950,200,100027,100,99931,100,100034,100,99925,100,100035,100,99916,100,100051,100,99899,100,100053,100,99890,100
2019-06-28 09:36:40.000000000,100004,210,99985,310,100010,210,99968,210,100012,210,99956,210,100017,210,99953,210,100026,100,99950,200,100027,100,99931,100,100034,100,99925,100,100035,100,99916,100,100051,100,99899,100,100053,100,99890,100
2019-06-28 09:36:43.660595183,100004,210,99988,100,100010,210,99985,310,100012,210,99968,210,100017,210,99956,210,100026,100,99953,210,100027,100,99950,200,100034,100,99931,100,100035,100,99925,100,100051,100,99916,100,100053,100,99899,100
2019-06-28 09:36:44.780812695,100004,110,99988,100,100010,210,99985,310,100012,210,99968,210,100017,210,99956,210,100026,100,99953,210,100027,100,99950,200,100034,100,99931,100,100035,100,99925,100,100051,100,99916,100,100053,100,99899,100
2019-06-28 09:36:50.000000000,100010,188,99988,188,100012,188,99985,288,100017,188,99968,188,100026,188,99956,188,100027,188,99953,188,100034,100,99950,200,100035,100,99931,100,100051,100,99925,100,100053,100,99916,100,100055,100,99899,100
2019-06-28 09:36:59.268615593,100010,188,99988,188,100012,188,99985,288,100017,188,99968,188,100026,188,99956,188,100027,188,99953,188,100034,100,99950,200,100035,100,99931,100,100051,100,99925,100,100053,100,99916,100,100055,100,99899,100
2019-06-28 09:37:00.000000000,100010,538,99988,538,100012,100,99985,200,100017,100,99968,100,100026,100,99956,100,100027,100,99953,100,100034,100,99950,200,100035,100,99931,100,100051,100,99925,100,100053,100,99916,100,100055,100,99899,100
2019-06-28 09:37:02.325219170,100010,438,99988,538,100012,100,99985,200,100017,100,99968,100,100026,100,99956,100,100027,100,99953,100,100034,100,99950,200,100035,100,99931,100,100051,100,99925,100,100053,100,99899,100,100055,100,99890,100
2019-06-28 09:37:08.493358325,100010,438,99988,538,100012,100,99985,200,100017,100,99968,100,100026,100,99956,100,100027,100,99953,100,100034,100,99950,200,100035,100,99931,100,100051,100,99925,100,100053,100,99899,100,100055,100,99890,100
2019-06-28 09:37:10.000000000,100012,249,99988,249,100017,245,99985,345,100026,245,99968,245,100027,100,99956,100,100034,100,99953,100,100035,100,99950,200,100051,100,99931,100,100053,100,99925,100,100055,100,99899,100,100073,100,99890,100
2019-06-28 09:37:20.000000000,100012,188,99988,188,100017,188,99985,288,100026,188,99968,188,100027,188,99956,188,100034,188,99953,188,100035,100,99950,200,100051,100,99931,100,100053,100,99925,100,100055,100,99899,100,100073,100,99890,100
2019-06-28 09:37:30.000000000,100012,319,99988,319,100017,319,99985,419,100026,100,99968,100,100027,100,99956,100,100034,100,99953,100,100035,100,99950,200,100051,100,99931,100,100053,100,99925,100,100055,100,99899,100,100073,100,99890,100
2019-06-28 09:37:30.966979094,100012,219,99988,319,100017,319,99985,419,100027,100,99968,100,100034,100,99956,100,100035,100,99953,100,100051,100,99950,200,100053,100,99931,100,100055,100,99925,100,100073,100,99899,100,100098,100,99890,100
2019-06-28 09:37:40.000000000,100017,538,99988,538,100027,100,99985,200,100034,100,99968,100,100035,100,99956,100,100051,100,99953,100,100053,100,99950,200,100055,100,99931,100,100073,100,99925,100,100098,100,99899,100,100110,100,99890,100
2019-06-28 09:37:40.810746660,100017,538,99988,538,100027,100,99985,200,100034,100,99968,100,100035,100,99956,100,100051,100,99953,100,100053,100,99950,200,100055,100,99931,100,100073,100,99925,100,100098,100,99899,100,100110,100,99890,100
2019-06-28 09:37:49.488296566,100017,538,100010,100,100027,100,99988,538,100034,100,99985,200,100035,100,99968,100,100051,100,99956,100,100053,100,99953,100,100055,100,99950,200,100073,100,99931,100,100098,100,99925,100,100110,100,99899,100
2019-06-28 09:37:50.000000000,100017,188,100010,188,100027,188,99988,188,100034,188,99985,288,100035,188,99968,188,100051,188,99956,188,100053,100,99953,100,100055,100,99950,200,100073,100,99931,100,100098,100,99925,100,100110,100,99899,100
2019-06-28 09:38:00.000000000,100017,319,100010,319,100027,319,99988,319,100034,100,99985,200,100035,100,99968,100,100051,100,99956,100,100053,100,99953,100,100055,100,99950,200,100073,100,99931,100,100098,100,99925,100,100110,100,99899,100
2019-06-28 09:38:10.000000000,100017,319,100010,319,100027,319,99988,319,100034,100,99985,200,100035,100,99968,100,100051,100,99956,100,100053,100,99953,100,100055,100,99950,200,100073,100,99931,100,100098,100,99925,100,100110,100,99899,100
2019-06-28 09:38:20.000000000,100017,319,100010,319,100027,319,99988,319,100034,100,99985,200,100035,100,99968,100,100051,100,99956,100,100053,100,99953,100,100055,100,99950,200,100073,100,99931,100,100098,100,99925,100,100110,100,99899,100
2019-06-28 09:38:30.000000000,100017,249,100010,249,100027,245,99988,245,100034,245,99985,345,100035,100,99968,100,100051,100,99956,100,100053,100,99953,100,100055,100,99950,200,100073,100,99931,100,100098,100,99925,100,100110,100,99899,100
2019-06-28 09:38:40.000000000,100017,538,100010,538,100027,100,99988,100,100034,100,99985,200,100035,100,99968,100,100051,100,99956,100,100053,100,99953,100,100055,100,99950,200,100073,100,99931,100,100098,100,99925,100,100110,100,99899,100
2019-06-28 09:38:47.897679060,100017,538,100010,638,100027,100,99988,100,100034,100,99985,100,100035,100,99968,100,100051,100,99956,100,100053,100,99953,100,100055,100,99950,200,100073,100,99931,100,100098,100,99925,100,100110,100,99899,100
2019-06-28 09:38:50.000000000,100017,188,100010,288,100027,188,99988,188,100034,188,99985,188,100035,188,99968,188,100051,188,99956,188,100053,100,99953,100,100055,100,99950,200,100073,100,99931,100,100098,100,99925,100,100110,100,99899,100
2019-06-28 09:38:53.587527122,100017,188,100010,288,100027,188,99988,188,100034,188,99985,188,100035,188,99968,188,100051,188,99956,188,100055,100,99953,100,100073,100,99950,200,100098,100,99931,100,100110,100,99925,100,100113,100,99899,100
2019-06-28 09:39:00.000000000,100017,210,100010,310,100027,210,99988,210,100034,210,99985,210,100035,210,99968,210,100051,100,99956,100,100055,100,99953,100,100073,100,99950,200,100098,100,99931,100,100110,100,99925,100,100113,100,99899,100
2019-06-28 09:39:08.377685561,100017,210,100010,410,100027,210,99988,210,100034,210,99985,210,100035,210,99968,210,100051,100,99956,100,100055,100,99953,100,100073,100,99950,200,100098,100,99931,100,100110,100,99925,100,100113,100,99899,100
2019-06-28 09:39:10.000000000,100017,538,100010,738,100027,100,99988,100,100034,100,99985,100,100035,100,99968,100,100051,100,99956,100,100055,100,99953,100,100073,100,99950,200,100098,100,99931,100,100110,100,99925,100,100113,100,99899,100
2019-06-28 09:39:14.506462246,100017,538,100010,838,100027,100,99988,100,100034,100,99985,100,100035,100,99968,100,100051,100,99956,100,100055,100,99953,100,100073,100,99950,200,100098,100,99931,100,100110,100,99925,100,100113,100,99899,100
2019-06-28 09:39:20.000000000,100017,188,100010,488,100027,188,99988,188,100034,188,99985,188,100035,188,99968,188,100051,188,99956,188,100055,100,99953,100,100073,100,99950,200,100098,100,99931,100,100110,100,99925,100,100113,100,99899,100
2019-06-28 09:39:30.000000000,100017,249,100010,549,100027,245,99988,245,100034,245,99985,245,100035,100,99968,100,100051,100,99956,100,100055,100,99953,100,100073,100,99950,200,100098,100,99931,100,100110,100,99925,100,100113,100,99899,100
2019-06-28 09:39:40.000000000,100017,319,100010,619,100027,319,99988,319,100034,100,99985,100,100035,100,99968,100,100051,100,99956,100,100055,100,99953,100,100073,100,99950,200,100098,100,99931,100,100110,100,99925,100,100113,100,99899,100
2019-06-28 09:39:40.915826555,100017,219,100010,619,100027,319,99988,319,100034,100,99985,100,100035,100,99968,100,100051,100,99956,100,100055,100,99953,100,100073,100,99950,200,100098,100,99931,100,100110,100,99925,100,100113,100,99899,100
2019-06-28 09:39:50.000000000,100027,319,100010,619,100034,319,99988,319,100035,100,99985,100,100051,100,99968,100,100055,100,99956,100,100073,100,99953,100,100098,100,99950,200,100110,100,99931,100,100113,100,99925,100,100115,100,99899,100
2019-06-28 09:39:53.237759206,100027,319,100010,619,100034,319,99988,319,100035,100,99985,100,100051,100,99968,100,100055,100,99956,100,100073,100,99953,100,100098,100,99950,200,100110,100,99931,100,100113,100,99925,100,100115,100,99899,100
2019-06-28 09:40:00.000000000,100027,249,100010,549,100034,245,99988,245,100035,245,99985,245,100051,100,99968,100,100055,100,99956,100,100073,100,99953,100,100098,100,99950,200,100110,100,99931,100,100113,100,99925,100,100115,100,99899,100
2019-06-28 09:40:10.000000000,100027,319,100010,619,100034,319,99988,319,100035,100,99985,100,100051,100,99968,100,100055,100,99956,100,100073,100,99953,100,100098,100,99950,200,100110,100,99931,100,100113,100,99925,100,100115,100,99899,100
2019-06-28 09:40:16.531485005,100027,319,100012,100,100034,319,100010,619,100035,100,99988,319,100051,100,99985,100,100055,100,99968,100,100073,100,99956,100,100098,100,99953,100,100110,100,99950,100,100113,100,99931,100,100115,100,99925,100
2019-06-28 09:40:18.586341208,100027,219,100012,100,100034,319,100010,619,100035,100,99988,319,100051,100,99985,100,100055,100,99968,100,100073,100,99956,100,100098,100,99953,100,100110,100,99950,100,100113,100,99931,100,100115,100,99925,100
2019-06-28 09:40:20.000000000,100034,210,100012,210,100035,210,100010,510,100051,210,99988,210,100055,210,99985,210,100073,100,99968,100,100098,100,99956,100,100110,100,99953,100,100113,100,99950,100,100115,100,99931,100,100267,100,99925,100
2019-06-28 09:40:27.076222865,100034,210,100012,210,100035,210,100010,510,100051,210,99988,210,100055,210,99985,210,100073,100,99968,100,100098,100,99956,100,100110,100,99953,100,100113,100,99950,100,100115,100,99931,100,100267,100,99925,100
2019-06-28 09:40:30.000000000,100034,210,100012,210,100035,210,100010,510,100051,210,99988,210,100055,210,99985,210,100073,100,99968,100,100098,100,99956,100,100110,100,99953,100,100113,100,99950,100,100115,100,99931,100,100267,100,99925,100
2019-06-28 09:40:31.845259856,100034,110,100012,210,100035,210,100010,510,100051,210,99988,210,100055,210,99985,210,100073,100,99968,100,100098,100,99956,100,100110,100,99953,100,100113,100,99950,100,100115,100,99931,100,100267,100,99925,100
2019-06-28 09:40:40.000000000,100035,538,100012,538,100051,100,100010,400,100055,100,99988,100,100073,100,99985,100,100098,100,99968,100,100110,100,99956,100,100113,100,99953,100,100115,100,99950,100,100267,100,99931,100,100443,100,99925,100
2019-06-28 09:40:50.000000000,100035,188,100012,188,100051,188,100010,488,100055,188,99988,188,100073,188,99985,188,100098,188,99968,188,100110,100,99956,100,100113,100,99953,100,100115,100,99950,100,100267,100,99931,100,100443,100,99925,100
2019-06-28 09:41:00.000000000,100035,210,100012,210,100051,210,100010,510,100055,210,99988,210,100073,210,99985,210,100098,100,99968,100,100110,100,99956,100,100113,100,99953,100,100115,100,99950,100,100267,100,99931,100,100443,100,99925,100
2019-06-28 09:41:07.949079211,100035,210,100012,210,100051,210,100010,510,100055,210,99988,210,100073,210,99985,210,100098,100,99968,100,100110,100,99956,100,100113,100,99953,100,100115,100,99950,100,100267,100,99931,100,100443,100,99925,100
2019-06-28 09:41:10.000000000,100035,249,100012,249,100051,245,100010,545,100055,245,99988,245,100073,100,99985,100,100098,100,99968,100,100110,100,99956,100,100113,100,99953,100,100115,100,99950,100,100267,100,99931,100,100443,100,99925,100
2019-06-28 09:41:20.000000000,100035,210,100012,210,100051,210,100010,510,100055,210,99988,210,100073,210,99985,210,100098,100,99968,100,100110,100,99956,100,100113,100,99953,100,100115,100,99950,100,100267,100,99931,100,100443,100,99925,100
2019-06-28 09:41:30.000000000,100035,319,100012,319,100051,319,100010,619,100055,100,99988,100,100073,100,99985,100,100098,100,99968,100,100110,100,99956,100,100113,100,99953,100,100115,100,99950,100,100267,100,99931,100,100443,100,99925,100
2019-06-28 09:41:31.635570091,100035,219,100012,319,100051,319,100010,619,100055,100,99988,100,100073,100,99985,100,100098,100,99968,100,100110,100,99956,100,100113,100,99953,100,100115,100,99950,100,100267,100,99931,100,100443,100,99925,100
2019-06-28 09:41:40.000000000,100051,319,100012,319,100055,319,100010,619,100073,100,99988,100,100098,100,99985,100,100110,100,99968,100,100113,100,99956,100,100115,100,99953,100,100267,100,99950,100,100443,100,99931,100,100632,100,99925,100
2019-06-28 09:41:50.000000000,100051,210,100012,210,100055,210,100010,510,100073,210,99988,210,100098,210,99985,210,100110,100,99968,100,100113,100,99956,100,100115,100,99953,100,100267,100,99950,100,100443,100,99931,100,100632,100,99925,100
2019-06-28 09:42:00.000000000,100051,319,100012,319,100055,319,100010,619,100073,100,99988,100,100098,100,99985,100,100110,100,99968,100,100113,100,99956,100,100115,100,99953,100,100267,100,99950,100,100443,100,99931,100,100632,100,99925,100
2019-06-28 09:42:05.798003074,100051,319,100012,319,100055,319,100010,619,100073,100,99988,100,100098,100,99985,100,100110,100,99968,100,100113,100,99956,100,100115,100,99953,100,100267,100,99950,100,100331,100,99931,100,100443,100,99925,100
2019-06-28 09:42:10.000000000,100051,538,100012,538,100055,100,100010,400,100073,100,99988,100,100098,100,99985,100,100110,100,99968,100,100113,100,99956,100,100115,100,99953,100,100267,100,99950,100,100331,100,99931,100,100443,100,99925,100
2019-06-28 09:42:20.000000000,100051,249,100012,249,100055,245,100010,545,100073,245,99988,245,100098,100,99985,100,100110,100,99968,100,100113,100,99956,100,100115,100,99953,100,100267,100,99950,100,100331,100,99931,100,100443,100,99925,100
2019-06-28 09:42:21.275849925,100051,249,100012,249,100055,245,100010,545,100073,245,99988,245,100098,100,99985,100,100110,100,99968,100,100113,100,99956,100,100115,100,99953,100,100267,100,99950,100,100331,100,99931,100,100434,100,99925,100
2019-06-28 09:42:25.676933178,100051,249,100012,249,100055,245,100010,545,100073,245,99988,245,100098,100,99985,100,100110,100,99968,100,100113,100,99956,100,100115,100,99953,100,100259,100,99950,100,100267,100,99931,100,100331,100,99925,100
2019-06-28 09:42:30.000000000,100051,210,100012,210,100055,210,100010,510,100073,210,99988,210,100098,210,99985,210,100110,100,99968,100,100113,100,99956,100,100115,100,99953,100,100259,100,99950,100,100267,100,99931,100,100331,100,99925,100
2019-06-28 09:42:40.000000000,100051,538,100012,538,100055,100,100010,400,100073,100,99988,100,100098,100,99985,100,100110,100,99968,100,100113,100,99956,100,100115,100,99953,100,100259,100,99950,100,100267,100,99931,100,100331,100,99925,100
2019-06-28 09:42:50.000000000,100051,319,100012,319,100055,319,100010,619,100073,100,99988,100,100098,100,99985,100,100110,100,99968,100,100113,100,99956,100,100115,100,99953,100,100259,100,99950,100,100267,100,99931,100,100331,100,99925,100
2019-06-28 09:42:51.452061897,100051,319,100034,100,100055,319,100012,319,100073,100,100010,619,100098,100,99988,100,100110,100,99985,100,100113,100,99968,100,100115,100,99956,100,100259,100,99953,100,100267,100,99950,100,100331,100,99931,100
2019-06-28 09:42:53.316527319,100051,219,100034,100,100055,319,100012,319,100073,100,100010,619,100098,100,99988,100,100110,100,99985,100,100113,100,99968,100,100115,100,99956,100,100259,100,99953,100,100267,100,99950,100,100331,100,99931,100
2019-06-28 09:42:53.456795703,100051,119,100034,100,100055,319,100012,319,100073,100,100010,619,100098,100,99988,100,100110,100,99985,100,100113,100,99968,100,100115,100,99956,100,100259,100,99953,100,100267,100,99950,100,100331,100,99931,100
2019-06-28 09:43:00.000000000,100055,210,100034,210,100073,210,100012,210,100098,210,100010,510,100110,210,99988,210,100113,100,99985,100,100115,100,99968,100,100259,100,99956,100,100267,100,99953,100,100331,100,99950,100,100434,100,99931,100
2019-06-28 09:43:10.000000000,100055,319,100034,319,100073,319,100012,319,100098,100,100010,400,100110,100,99988,100,100113,100,99985,100,100115,100,99968,100,100259,100,99956,100,100267,100,99953,100,100331,100,99950,100,100434,100,99931,100
2019-06-28 09:43:20.000000000,100055,319,100034,319,100073,319,100012,319,100098,100,100010,400,100110,100,99988,100,100113,100,99985,100,100115,100,99968,100,100259,100,99956,100,100267,100,99953,100,100331,100,99950,100,100434,100,99931,100
2019-06-28 09:43:20.400774189,100055,319,100034,319,100073,319,100012,319,100098,100,100010,400,100110,100,99988,100,100113,100,99985,100,100115,100,99968,100,100259,100,99956,100,100267,100,99953,100,100331,100,99952,100,100434,100,99950,100
2019-06-28 09:43:30.000000000,100055,210,100034,210,100073,210,100012,210,100098,210,100010,510,100110,210,99988,210,100113,100,99985,100,100115,100,99968,100,100259,100,99956,100,100267,100,99953,100,100331,100,99952,100,100434,100,99950,100
2019-06-28 09:43:40.000000000,100055,249,100034,249,100073,245,100012,245,100098,245,100010,545,100110,100,99988,100,100113,100,99985,100,100115,100,99968,100,100259,100,99956,100,100267,100,99953,100,100331,100,99952,100,100434,100,99950,100
2019-06-28 09:43:45.049932566,100055,249,100034,249,100073,245,100012,245,100098,245,100010,545,100110,100,99988,100,100113,100,99985,100,100115,100,99968,100,100259,100,99956,100,100267,100,99953,100,100331,100,99950,100,100434,100,99931,100
2019-06-28 09:43:50.000000000,100055,538,100034,538,100073,100,100012,100,100098,100,100010,400,100110,100,99988,100,100113,100,99985,100,100115,100,99968,100,100259,100,99956,100,100267,100,99953,100,100331,100,99950,100,100434,100,99931,100
2019-06-28 09:44:00.000000000,100055,249,100034,249,100073,245,100012,245,100098,245,100010,545,100110,100,99988,100,100113,100,99985,100,100115,100,99968,100,100259,100,99956,100,100267,100,99953,100,100331,100,99950,100,100434,100,99931,100
2019-06-28 09:44:10.000000000,100055,319,100034,319,100073,319,100012,319,100098,100,100010,400,100110,100,99988,100,100113,100,99985,100,100115,100,99968,100,100259,100,99956,100,100267,100,99953,100,100331,100,99950,100,100434,100,99931,100
2019-06-28 09:44:15.833617606,100055,319,100034,319,100067,100,100012,319,100073,319,100010,400,100098,100,99988,100,100110,100,99985,100,100113,100,99968,100,100115,100,99956,100,100267,100,99953,100,100331,100,99950,100,100434,100,99931,100
2019-06-28 09:44:20.000000000,100055,188,100034,188,100067,188,100012,188,100073,188,100010,488,100098,188,99988,188,100110,188,99985,188,100113,100,99968,100,100115,100,99956,100,100267,100,99953,100,100331,100,99950,100,100434,100,99931,100
2019-06-28 09:44:23.469584840,100055,188,100034,188,100067,188,100012,188,100073,188,100010,488,100098,188,99988,188,100110,188,99985,188,100113,100,99968,100,100115,100,99956,100,100267,100,99953,100,100331,100,99950,100,100434,100,99931,100
2019-06-28 09:44:27.921748528,100050,100,100034,188,100055,188,100012,188,100067,188,100010,488,100073,188,99988,188,100098,188,99985,188,100110,188,99968,100,100113,100,99956,100,100115,100,99953,100,100267,100,99950,100,100331,100,99931,100
2019-06-28 09:44:28.170778532,100050,100,100034,188,100055,188,100012,188,100067,188,100010,488,100073,188,99988,188,100098,188,99985,188,100110,188,99968,100,100113,100,99956,100,100115,100,99953,100,100267,100,99950,100,100331,100,99931,100
2019-06-28 09:44:30.000000000,100050,210,100034,210,100055,210,100012,210,100067,210,100010,510,100073,210,99988,210,100098,100,99985,100,100110,100,99968,100,100113,100,99956,100,100115,100,99953,100,100267,100,99950,100,100331,100,99931,100
2019-06-28 09:44:40.000000000,100050,319,100034,319,100055,319,100012,319,100067,100,100010,400,100073,100,99988,100,100098,100,99985,100,100110,100,99968,100,100113,100,99956,100,100115,100,99953,100,100267,100,99950,100,100331,100,99931,100
2019-06-28 09:44:50.000000000,100050,538,100034,538,100055,100,100012,100,100067,100,100010,400,100073,100,99988,100,100098,100,99985,100,100110,100,99968,100,100113,100,99956,100,100115,100,99953,100,100267,100,99950,100,100331,100,99931,100
2019-06-28 09:45:00.000000000,100050,319,100034,319,100055,319,100012,319,100067,100,100010,400,100073,100,99988,100,100098,100,99985,100,100110,100,99968,100,100113,100,99956,100,100115,100,99953,100,100267,100,99950,100,100331,100,99931,100
2019-06-28 09:45:10.000000000,100050,249,100034,249,100055,245,100012,245,100067,245,100010,545,100073,100,99988,100,100098,100,99985,100,100110,100,99968,100,100113,100,99956,100,100115,100,99953,100,100267,100,99950,100,100331,100,99931,100
2019-06-28 09:45:20.000000000,100050,188,100034,188,100055,188,100012,188,100067,188,100010,488,100073,188,99988,188,100098,188,99985,188,100110,100,99968,100,100113,100,99956,100,100115,100,99953,100,100267,100,99950,100,100331,100,99931,100
2019-06-28 09:45:30.000000000,100050,210,100034,210,100055,210,100012,210,100067,210,100010,510,100073,210,99988,210,100098,100,99985,100,100110,100,99968,100,100113,100,99956,100,100115,100,99953,100,100267,100,99950,100,100331,100,99931,100
2019-06-28 09:45:40.000000000,100050,538,100034,538,100055,100,100012,100,100067,100,100010,400,100073,100,99988,100,100098,100,99985,100,100110,100,99968,100,100113,100,99956,100,100115,100,99953,100,100267,100,99950,100,100331,100,99931,100
2019-06-28 09:45:50.000000000,100050,538,100034,538,100055,100,100012,100,100067,100,100010,400,100073,100,99988,100,100098,100,99985,100,100110,100,99968,100,100113,100,99956,100,100115,100,99953,100,100267,100,99950,100,100331,100,99931,100
2019-06-28 09:45:50.717988896,100050,538,100034,538,100055,100,100012,100,100067,100,100010,300,100073,100,99988,100,100098,100,99985,100,100110,100,99968,100,100113,100,99956,100,100115,100,99953,100,100267,100,99950,100,100331,100,99931,100
2019-06-28 09:45:58.927901941,100050,638,100034,438,100055,100,100012,100,100067,100,100010,300,100073,100,99988,100,100098,100,99985,100,100110,100,99968,100,100113,100,99956,100,100115,100,99953,100,100267,100,99950,100,100331,100,99931,100
2019-06-28 09:46:00.000000000,100050,419,100012,319,100055,319,100010,519,100067,100,99988,100,100073,100,99985,100,100098,100,99968,100,100110,100,99956,100,100113,100,99953,100,100115,100,99950,100,100267,100,99931,100,100331,100,99927,100
2019-06-28 09:46:10.000000000,100050,288,100012,188,100055,188,100010,388,100067,188,99988,188,100073,188,99985,188,100098,188,99968,188,100110,100,99956,100,100113,100,99953,100,100115,100,99950,100,100267,100,99931,100,100331,100,99927,100
2019-06-28 09:46:10.690475094,100050,288,100012,88,100055,188,100010,388,100067,188,99988,188,100073,188,99985,188,100098,188,99968,188,100110,100,99956,100,100113,100,99950,100,100115,100,99931,100,100267,100,99927,100,100331,100,99925,100
2019-06-28 09:46:20.000000000,100050,419,100010,519,100055,319,99988,319,100067,100,99985,100,100073,100,99968,100,100098,100,99956,100,100110,100,99950,100,100113,100,99931,100,100115,100,99927,100,100267,100,99925,100,100331,100,99899,100
2019-06-28 09:46:24.242394595,100050,319,100010,519,100055,319,99988,319,100067,100,99985,100,100073,100,99968,100,100098,100,99956,100,100110,100,99950,100,100113,100,99931,100,100115,100,99927,100,100267,100,99925,100,100331,100,99899,100
2019-06-28 09:46:27.792158855,100050,319,100010,419,100055,319,99988,319,100067,100,99985,100,100073,100,99968,100,100098,100,99956,100,100110,100,99950,100,100113,100,99931,100,100115,100,99927,100,100267,100,99899,100,100331,100,99890,100
2019-06-28 09:46:30.000000000,100050,188,100010,288,100055,188,99988,188,100067,188,99985,188,100073,188,99968,188,100098,188,99956,188,100110,100,99950,100,100113,100,99931,100,100115,100,99927,100,100267,100,99899,100,100331,100,99890,100
2019-06-28 09:46:36.205171772,100050,188,100010,188,100055,188,99988,188,100067,188,99985,188,100073,188,99968,188,100098,188,99956,188,100110,100,99950,100,100113,100,99931,100,100115,100,99927,100,100267,100,99899,100,100331,100,99890,100
2019-06-28 09:46:40.000000000,100050,319,100010,319,100055,319,99988,319,100067,100,99985,100,100073,100,99968,100,100098,100,99956,100,100110,100,99950,100,100113,100,99931,100,100115,100,99927,100,100267,100,99899,100,100331,100,99890,100
2019-06-28 09:46:50.000000000,100050,249,100010,249,100055,245,99988,245,100067,245,99985,245,100073,100,99968,100,100098,100,99956,100,100110,100,99950,100,100113,100,99931,100,100115,100,99927,100,100267,100,99899,100,100331,100,99890,100
2019-06-28 09:46:53.783670083,100050,249,100010,249,100055,245,99988,245,100067,245,99985,245,100073,100,99968,100,100098,100,99956,100,100110,100,99950,100,100113,100,99931,100,100115,100,99927,100,100267,100,99899,100,100331,100,99890,100
2019-06-28 09:47:00.000000000,100050,249,100010,249,100055,245,99988,245,100067,245,99985,245,100073,100,99968,100,100098,100,99956,100,100110,100,99950,100,100113,100,99931,100,100115,100,99927,100,100267,100,99899,100,100331,100,99890,100
2019-06-28 09:47:10.000000000,100050,319,100010,319,100055,319,99988,319,100067,100,99985,100,100073,100,99968,100,100098,100,99956,100,100110,100,99950,100,100113,100,99931,100,100115,100,99927,100,100267,100,99899,100,100331,100,99890,100
2019-06-28 09:47:15.954245643,100050,319,100010,319,100055,319,99988,319,100067,100,99985,100,100073,100,99968,100,100098,100,99956,100,100110,100,99950,100,100113,100,99931,100,100115,100,99927,100,100267,100,99899,100,100331,100,99890,100
2019-06-28 09:47:16.005721352,100050,319,100010,219,100055,319,99988,319,100067,100,99985,100,100073,100,99968,100,100098,100,99956,100,100110,100,99950,100,100113,100,99931,100,100115,100,99927,100,100267,100,99899,100,100331,100,99890,100
2019-06-28 09:47:20.000000000,100050,210,99988,210,100055,210,99985,210,100067,210,99968,210,100073,210,99956,210,100098,100,99950,100,100110,100,99931,100,100113,100,99927,100,100115,100,99899,100,100267,100,99890,100,100331,100,99881,100
2019-06-28 09:47:29.505063329,100010,100,99988,210,100050,210,99985,210,100055,210,99968,210,100067,210,99956,210,100073,210,99950,100,100098,100,99931,100,100110,100,99927,100,100113,100,99899,100,100115,100,99890,100,100267,100,99881,100
2019-06-28 09:47:30.000000000,100010,210,99988,210,100050,210,99985,210,100055,210,99968,210,100067,210,99956,210,100073,100,99950,100,100098,100,99931,100,100110,100,99927,100,100113,100,99899,100,100115,100,99890,100,100267,100,99881,100
2019-06-28 09:47:40.000000000,100010,319,99988,319,100050,319,99985,319,100055,100,99968,100,100067,100,99956,100,100073,100,99950,100,100098,100,99931,100,100110,100,99927,100,100113,100,99899,100,100115,100,99890,100,100267,100,99881,100
2019-06-28 09:47:40.297946518,100010,419,99988,319,100050,319,99985,319,100055,100,99968,100,100067,100,99956,100,100073,100,99950,100,100098,100,99931,100,100110,100,99927,100,100113,100,99899,100,100115,100,99890,100,100267,100,99881,100
2019-06-28 09:47:50.000000000,100010,349,99988,249,100050,245,99985,245,100055,245,99968,245,100067,100,99956,100,100073,100,99950,100,100098,100,99931,100,100110,100,99927,100,100113,100,99899,100,100115,100,99890,100,100267,100,99881,100
2019-06-28 09:48:00.000000000,100010,349,99988,249,100050,245,99985,245,100055,245,99968,245,100067,100,99956,100,100073,100,99950,100,100098,100,99931,100,100110,100,99927,100,100113,100,99899,100,100115,100,99890,100,100267,100,99881,100
2019-06-28 09:48:09.713352941,100010,349,99988,249,100050,245,99985,245,100055,245,99968,245,100067,100,99956,100,100073,100,99950,100,100098,100,99931,100,100107,100,99927,100,100110,100,99899,100,100113,100,99890,100,100115,100,99881,100
2019-06-28 09:48:10.000000000,100010,310,99988,210,100050,210,99985,210,100055,210,99968,210,100067,210,99956,210,100073,100,99950,100,100098,100,99931,100,100107,100,99927,100,100110,100,99899,100,100113,100,99890,100,100115,100,99881,100
2019-06-28 09:48:13.963113409,100010,310,99988,210,100050,210,99985,210,100055,210,99968,210,100067,210,99956,210,100073,100,99950,100,100098,100,99931,100,100107,100,99927,100,100110,100,99899,100,100113,100,99890,100,100115,100,99881,100
2019-06-28 09:48:20.000000000,100010,349,99988,249,100050,245,99985,245,100055,245,99968,245,100067,100,99956,100,100073,100,99950,100,100098,100,99931,100,100107,100,99927,100,100110,100,99899,100,100113,100,99890,100,100115,100,99881,100
2019-06-28 09:48:30.000000000,100010,419,99988,319,100050,319,99985,319,100055,100,99968,100,100067,100,99956,100,100073,100,99950,100,100098,100,99931,100,100107,100,99927,100,100110,100,99899,100,100113,100,99890,100,100115,100,99881,100
2019-06-28 09:48:40.000000000,100010,419,99988,319,100050,319,99985,319,100055,100,99968,100,100067,100,99956,100,100073,100,99950,100,100098,100,99931,100,100107,100,99927,100,100110,100,99899,100,100113,100,99890,100,100115,100,99881,100
2019-06-28 09:48:48.791186180,100010,419,99988,219,100050,319,99985,319,100067,100,99968,100,100073,100,99956,100,100098,100,99950,100,100107,100,99931,100,100110,100,99927,100,100113,100,99899,100,100115,100,99890,100,100130,100,99881,100
2019-06-28 09:48:50.000000000,100010,349,99985,249,100050,245,99968,245,100067,245,99956,245,100073,100,99950,100,100098,100,99931,100,100107,100,99927,100,100110,100,99899,100,100113,100,99890,100,100115,100,99881,100,100130,100,99858,100
2019-06-28 09:49:00.000000000,100010,288,99985,188,100050,188,99968,188,100067,188,99956,188,100073,188,99950,188,100098,188,99931,188,100107,100,99927,100,100110,100,99899,100,100113,100,99890,100,100115,100,99881,100,100130,100,99858,100
2019-06-28 09:49:10.000000000,100010,638,99985,538,100050,100,99968,100,100067,100,99956,100,100073,100,99950,100,100098,100,99931,100,100107,100,99927,100,100110,100,99899,100,100113,100,99890,100,100115,100,99881,100,100130,100,99858,100
2019-06-28 09:49:13.029641809,100010,638,99985,538,100067,100,99968,100,100073,100,99956,100,100098,100,99950,100,100107,100,99931,100,100110,100,99927,100,100113,100,99899,100,100115,100,99890,100,100130,100,99881,100,100267,100,99858,100
2019-06-28 09:49:20.000000000,100010,310,99985,210,100067,210,99968,210,100073,210,99956,210,100098,210,99950,210,100107,100,99931,100,100110,100,99927,100,100113,100,99899,100,100115,100,99890,100,100130,100,99881,100,100267,100,99858,100
2019-06-28 09:49:23.802447387,100010,310,99985,210,100067,210,99968,210,100073,210,99956,210,100098,210,99950,210,100107,100,99931,100,100110,100,99927,100,100113,100,99899,100,100115,100,99890,100,100130,100,99881,100,100202,100,99858,100
2019-06-28 09:49:26.616850786,100010,310,99985,210,100067,210,99968,210,100073,210,99956,210,100098,210,99950,210,100107,100,99931,100,100110,100,99927,200,100113,100,99899,100,100115,100,99890,100,100130,100,99881,100,100202,100,99858,100
2019-06-28 09:49:30.000000000,100010,349,99985,249,100067,245,99968,245,100073,245,99956,245,100098,100,99950,100,100107,100,99931,100,100110,100,99927,200,100113,100,99899,100,100115,100,99890,100,100130,100,99881,100,100202,100,99858,100
2019-06-28 09:49:30.433231803,100010,349,99985,249,100067,245,99968,245,100073,245,99956,245,100098,100,99950,100,100107,100,99931,100,100110,100,99927,200,100113,100,99899,100,100115,100,99890,100,100130,100,99881,100,100202,100,99858,100
2019-06-28 09:49:35.512275099,100010,349,99985,249,100067,245,99968,245,100073,245,99956,245,100098,100,99931,100,100107,100,99927,200,100110,100,99899,100,100113,100,99890,100,100115,100,99881,100,100130,100,99858,100,100202,100,99852,100
2019-06-28 09:49:38.215337195,100010,349,99985,249,100067,245,99968,245,100073,245,99956,245,100098,100,99927,200,100107,100,99899,100,100110,100,99890,100,100113,100,99881,100,100115,100,99858,100,100130,100,99852,100,100202,100,99841,100
2019-06-28 09:49:40.000000000,100010,310,99985,210,100067,210,99968,210,100073,210,99956,210,100098,210,99927,310,100107,100,99899,100,100110,100,99890,100,100113,100,99881,100,100115,100,99858,100,100130,100,99852,100,100202,100,99841,100
2019-06-28 09:49:50.000000000,100010,288,99985,188,100067,188,99968,188,100073,188,99956,188,100098,188,99927,288,100107,188,99899,188,100110,100,99890,100,100113,100,99881,100,100115,100,99858,100,100130,100,99852,100,100202,100,99841,100
2019-06-28 09:49:56.503095175,100010,188,99985,188,100067,188,99968,188,100073,188,99956,188,100098,188,99927,288,100107,188,99899,188,100110,100,99890,100,100113,100,99881,100,100115,100,99858,100,100130,100,99852,100,100202,100,99841,100
2019-06-28 09:50:00.000000000,100010,319,99985,319,100067,319,99968,319,100073,100,99956,100,100098,100,99927,200,100107,100,99899,100,100110,100,99890,100,100113,100,99881,100,100115,100,99858,100,100130,100,99852,100,100202,100,99841,100
2019-06-28 09:50:09.416639981,100010,219,99985,319,100067,319,99968,319,100073,100,99956,100,100098,100,99927,200,100107,100,99899,100,100110,100,99890,100,100113,100,99881,100,100115,100,99858,100,100130,100,99852,100,100202,100,99841,100
2019-06-28 09:50:10.000000000,100067,249,99985,249,100073,245,99968,245,100098,245,99956,245,100107,100,99927,200,100110,100,99899,100,100113,100,99890,100,100115,100,99881,100,100130,100,99858,100,100202,100,99852,100,100218,100,99841,100
2019-06-28 09:50:12.349473680,100067,249,100010,100,100073,245,99985,249,100098,245,99968,245,100107,100,99956,245,100110,100,99927,200,100113,100,99899,100,100115,100,99890,100,100130,100,99881,100,100202,100,99858,100,100218,100,99852,100
2019-06-28 09:50:20.000000000,100067,538,100010,538,100073,100,99985,100,100098,100,99968,100,100107,100,99956,100,100110,100,99927,200,100113,100,99899,100,100115,100,99890,100,100130,100,99881,100,100202,100,99858,100,100218,100,99852,100
2019-06-28 09:50:27.186526171,100067,438,100010,538,100073,100,99985,100,100098,100,99968,100,100110,100,99956,100,100113,100,99927,200,100115,100,99899,100,100130,100,99890,100,100202,100,99881,100,100218,100,99858,100,100264,100,99852,100
2019-06-28 09:50:30.000000000,100073,210,100010,210,100098,210,99985,210,100110,210,99968,210,100113,210,99956,210,100115,100,99927,200,100130,100,99899,100,100202,100,99890,100,100218,100,99881,100,100264,100,99858,100,100267,100,99852,100
2019-06-28 09:50:33.837457615,100073,110,100010,210,100098,210,99985,210,100110,210,99968,210,100113,110,99956,210,100115,100,99927,200,100130,100,99899,100,100202,100,99890,100,100218,100,99881,100,100264,100,99858,100,100267,100,99852,100
2019-06-28 09:50:40.000000000,100098,249,100010,249,100110,245,99985,245,100115,245,99968,245,100130,100,99956,100,100202,100,99927,200,100218,100,99899,100,100264,100,99890,100,100267,100,99881,100,100280,100,99858,100,100443,100,99852,100
2019-06-28 09:50:50.000000000,100098,319,100010,319,100110,319,99985,319,100115,100,99968,100,100130,100,99956,100,100202,100,99927,200,100218,100,99899,100,100264,100,99890,100,100267,100,99881,100,100280,100,99858,100,100443,100,99852,100
2019-06-28 09:50:50.653585329,100073,100,100010,319,100098,319,99985,319,100110,319,99968,100,100115,100,99956,100,100130,100,99927,200,100202,100,99890,100,100218,100,99881,100,100264,100,99858,100,100267,100,99852,100,100280,100,99841,100
2019-06-28 09:50:58.703122199,100073,100,100010,319,100098,319,99985,319,100110,319,99968,100,100115,100,99956,100,100130,100,99927,200,100202,100,99890,100,100218,100,99881,100,100264,100,99858,100,100267,100,99852,100,100280,100,99841,100
2019-06-28 09:51:00.000000000,100073,319,100010,319,100098,319,99985,319,100110,100,99968,100,100115,100,99956,100,100130,100,99927,200,100202,100,99890,100,100218,100,99881,100,100264,100,99858,100,100267,100,99852,100,100280,100,99841,100
2019-06-28 09:51:10.000000000,100073,210,100010,210,100098,210,99985,210,100110,210,99968,210,100115,210,99956,210,100130,100,99927,200,100202,100,99890,100,100218,100,99881,100,100264,100,99858,100,100267,100,99852,100,100280,100,99841,100
2019-06-28 09:51:20.000000000,100073,538,100010,538,100098,100,99985,100,100110,100,99968,100,100115,100,99956,100,100130,100,99927,200,100202,100,99890,100,100218,100,99881,100,100264,100,99858,100,100267,100,99852,100,100280,100,99841,100
2019-06-28 09:51:21.557744024,100066,100,100010,538,100073,538,99985,100,100098,100,99968,100,100110,100,99956,100,100115,100,99927,200,100130,100,99890,100,100202,100,99881,100,100218,100,99858,100,100264,100,99852,100,100267,100,99841,100
2019-06-28 09:51:30.000000000,100066,188,100010,188,100073,188,99985,188,100098,188,99968,188,100110,188,99956,188,100115,188,99927,288,100130,100,99890,100,100202,100,99881,100,100218,100,99858,100,100264,100,99852,100,100267,100,99841,100
2019-06-28 09:51:40.000000000,100066,249,100010,249,100073,245,99985,245,100098,245,99968,245,100110,100,99956,100,100115,100,99927,200,100130,100,99890,100,100202,100,99881,100,100218,100,99858,100,100264,100,99852,100,100267,100,99841,100
2019-06-28 09:51:46.860071359,100066,249,100010,249,100073,245,99985,245,100098,245,99968,245,100110,100,99956,100,100115,100,99927,200,100130,100,99890,100,100202,100,99881,100,100218,100,99858,100,100264,100,99852,100,100267,100,99841,100
2019-06-28 09:51:50.000000000,100066,249,100010,249,100073,245,99985,245,100098,245,99968,245,100110,100,99956,100,100115,100,99927,200,100130,100,99890,100,100202,100,99881,100,100218,100,99858,100,100264,100,99852,100,100267,100,99841,100
2019-06-28 09:52:00.000000000,100066,249,100010,249,100073,245,99985,245,100098,245,99968,245,100110,100,99956,100,100115,100,99927,200,100130,100,99890,100,100202,100,99881,100,100218,100,99858,100,100264,100,99852,100,100267,100,99841,100
2019-06-28 09:52:08.529023749,100066,249,100010,249,100073,245,99985,245,100098,245,99968,245,100110,100,99956,100,100115,100,99927,200,100130,100,99890,100,100202,100,99881,100,100218,100,99858,100,100264,100,99841,100,100267,100,99823,100
2019-06-28 09:52:10.000000000,100066,249,100010,249,100073,245,99985,245,100098,245,99968,245,100110,100,99956,100,100115,100,99927,200,100130,100,99890,100,100202,100,99881,100,100218,100,99858,100,100264,100,99841,100,100267,100,99823,100
2019-06-28 09:52:20.000000000,100066,249,100010,249,100073,245,99985,245,100098,245,99968,245,100110,100,99956,100,100115,100,99927,200,100130,100,99890,100,100202,100,99881,100,100218,100,99858,100,100264,100,99841,100,100267,100,99823,100
2019-06-28 09:52:25.307558688,100066,249,100010,149,100073,245,99985,245,100098,245,99968,245,100110,100,99956,100,100115,100,99927,200,100130,100,99890,100,100202,100,99881,100,100218,100,99858,100,100264,100,99841,100,100267,100,99823,100
2019-06-28 09:52:30.000000000,100066,319,99985,319,100073,319,99968,319,100098,100,99956,100,100110,100,99927,200,100115,100,99890,100,100130,100,99881,100,100202,100,99858,100,100218,100,99841,100,100264,100,99823,100,100267,100,99822,100
2019-06-28 09:52:40.000000000,100066,188,99985,188,100073,188,99968,188,100098,188,99956,188,100110,188,99927,288,100115,188,99890,188,100130,100,99881,100,100202,100,99858,100,100218,100,99841,100,100264,100,99823,100,100267,100,99822,100
2019-06-28 09:52:44.183588053,100065,100,99985,188,100066,188,99968,188,100073,188,99956,188,100098,188,99927,288,100110,88,99890,188,100115,188,99881,100,100130,100,99858,100,100202,100,99841,100,100218,100,99823,100,100264,100,99822,100
2019-06-28 09:52:50.000000000,100065,249,99985,249,100066,245,99968,245,100073,245,99956,245,100098,100,99927,200,100115,100,99890,100,100130,100,99881,100,100202,100,99858,100,100218,100,99841,100,100264,100,99823,100,100267,100,99822,100
2019-06-28 09:52:59.714525337,100065,349,99985,249,100066,245,99968,245,100073,245,99956,245,100098,100,99927,200,100115,100,99890,100,100130,100,99881,100,100202,100,99858,100,100218,100,99841,100,100264,100,99823,100,100267,100,99822,100
2019-06-28 09:53:00.000000000,100065,419,99985,319,100066,319,99968,319,100073,100,99956,100,100098,100,99927,200,100115,100,99890,100,100130,100,99881,100,100202,100,99858,100,100218,100,99841,100,100264,100,99823,100,100267,100,99822,100
2019-06-28 09:53:10.000000000,100065,310,99985,210,100066,210,99968,210,100073,210,99956,210,100098,210,99927,310,100115,100,99890,100,100130,100,99881,100,100202,100,99858,100,100218,100,99841,100,100264,100,99823,100,100267,100,99822,100
2019-06-28 09:53:20.000000000,100065,288,99985,188,100066,188,99968,188,100073,188,99956,188,100098,188,99927,288,100115,188,99890,188,100130,100,99881,100,100202,100,99858,100,100218,100,99841,100,100264,100,99823,100,100267,100,99822,100
2019-06-28 09:53:30.000000000,100065,310,99985,210,100066,210,99968,210,100073,210,99956,210,100098,210,99927,310,100115,100,99890,100,100130,100,99881,100,100202,100,99858,100,100218,100,99841,100,100264,100,99823,100,100267,100,99822,100
2019-06-28 09:53:40.000000000,100065,638,99985,538,100066,100,99968,100,100073,100,99956,100,100098,100,99927,200,100115,100,99890,100,100130,100,99881,100,100202,100,99858,100,100218,100,99841,100,100264,100,99823,100,100267,100,99822,100
2019-06-28 09:53:48.626679902,100065,638,99985,438,100066,100,99968,100,100073,100,99956,100,100098,100,99927,200,100115,100,99890,100,100130,100,99881,100,100202,100,99858,100,100218,100,99841,100,100264,100,99823,100,100267,100,99822,100
2019-06-28 09:53:50.000000000,100065,288,99968,188,100066,188,99956,188,100073,188,99927,288,100098,188,99890,188,100115,188,99881,188,100130,100,99858,100,100202,100,99841,100,100218,100,99823,100,100264,100,99822,100,100267,100,99760,100
2019-06-28 09:54:00.000000000,100065,419,99968,319,100066,319,99956,319,100073,100,99927,200,100098,100,99890,100,100115,100,99881,100,100130,100,99858,100,100202,100,99841,100,100218,100,99823,100,100264,100,99822,100,100267,100,99760,100
2019-06-28 09:54:01.767427571,100065,319,99968,319,100066,319,99956,319,100073,100,99927,200,100098,100,99890,100,100115,100,99881,100,100130,100,99858,100,100202,100,99841,100,100218,100,99823,100,100264,100,99822,100,100267,100,99760,100
2019-06-28 09:54:10.000000000,100065,188,99968,188,100066,188,99956,188,100073,188,99927,288,100098,188,99890,188,100115,188,99881,188,100130,100,99858,100,100202,100,99841,100,100218,100,99823,100,100264,100,99822,100,100267,100,99760,100
2019-06-28 09:54:11.188800709,100065,188,99968,188,100066,188,99956,188,100073,188,99927,288,100098,188,99890,188,100115,188,99881,188,100130,100,99858,100,100202,100,99841,100,100218,100,99823,100,100264,100,99822,100,100267,100,99743,100
2019-06-28 09:54:20.000000000,100065,319,99968,319,100066,319,99956,319,100073,100,99927,200,100098,100,99890,100,100115,100,99881,100,100130,100,99858,100,100202,100,99841,100,100218,100,99823,100,100264,100,99822,100,100267,100,99743,100
2019-06-28 09:54:26.545058303,100065,319,99968,319,100066,319,99956,319,100073,100,99927,200,100098,100,99890,100,100115,100,99881,100,100130,100,99858,100,100202,100,99841,100,100218,100,99823,100,100264,100,99822,100,100267,100,99743,100
2019-06-28 09:54:30.000000000,100065,188,99968,188,100066,188,99956,188,100073,188,99927,288,100098,188,99890,188,100115,188,99881,188,100130,100,99858,100,100202,100,99841,100,100218,100,99823,100,100264,100,99822,100,100267,100,99743,100
2019-06-28 09:54:37.836595525,100065,188,99968,188,100066,188,99956,188,100073,188,99927,288,100098,188,99890,188,100115,188,99881,188,100130,100,99858,100,100202,100,99841,100,100218,100,99823,100,100264,100,99822,100,100267,100,99743,100
2019-06-28 09:54:40.000000000,100065,249,99968,249,100066,245,99956,245,100073,245,99927,345,100098,100,99890,100,100115,100,99881,100,100130,100,99858,100,100202,100,99841,100,100218,100,99823,100,100264,100,99822,100,100267,100,99743,100
2019-06-28 09:54:43.286307944,100065,249,99968,149,100066,245,99956,245,100073,245,99927,345,100098,100,99890,100,100115,100,99881,100,100130,100,99858,100,100202,100,99841,100,100218,100,99823,100,100264,100,99822,100,100267,100,99743,100
2019-06-28 09:54:50.000000000,100065,319,99956,319,100066,319,99927,419,100073,100,99890,100,100098,100,99881,100,100115,100,99858,100,100130,100,99841,100,100202,100,99823,100,100218,100,99822,100,100264,100,99743,100,100267,100,99497,100
2019-06-28 09:55:00.000000000,100065,249,99956,249,100066,245,99927,345,100073,245,99890,245,100098,100,99881,100,100115,100,99858,100,100130,100,99841,100,100202,100,99823,100,100218,100,99822,100,100264,100,99743,100,100267,100,99497,100
2019-06-28 09:55:10.000000000,100065,210,99956,210,100066,210,99927,310,100073,210,99890,210,100098,210,99881,210,100115,100,99858,100,100130,100,99841,100,100202,100,99823,100,100218,100,99822,100,100264,100,99743,100,100267,100,99497,100
2019-06-28 09:55:20.000000000,100065,249,99956,249,100066,245,99927,345,100073,245,99890,245,100098,100,99881,100,100115,100,99858,100,100130,100,99841,100,100202,100,99823,100,100218,100,99822,100,100264,100,99743,100,100267,100,99497,100
2019-06-28 09:55:20.678747140,100065,249,99956,149,100066,245,99927,345,100073,245,99890,245,100098,100,99881,100,100115,100,99858,100,100130,100,99841,100,100202,100,99823,100,100218,100,99822,100,100264,100,99743,100,100280,100,99497,100
2019-06-28 09:55:26.696516830,100065,249,99956,49,100066,245,99927,345,100073,145,99890,245,100098,100,99881,100,100115,100,99858,100,100130,100,99841,100,100202,100,99823,100,100218,100,99822,100,100264,100,99743,100,100280,100,99497,100
2019-06-28 09:55:30.000000000,100065,188,99927,288,100066,188,99890,188,100098,188,99881,188,100115,188,99858,188,100130,188,99841,188,100202,100,99823,100,100218,100,99822,100,100264,100,99743,100,100280,100,99497,100,100632,100,99253,100
2019-06-28 09:55:40.000000000,100065,319,99927,419,100066,319,99890,319,100098,100,99881,100,100115,100,99858,100,100130,100,99841,100,100202,100,99823,100,100218,100,99822,100,100264,100,99743,100,100280,100,99497,100,100632,100,99253,100
2019-06-28 09:55:50.000000000,100065,538,99927,638,100066,100,99890,100,100098,100,99881,100,100115,100,99858,100,100130,100,99841,100,100202,100,99823,100,100218,100,99822,100,100264,100,99743,100,100280,100,99497,100,100632,100,99253,100
2019-06-28 09:56:00.000000000,100065,210,99927,310,100066,210,99890,210,100098,210,99881,210,100115,210,99858,210,100130,100,99841,100,100202,100,99823,100,100218,100,99822,100,100264,100,99743,100,100280,100,99497,100,100632,100,99253,100
2019-06-28 09:56:06.053590315,100065,210,99927,210,100066,210,99890,210,100098,210,99881,210,100115,210,99858,210,100130,100,99841,100,100202,100,99823,100,100264,100,99822,100,100280,100,99743,100,100632,100,99497,100,101005,100,99253,100
2019-06-28 09:56:10.000000000,100065,249,99927,249,100066,245,99890,245,100098,245,99881,245,100115,100,99858,100,100130,100,99841,100,100202,100,99823,100,100264,100,99822,100,100280,100,99743,100,100632,100,99497,100,101005,100,99253,100
2019-06-28 09:56:16.590169881,100065,249,99927,149,100066,245,99890,245,100098,245,99881,245,100115,100,99858,100,100130,100,99841,100,100202,100,99823,100,100264,100,99822,100,100280,100,99743,100,100632,100,99497,100,101005,100,99234,100
2019-06-28 09:56:20.000000000,100065,210,99890,210,100066,210,99881,210,100098,210,99858,210,100115,210,99841,210,100130,100,99823,100,100202,100,99822,100,100264,100,99743,100,100280,100,99497,100,100632,100,99234,100,101005,100,99168,100
2019-06-28 09:56:30.000000000,100065,210,99890,210,100066,210,99881,210,100098,210,99858,210,100115,210,99841,210,100130,100,99823,100,100202,100,99822,100,100264,100,99743,100,100280,100,99497,100,100632,100,99234,100,101005,100,99168,100
2019-06-28 09:56:30.123986943,100065,210,99890,110,100066,210,99881,210,100098,210,99858,210,100115,210,99841,210,100130,100,99823,100,100202,100,99822,100,100264,100,99743,100,100280,100,99497,100,100632,100,99234,100,101005,100,99168,100
2019-06-28 09:56:34.959325295,100065,210,99890,10,100066,210,99881,210,100098,210,99858,210,100115,210,99841,210,100130,100,99823,100,100202,100,99822,100,100264,100,99743,100,100280,100,99497,100,100632,100,99234,100,101005,100,99168,100
2019-06-28 09:56:36.318530275,99890,90,99881,210,100065,210,99858,210,100066,210,99841,210,100098,210,99823,100,100115,210,99822,100,100130,100,99743,100,100202,100,99497,100,100264,100,99234,100,100280,100,99168,100,100632,100,99117,100
2019-06-28 09:56:40.000000000,99890,309,99881,319,100065,319,99858,319,100066,100,99841,100,100098,100,99823,100,100115,100,99822,100,100130,100,99743,100,100202,100,99497,100,100264,100,99234,100,100280,100,99168,100,100632,100,99117,100
2019-06-28 09:56:50.000000000,99890,239,99881,249,100065,245,99858,245,100066,245,99841,245,100098,100,99823,100,100115,100,99822,100,100130,100,99743,100,100202,100,99497,100,100264,100,99234,100,100280,100,99168,100,100632,100,99117,100
2019-06-28 09:57:00.000000000,99890,309,99881,319,100065,319,99858,319,100066,100,99841,100,100098,100,99823,100,100115,100,99822,100,100130,100,99743,100,100202,100,99497,100,100264,100,99234,100,100280,100,99168,100,100632,100,99117,100
2019-06-28 09:57:03.784895278,99890,319,99881,319,100065,319,99858,319,100066,100,99841,100,100098,100,99823,100,100115,100,99822,100,100130,100,99743,100,100202,100,99497,100,100264,100,99234,100,100280,100,99168,100,100632,100,99117,100
2019-06-28 09:57:10.000000000,99890,538,99881,538,100065,100,99858,100,100066,100,99841,100,100098,100,99823,100,100115,100,99822,100,100130,100,99743,100,100202,100,99497,100,100264,100,99234,100,100280,100,99168,100,100632,100,99117,100
2019-06-28 09:57:20.000000000,99890,319,99881,319,100065,319,99858,319,100066,100,99841,100,100098,100,99823,100,100115,100,99822,100,100130,100,99743,100,100202,100,99497,100,100264,100,99234,100,100280,100,99168,100,100632,100,99117,100
2019-06-28 09:57:30.000000000,99890,188,99881,188,100065,188,99858,188,100066,188,99841,188,100098,188,99823,188,100115,188,99822,188,100130,100,99743,100,100202,100,99497,100,100264,100,99234,100,100280,100,99168,100,100632,100,99117,100
2019-06-28 09:57:40.000000000,99890,188,99881,188,100065,188,99858,188,100066,188,99841,188,100098,188,99823,188,100115,188,99822,188,100130,100,99743,100,100202,100,99497,100,100264,100,99234,100,100280,100,99168,100,100632,100,99117,100
2019-06-28 09:57:46.468361069,99890,188,99881,188,100065,188,99858,188,100066,188,99841,188,100098,188,99823,188,100115,188,99822,188,100130,100,99743,100,100202,100,99497,100,100280,100,99234,100,100632,100,99168,100,101005,100,99117,100
2019-06-28 09:57:50.000000000,99890,210,99881,210,100065,210,99858,210,100066,210,99841,210,100098,210,99823,210,100115,100,99822,100,100130,100,99743,100,100202,100,99497,100,100280,100,99234,100,100632,100,99168,100,101005,100,99117,100
2019-06-28 09:57:51.750421052,99890,210,99881,210,100065,210,99858,210,100066,210,99841,210,100098,210,99823,210,100115,100,99822,100,100130,100,99743,100,100202,100,99497,100,100280,100,99234,100,100632,100,99168,100,101005,100,99117,100
2019-06-28 09:57:53.229397532,99890,210,99881,110,100065,210,99858,210,100066,210,99841,210,100098,210,99823,210,100115,100,99822,100,100130,100,99743,100,100202,100,99497,100,100280,100,99234,100,100632,100,99168,100,101005,100,99117,100
2019-06-28 09:58:00.000000000,99890,319,99858,319,100065,319,99841,319,100066,100,99823,100,100098,100,99822,100,100115,100,99743,100,100130,100,99497,100,100202,100,99234,100,100280,100,99168,100,100632,100,99117,100,101005,100,99077,100
2019-06-28 09:58:10.000000000,99890,210,99858,210,100065,210,99841,210,100066,210,99823,210,100098,210,99822,210,100115,100,99743,100,100130,100,99497,100,100202,100,99234,100,100280,100,99168,100,100632,100,99117,100,101005,100,99077,100
2019-06-28 09:58:20.000000000,99890,319,99858,319,100065,319,99841,319,100066,100,99823,100,100098,100,99822,100,100115,100,99743,100,100130,100,99497,100,100202,100,99234,100,100280,100,99168,100,100632,100,99117,100,101005,100,99077,100
2019-06-28 09:58:22.847230409,99890,319,99858,319,100065,319,99841,319,100066,100,99823,100,100098,100,99822,100,100115,100,99743,100,100130,100,99497,100,100202,100,99168,100,100280,100,99117,100,100632,100,99077,100,101005,100,98734,100
2019-06-28 09:58:23.826975939,99890,319,99858,219,100065,319,99841,319,100066,100,99823,100,100098,100,99822,100,100115,100,99743,100,100130,100,99497,100,100202,100,99168,100,100280,100,99117,100,100632,100,99077,100,101005,100,98734,100
2019-06-28 09:58:30.000000000,99890,538,99841,538,100065,100,99823,100,100066,100,99822,100,100098,100,99743,100,100115,100,99497,100,100130,100,99168,100,100202,100,99117,100,100280,100,99077,100,100632,100,98734,100,101005,100,98489,100
2019-06-28 09:58:40.000000000,99890,249,99841,249,100065,245,99823,245,100066,245,99822,245,100098,100,99743,100,100115,100,99497,100,100130,100,99168,100,100202,100,99117,100,100280,100,99077,100,100632,100,98734,100,101005,100,98489,100
2019-06-28 09:58:50.000000000,99890,538,99841,538,100065,100,99823,100,100066,100,99822,100,100098,100,99743,100,100115,100,99497,100,100130,100,99168,100,100202,100,99117,100,100280,100,99077,100,100632,100,98734,100,101005,100,98489,100
2019-06-28 09:59:00.000000000,99890,249,99841,249,100065,245,99823,245,100066,245,99822,245,100098,100,99743,100,100115,100,99497,100,100130,100,99168,100,100202,100,99117,100,100280,100,99077,100,100632,100,98734,100,101005,100,98489,100
2019-06-28 09:59:01.385033017,99881,100,99841,249,99890,249,99823,245,100065,245,99822,245,100066,245,99743,100,100098,100,99497,100,100115,100,99168,100,100130,100,99117,100,100202,100,99077,100,100280,100,98734,100,100632,100,98489,100
2019-06-28 09:59:03.969440445,99881,200,99841,249,99890,249,99823,245,100065,245,99822,245,100066,245,99743,100,100098,100,99497,100,100115,100,99168,100,100130,100,99117,100,100202,100,99077,100,100280,100,98734,100,100632,100,98489,100
2019-06-28 09:59:10.000000000,99881,419,99841,319,99890,319,99823,319,100065,100,99822,100,100066,100,99743,100,100098,100,99497,100,100115,100,99168,100,100130,100,99117,100,100202,100,99077,100,100280,100,98734,100,100632,100,98489,100
2019-06-28 09:59:16.638460517,99881,419,99841,219,99890,319,99823,319,100065,100,99822,100,100066,100,99743,100,100098,100,99497,100,100115,100,99168,100,100130,100,99117,100,100202,100,99077,100,100280,100,98734,100,100632,100,98489,100
2019-06-28 09:59:20.000000000,99881,638,99823,538,99890,100,99822,100,100065,100,99743,100,100066,100,99497,100,100098,100,99168,100,100115,100,99117,100,100130,100,99077,100,100202,100,98734,100,100280,100,98489,100,100632,100,,
2019-06-28 09:59:21.624245090,99881,638,99823,438,99890,100,99822,100,100065,100,99743,100,100066,100,99497,100,100098,100,99168,100,100115,100,99117,100,100130,100,99077,100,100202,100,98734,100,100280,100,98489,100,100632,100,,
2019-06-28 09:59:30.000000000,99881,638,99822,538,99890,100,99743,100,100065,100,99497,100,100066,100,99168,100,100098,100,99117,100,100115,100,99077,100,100130,100,98734,100,100202,100,98489,100,100280,100,,,100632,100,,
2019-06-28 09:59:40.000000000,99881,349,99822,249,99890,245,99743,245,100065,245,99497,245,100066,100,99168,100,100098,100,99117,100,100115,100,99077,100,100130,100,98734,100,100202,100,98489,100,100280,100,,,100632,100,,
2019-06-28 09:59:43.671718056,99841,100,99822,249,99881,349,99743,245,99890,245,99497,245,100065,245,99168,100,100066,100,99117,100,100098,100,99077,100,100115,100,98734,100,100130,100,98489,100,100202,100,,,100280,100,,
2019-06-28 09:59:50.000000000,99841,319,99822,319,99881,419,99743,319,99890,100,99497,100,100065,100,99168,100,100066,100,99117,100,100098,100,99077,100,100115,100,98734,100,100130,100,98489,100,100202,100,,,100280,100,,
2019-06-28 09:59:57.388816859,99841,319,99822,219,99881,419,99743,319,99890,100,99497,100,100065,100,99168,100,100066,100,99117,100,100098,100,99077,100,100115,100,98734,100,100130,100,98489,100,100202,100,,,100280,100,,
2019-06-28 10:00:00.000000000,99841,188,99743,188,99881,288,99497,188,99890,188,99168,188,100065,188,99117,188,100066,188,99077,188,100098,100,98734,100,100115,100,98489,100,100130,100,,,100202,100,,,100280,100,,
2019-06-28 10:00:02.886840114,99841,188,99743,188,99881,288,99497,188,99890,188,99168,188,100065,188,99117,188,100066,188,99077,188,100098,100,98734,100,100115,100,98708,100,100130,100,98489,100,100202,100,,,100280,100,,
2019-06-28 10:00:04.192516918,99841,188,99743,188,99881,288,99497,188,99890,188,99168,188,100065,188,99117,188,100066,188,99077,188,100098,100,98734,100,100115,100,98708,100,100130,100,98577,100,100202,100,98489,100,100632,100,,
2019-06-28 10:00:10.000000000,99841,319,99743,319,99881,419,99497,319,99890,100,99168,100,100065,100,99117,100,100066,100,99077,100,100098,100,98734,100,100115,100,98708,100,100130,100,98577,100,100202,100,98489,100,100632,100,,
2019-06-28 10:00:20.000000000,99841,538,99743,538,99881,200,99497,100,99890,100,99168,100,100065,100,99117,100,100066,100,99077,100,100098,100,98734,100,100115,100,98708,100,100130,100,98577,100,100202,100,98489,100,100632,100,,
2019-06-28 10:00:30.000000000,99841,538,99743,538,99881,200,99497,100,99890,100,99168,100,100065,100,99117,100,100066,100,99077,100,100098,100,98734,100,100115,100,98708,100,100130,100,98577,100,100202,100,98489,100,100632,100,,
2019-06-28 10:00:40.000000000,99841,188,99743,188,99881,288,99497,188,99890,188,99168,188,100065,188,99117,188,100066,188,99077,188,100098,100,98734,100,100115,100,98708,100,100130,100,98577,100,100202,100,98489,100,100632,100,,
2019-06-28 10:00:50.000000000,99841,249,99743,249,99881,345,99497,245,99890,245,99168,245,100065,100,99117,100,100066,100,99077,100,100098,100,98734,100,100115,100,98708,100,100130,100,98577,100,100202,100,98489,100,100632,100,,
2019-06-28 10:01:00.000000000,99841,249,99743,249,99881,345,99497,245,99890,245,99168,245,100065,100,99117,100,100066,100,99077,100,100098,100,98734,100,100115,100,98708,100,100130,100,98577,100,100202,100,98489,100,100632,100,,
2019-06-28 10:01:10.000000000,99841,319,99743,319,99881,419,99497,319,99890,100,99168,100,100065,100,99117,100,100066,100,99077,100,100098,100,98734,100,100115,100,98708,100,100130,100,98577,100,100202,100,98489,100,100632,100,,
2019-06-28 10:01:20.000000000,99841,319,99743,319,99881,419,99497,319,99890,100,99168,100,100065,100,99117,100,100066,100,99077,100,100098,100,98734,100,100115,100,98708,100,100130,100,98577,100,100202,100,98489,100,100632,100,,
2019-06-28 10:01:30.000000000,99841,319,99743,319,99881,419,99497,319,99890,100,99168,100,100065,100,99117,100,100066,100,99077,100,100098,100,98734,100,100115,100,98708,100,100130,100,98577,100,100202,100,98489,100,100632,100,,
2019-06-28 10:01:32.867509936,99841,319,99743,219,99881,419,99497,319,99890,100,99168,100,100065,100,99117,100,100066,100,99077,100,100098,100,98734,100,100115,100,98708,100,100130,100,98577,100,100202,100,98489,100,100632,100,,
2019-06-28 10:01:33.636977327,99841,319,99743,119,99881,419,99497,319,99890,100,99168,100,100065,100,99117,100,100066,100,99077,100,100098,100,98734,100,100115,100,98708,100,100130,100,98577,100,100202,100,98489,100,100632,100,,
2019-06-28 10:01:40.000000000,99841,210,99497,210,99881,310,99168,210,99890,210,99117,210,100065,210,99077,210,100066,100,98734,100,100098,100,98708,100,100115,100,98577,100,100130,100,98489,100,100202,100,,,100632,100,,
2019-06-28 10:01:42.387651475,99743,100,99497,210,99841,210,99168,210,99881,310,99117,210,99890,210,99077,210,100065,210,98734,100,100066,100,98708,100,100098,100,98577,100,100115,100,98489,100,100130,100,,,100202,100,,
2019-06-28 10:01:50.000000000,99743,188,99497,188,99841,188,99168,188,99881,288,99117,188,99890,188,99077,188,100065,188,98734,188,100066,100,98708,100,100098,100,98577,100,100115,100,98489,100,100130,100,,,100202,100,,
2019-06-28 10:02:00.000000000,99743,249,99497,249,99841,245,99168,245,99881,345,99117,245,99890,100,99077,100,100065,100,98734,100,100066,100,98708,100,100098,100,98577,100,100115,100,98489,100,100130,100,,,100202,100,,
2019-06-28 10:02:10.000000000,99743,188,99497,188,99841,188,99168,188,99881,288,99117,188,99890,188,99077,188,100065,188,98734,188,100066,100,98708,100,100098,100,98577,100,100115,100,98489,100,100130,100,,,100202,100,,
2019-06-28 10:02:14.166698160,99743,188,99497,188,99841,188,99168,188,99881,288,99117,188,99890,188,99077,188,100065,188,98734,188,100066,100,98708,100,100098,100,98590,100,100115,100,98577,100,100130,100,98489,100,100202,100,,
2019-06-28 10:02:20.000000000,99743,249,99497,249,99841,245,99168,245,99881,345,99117,245,99890,100,99077,100,100065,100,98734,100,100066,100,98708,100,100098,100,98590,100,100115,100,98577,100,100130,100,98489,100,100202,100,,
2019-06-28 10:02:24.239471299,99743,249,99497,249,99841,245,99168,245,99881,345,99117,245,99890,100,99077,100,100065,100,98734,100,100066,100,98708,100,100098,100,98590,100,100115,100,98577,100,100130,100,98551,100,100202,100,98489,100
2019-06-28 10:02:27.862448130,99743,249,99497,149,99841,245,99168,245,99881,345,99117,145,99890,100,99077,100,100065,100,98734,100,100066,100,98708,100,100098,100,98590,100,100115,100,98577,100,100130,100,98551,100,100202,100,98489,100
2019-06-28 10:02:30.000000000,99743,188,99168,188,99841,188,99077,188,99881,288,98734,188,99890,188,98708,188,100065,188,98590,188,100066,100,98577,100,100098,100,98551,100,100115,100,98489,100,100130,100,,,100202,100,,
2019-06-28 10:02:40.000000000,99743,249,99168,249,99841,245,99077,245,99881,345,98734,245,99890,100,98708,100,100065,100,98590,100,100066,100,98577,100,100098,100,98551,100,100115,100,98489,100,100130,100,,,100202,100,,
2019-06-28 10:02:41.788786356,99743,249,99168,249,99841,245,99077,245,99881,345,98734,245,99890,100,98708,100,100065,100,98671,100,100066,100,98590,100,100098,100,98577,100,100115,100,98551,100,100130,100,98489,100,100202,100,,
2019-06-28 10:02:50.000000000,99743,319,99168,319,99841,319,99077,319,99881,200,98734,100,99890,100,98708,100,100065,100,98671,100,100066,100,98590,100,100098,100,98577,100,100115,100,98551,100,100130,100,98489,100,100202,100,,
2019-06-28 10:02:51.494161691,99743,319,99168,219,99841,319,99077,319,99881,200,98734,100,99890,100,98708,100,100065,100,98671,100,100066,100,98590,100,100098,100,98577,100,100115,100,98551,100,100130,100,98489,100,100202,100,,
2019-06-28 10:03:00.000000000,99743,319,99077,319,99841,319,98734,319,99881,200,98708,100,99890,100,98671,100,100065,100,98590,100,100066,100,98577,100,100098,100,98551,100,100115,100,98489,100,100130,100,,,100202,100,,
2019-06-28 10:03:10.000000000,99743,210,99077,210,99841,210,98734,210,99881,310,98708,210,99890,210,98671,210,100065,100,98590,100,100066,100,98577,100,100098,100,98551,100,100115,100,98489,100,100130,100,,,100202,100,,
2019-06-28 10:03:17.724505004,99743,210,99077,210,99841,210,99067,100,99881,310,98734,210,99890,210,98708,210,100065,100,98671,210,100066,100,98590,100,100098,100,98577,100,100115,100,98551,100,100130,100,98489,100,100202,100,,
2019-06-28 10:03:20.000000000,99743,538,99077,538,99841,100,99067,100,99881,200,98734,100,99890,100,98708,100,100065,100,98671,100,100066,100,98590,100,100098,100,98577,100,100115,100,98551,100,100130,100,98489,100,100202,100,,
2019-06-28 10:03:25.123568913,99101,100,99077,538,99743,538,99067,100,99841,100,98734,100,99881,200,98708,100,99890,100,98671,100,100065,100,98590,100,100066,100,98577,100,100098,100,98551,100,100115,100,98489,100,100130,100,,
2019-06-28 10:03:26.953766330,99101,100,99077,438,99743,538,99067,100,99841,100,98734,100,99881,200,98708,100,99890,100,98671,100,100065,100,98590,100,100066,100,98577,100,100098,100,98551,100,100115,100,98489,100,100130,100,,
2019-06-28 10:03:28.881256578,99101,100,99077,438,99168,100,99067,100,99743,538,98734,100,99841,100,98708,100,99881,200,98671,100,99890,100,98590,100,100065,100,98577,100,100066,100,98551,100,100098,100,98489,100,100115,100,,
2019-06-28 10:03:30.000000000,99101,249,99067,249,99168,245,98734,245,99743,245,98708,245,99841,100,98671,100,99881,200,98590,100,99890,100,98577,100,100065,100,98551,100,100066,100,98489,100,100098,100,,,100115,100,,
2019-06-28 10:03:32.256728274,99101,249,99067,249,99168,345,98734,245,99743,245,98708,245,99841,100,98671,100,99881,200,98590,100,99890,100,98577,100,100065,100,98551,100,100066,100,98489,100,100098,100,,,100115,100,,
2019-06-28 10:03:35.151762245,99101,249,99067,249,99168,345,98819,100,99743,245,98734,245,99841,100,98708,245,99881,200,98671,100,99890,100,98590,100,100065,100,98577,100,100066,100,98551,100,100098,100,98489,100,100115,100,,
2019-06-28 10:03:40.000000000,99101,188,99067,188,99168,288,98819,188,99743,188,98734,188,99841,188,98708,188,99881,288,98671,188,99890,100,98590,100,100065,100,98577,100,100066,100,98551,100,100098,100,98489,100,100115,100,,
2019-06-28 10:03:50.000000000,99101,319,99067,319,99168,419,98819,319,99743,100,98734,100,99841,100,98708,100,99881,200,98671,100,99890,100,98590,100,100065,100,98577,100,100066,100,98551,100,100098,100,98489,100,100115,100,,
2019-06-28 10:03:57.075976988,99101,319,99067,319,99168,419,98819,319,99174,100,98734,100,99743,100,98708,100,99841,100,98671,100,99881,200,98590,100,99890,100,98577,100,100065,100,98489,100,100066,100,,,100098,100,,
2019-06-28 10:04:00.000000000,99101,319,99067,319,99168,419,98819,319,99174,100,98734,100,99743,100,98708,100,99841,100,98671,100,99881,200,98590,100,99890,100,98577,100,100065,100,98489,100,100066,100,,,100098,100,,
2019-06-28 10:04:10.000000000,99101,188,99067,188,99168,288,98819,188,99174,188,98734,188,99743,188,98708,188,99841,188,98671,188,99881,200,98590,100,99890,100,98577,100,100065,100,98489,100,100066,100,,,100098,100,,
2019-06-28 10:04:20.000000000,99101,538,99067,538,99168,200,98819,100,99174,100,98734,100,99743,100,98708,100,99841,100,98671,100,99881,200,98590,100,99890,100,98577,100,100065,100,98489,100,100066,100,,,100098,100,,
2019-06-28 10:04:30.000000000,99101,319,99067,319,99168,419,98819,319,99174,100,98734,100,99743,100,98708,100,99841,100,98671,100,99881,200,98590,100,99890,100,98577,100,100065,100,98489,100,100066,100,,,100098,100,,
2019-06-28 10:04:40.000000000,99101,538,99067,538,99168,200,98819,100,99174,100,98734,100,99743,100,98708,100,99841,100,98671,100,99881,200,98590,100,99890,100,98577,100,100065,100,98489,100,100066,100,,,100098,100,,
2019-06-28 10:04:45.162077564,99101,538,99067,538,99168,200,98819,100,99174,100,98734,100,99841,100,98708,100,99881,200,98671,100,99890,100,98590,100,100065,100,98577,100,100066,100,98489,100,100098,100,,,100115,100,,
2019-06-28 10:04:50.000000000,99101,210,99067,210,99168,310,98819,210,99174,210,98734,210,99841,210,98708,210,99881,200,98671,100,99890,100,98590,100,100065,100,98577,100,100066,100,98489,100,100098,100,,,100115,100,,
2019-06-28 10:05:00.000000000,99101,538,99067,538,99168,200,98819,100,99174,100,98734,100,99841,100,98708,100,99881,200,98671,100,99890,100,98590,100,100065,100,98577,100,100066,100,98489,100,100098,100,,,100115,100,,
2019-06-28 10:05:01.156332692,99101,538,99067,538,99168,200,98819,100,99174,100,98734,100,99522,100,98708,100,99841,100,98671,100,99881,200,98590,100,99890,100,98577,100,100065,100,98489,100,100066,100,,,100098,100,,
2019-06-28 10:05:10.000000000,99101,538,99067,538,99168,200,98819,100,99174,100,98734,100,99522,100,98708,100,99841,100,98671,100,99881,200,98590,100,99890,100,98577,100,100065,100,98489,100,100066,100,,,100098,100,,
2019-06-28 10:05:20.000000000,99101,319,99067,319,99168,419,98819,319,99174,100,98734,100,99522,100,98708,100,99841,100,98671,100,99881,200,98590,100,99890,100,98577,100,100065,100,98489,100,100066,100,,,100098,100,,
2019-06-28 10:05:25.997200545,99101,219,99067,319,99168,419,98819,319,99174,100,98708,100,99522,100,98671,100,99841,100,98590,100,99881,200,98577,100,99890,100,98489,100,100065,100,,,100066,100,,,100098,100,,
2019-06-28 10:05:30.000000000,99168,349,99067,249,99174,245,98819,245,99522,245,98708,245,99841,100,98671,100,99881,200,98590,100,99890,100,98577,100,100065,100,98489,100,100066,100,,,100098,100,,,100115,100,,
2019-06-28 10:05:40.000000000,99168,310,99067,210,99174,210,98819,210,99522,210,98708,210,99841,210,98671,210,99881,200,98590,100,99890,100,98577,100,100065,100,98489,100,100066,100,,,100098,100,,,100115,100,,
2019-06-28 10:05:50.000000000,99168,419,99067,319,99174,319,98819,319,99522,100,98708,100,99841,100,98671,100,99881,200,98590,100,99890,100,98577,100,100065,100,98489,100,100066,100,,,100098,100,,,100115,100,,
2019-06-28 10:05:50.685579097,99168,419,99067,319,99174,319,98819,319,99420,100,98708,100,99522,100,98671,100,99841,100,98590,100,99881,200,98577,100,99890,100,98489,100,100065,100,,,100066,100,,,100098,100,,
2019-06-28 10:05:52.767225898,99168,419,99067,319,99174,319,98819,319,99420,100,98708,100,99522,100,98671,100,99585,100,98590,100,99841,100,98577,100,99881,200,98489,100,99890,100,,,100065,100,,,100066,100,,
2019-06-28 10:06:00.000000000,99168,419,99067,319,99174,319,98819,319,99420,100,98708,100,99522,100,98671,100,99585,100,98590,100,99841,100,98577,100,99881,200,98489,100,99890,100,,,100065,100,,,100066,100,,
2019-06-28 10:06:06.829630084,99168,319,99067,319,99174,319,98819,319,99420,100,98708,100,99522,100,98671,100,99585,100,98590,100,99841,100,98577,100,99881,200,98489,100,99890,100,,,100065,100,,,100066,100,,
2019-06-28 10:06:10.000000000,99168,249,99067,249,99174,245,98819,245,99420,245,98708,245,99522,100,98671,100,99585,100,98590,100,99841,100,98577,100,99881,200,98489,100,99890,100,,,100065,100,,,100066,100,,
2019-06-28 10:06:16.325633814,99168,249,99067,249,99174,245,98819,245,99420,245,98708,245,99498,100,98671,100,99522,100,98590,100,99585,100,98577,100,99841,100,98489,100,99881,200,,,99890,100,,,100065,100,,
2019-06-28 10:06:20.000000000,99168,319,99067,319,99174,319,98819,319,99420,100,98708,100,99498,100,98671,100,99522,100,98590,100,99585,100,98577,100,99841,100,98489,100,99881,200,,,99890,100,,,100065,100,,
2019-06-28 10:06:20.835897996,99168,319,99101,100,99174,319,99067,319,99420,100,98819,319,99498,100,98708,100,99522,100,98671,100,99585,100,98590,100,99841,100,98577,100,99881,100,98489,100,99890,100,,,100065,100,,
2019-06-28 10:06:27.142101337,99168,319,99101,100,99174,319,99067,319,99402,100,98819,319,99420,100,98708,100,99498,100,98671,100,99522,100,98590,100,99585,100,98489,100,99841,100,,,99881,100,,,99890,100,,
2019-06-28 10:06:30.000000000,99168,249,99101,249,99174,245,99067,245,99402,245,98819,245,99420,100,98708,100,99498,100,98671,100,99522,100,98590,100,99585,100,98489,100,99841,100,,,99881,100,,,99890,100,,
2019-06-28 10:06:40.000000000,99168,538,99101,538,99174,100,99067,100,99402,100,98819,100,99420,100,98708,100,99498,100,98671,100,99522,100,98590,100,99585,100,98489,100,99841,100,,,99881,100,,,99890,100,,
2019-06-28 10:06:50.000000000,99168,319,99101,319,99174,319,99067,319,99402,100,98819,100,99420,100,98708,100,99498,100,98671,100,99522,100,98590,100,99585,100,98489,100,99841,100,,,99881,100,,,99890,100,,
2019-06-28 10:07:00.000000000,99168,210,99101,210,99174,210,99067,210,99402,210,98819,210,99420,210,98708,210,99498,100,98671,100,99522,100,98590,100,99585,100,98489,100,99841,100,,,99881,100,,,99890,100,,
2019-06-28 10:07:09.793510134,99168,210,99101,210,99174,210,99067,210,99402,110,98819,210,99420,210,98708,210,99498,100,98671,100,99522,100,98590,100,99524,100,98489,100,99585,100,,,99841,100,,,99881,100,,
2019-06-28 10:07:10.000000000,99168,188,99101,188,99174,188,99067,188,99420,188,98819,188,99498,188,98708,188,99522,188,98671,188,99524,100,98590,100,99585,100,98489,100,99841,100,,,99881,100,,,99890,100,,
2019-06-28 10:07:14.753609764,99168,88,99101,188,99174,188,99067,188,99420,188,98819,188,99498,188,98708,188,99522,188,98671,188,99524,100,98590,100,99585,100,98489,100,99841,100,,,99881,100,,,99890,100,,
2019-06-28 10:07:20.000000000,99174,249,99101,249,99420,245,99067,245,99498,245,98819,245,99522,100,98708,100,99524,100,98671,100,99585,100,98590,100,99841,100,98489,100,99881,100,,,99890,100,,,100065,100,,
2019-06-28 10:07:23.106268732,99174,249,99101,249,99420,245,99067,245,99498,245,98819,245,99522,100,98708,100,99524,100,98671,100,99585,100,98590,100,99694,100,98489,100,99841,100,,,99881,100,,,99890,100,,
2019-06-28 10:07:30.000000000,99174,210,99101,210,99420,210,99067,210,99498,210,98819,210,99522,210,98708,210,99524,100,98671,100,99585,100,98590,100,99694,100,98489,100,99841,100,,,99881,100,,,99890,100,,
2019-06-28 10:07:40.000000000,99174,210,99101,210,99420,210,99067,210,99498,210,98819,210,99522,210,98708,210,99524,100,98671,100,99585,100,98590,100,99694,100,98489,100,99841,100,,,99881,100,,,99890,100,,
2019-06-28 10:07:50.000000000,99174,538,99101,538,99420,100,99067,100,99498,100,98819,100,99522,100,98708,100,99524,100,98671,100,99585,100,98590,100,99694,100,98489,100,99841,100,,,99881,100,,,99890,100,,
2019-06-28 10:08:00.000000000,99174,319,99101,319,99420,319,99067,319,99498,100,98819,100,99522,100,98708,100,99524,100,98671,100,99585,100,98590,100,99694,100,98489,100,99841,100,,,99881,100,,,99890,100,,
2019-06-28 10:08:10.000000000,99174,319,99101,319,99420,319,99067,319,99498,100,98819,100,99522,100,98708,100,99524,100,98671,100,99585,100,98590,100,99694,100,98489,100,99841,100,,,99881,100,,,99890,100,,
2019-06-28 10:08:10.478113461,99174,219,99101,319,99420,319,99067,319,99498,100,98819,100,99522,100,98708,100,99524,100,98671,100,99585,100,98590,100,99694,100,98489,100,99841,100,,,99881,100,,,99890,100,,
2019-06-28 10:08:20.000000000,99420,249,99101,249,99498,245,99067,245,99522,245,98819,245,99524,100,98708,100,99585,100,98671,100,99694,100,98590,100,99841,100,98489,100,99881,100,,,99890,100,,,100065,100,,
2019-06-28 10:08:24.828012274,99420,249,99101,249,99498,245,99067,245,99522,245,98819,245,99524,100,98708,100,99585,100,98671,100,99694,100,98590,100,99789,100,98489,100,99841,100,,,99881,100,,,99890,100,,
2019-06-28 10:08:27.014145137,99420,149,99101,249,99498,245,99067,245,99522,245,98819,245,99524,100,98708,100,99585,100,98671,100,99694,100,98590,100,99789,100,98489,100,99841,100,,,99881,100,,,99890,100,,
2019-06-28 10:08:30.000000000,99498,319,99101,319,99522,319,99067,319,99524,100,98819,100,99585,100,98708,100,99694,100,98671,100,99789,100,98590,100,99841,100,98489,100,99881,100,,,99890,100,,,100065,100,,
2019-06-28 10:08:40.000000000,99498,249,99101,249,99522,245,99067,245,99524,245,98819,245,99585,100,98708,100,99694,100,98671,100,99789,100,98590,100,99841,100,98489,100,99881,100,,,99890,100,,,100065,100,,
2019-06-28 10:08:50.000000000,99498,319,99101,319,99522,319,99067,319,99524,100,98819,100,99585,100,98708,100,99694,100,98671,100,99789,100,98590,100,99841,100,98489,100,99881,100,,,99890,100,,,100065,100,,
2019-06-28 10:09:00.000000000,99498,210,99101,210,99522,210,99067,210,99524,210,98819,210,99585,210,98708,210,99694,100,98671,100,99789,100,98590,100,99841,100,98489,100,99881,100,,,99890,100,,,100065,100,,
