,ask_price_1,ask_size_1,bid_price_1,bid_size_1,ask_price_2,ask_size_2,bid_price_2,bid_size_2,ask_price_3,ask_size_3,bid_price_3,bid_size_3,ask_price_4,ask_size_4,bid_price_4,bid_size_4,ask_price_5,ask_size_5,bid_price_5,bid_size_5,ask_price_6,ask_size_6,bid_price_6,bid_size_6,ask_price_7,ask_size_7,bid_price_7,bid_size_7,ask_price_8,ask_size_8,bid_price_8,bid_size_8,ask_price_9,ask_size_9,bid_price_9,bid_size_9,ask_price_10,ask_size_10,bid_price_10,bid_size_10
2019-06-28 09:30:00.000000000,,,99948,100,,,,,,,,,,,,,,,,,,,,,,,,,,,,,,,,,,,,
2019-06-28 09:30:00.000000002,100036,100,99948,100,100112,100,,,,,,,,,,,,,,,,,,,,,,,,,,,,,,,,,,
2019-06-28 09:30:00.000000003,100036,100,99948,100,100112,100,99939,100,,,99829,100,,,,,,,,,,,,,,,,,,,,,,,,,,,,
2019-06-28 09:30:00.000000004,100036,100,99984,100,100112,100,99948,100,,,99939,100,,,99829,100,,,,,,,,,,,,,,,,,,,,,,,,
2019-06-28 09:30:00.000000005,100036,100,99984,100,100102,100,99948,100,100112,100,99939,100,,,99829,100,,,,,,,,,,,,,,,,,,,,,,,,
2019-06-28 09:30:00.000000007,100036,100,99984,100,100102,100,99948,100,100112,100,99939,100,,,99853,100,,,99829,100,,,,,,,,,,,,,,,,,,,,
2019-06-28 09:30:00.000000008,100036,100,99984,100,100041,100,99948,100,100102,100,99939,100,100112,100,99853,100,,,99829,100,,,,,,,,,,,,,,,,,,,,
2019-06-28 09:30:00.000000010,100041,100,99984,100,100102,100,99948,100,100112,100,99939,100,,,99853,100,,,99829,100,,,,,,,,,,,,,,,,,,,,
2019-06-28 09:30:00.000000011,100008,100,99984,100,100041,100,99948,100,100102,100,99939,100,100112,100,99921,100,,,99914,100,,,99853,100,,,99829,100,,,,,,,,,,,,
2019-06-28 09:30:00.000000012,100008,100,99984,100,100041,100,99948,100,100061,100,99939,100,100077,100,99921,100,100102,100,99914,100,100112,100,99853,100,,,99829,100,,,,,,,,,,,,
2019-06-28 09:30:00.000000013,100008,100,99985,100,100041,100,99984,100,100061,100,99948,100,100077,100,99939,100,100102,100,99921,100,100112,100,99914,100,,,99853,100,,,99829,100,,,,,,,,
2019-06-28 09:30:00.000000014,100041,100,99985,100,100061,100,99984,100,100077,100,99948,100,100102,100,99939,100,100112,100,99921,100,,,99914,100,,,99853,100,,,99829,100,,,,,,,,
2019-06-28 09:30:00.000000019,100041,100,99985,100,100061,100,99984,100,100077,100,99948,100,100102,100,99939,100,100112,100,99921,100,,,99914,100,,,99853,100,,,99829,100,,,99818,100,,,,
2019-06-28 09:30:00.000000020,100041,100,100026,100,100061,100,99985,100,100077,100,99984,100,100102,100,99948,100,100112,100,99939,100,,,99921,100,,,99914,100,,,99853,100,,,99829,100,,,99818,100
2019-06-28 09:30:00.000000022,100036,100,100026,100,100041,100,99985,100,100061,100,99984,100,100077,100,99948,100,100102,100,99939,100,100112,100,99921,100,,,99914,100,,,99853,100,,,99829,100,,,99818,100
2019-06-28 09:30:00.000000023,100036,100,100026,100,100041,100,99985,100,100061,100,99984,100,100077,100,99948,100,100102,100,99939,100,100112,100,99921,100,,,99914,100,,,99896,100,,,99853,100,,,99829,100
2019-06-28 09:30:00.000000025,100036,100,100026,100,100041,100,99985,100,100061,100,99984,100,100077,100,99958,100,100102,100,99948,100,100112,100,99939,100,,,99921,100,,,99914,100,,,99896,100,,,99853,100
2019-06-28 09:30:00.000000027,100036,100,100026,100,100041,100,100008,100,100061,100,99985,100,100077,100,99984,100,100102,100,99958,100,100112,100,99948,100,100128,100,99939,100,,,99921,100,,,99914,100,,,99896,100
2019-06-28 09:30:00.000000029,100036,100,100026,100,100041,100,100008,100,100061,100,99985,100,100077,100,99984,100,100102,100,99958,100,100112,100,99948,100,100128,100,99939,100,,,99921,100,,,99914,100,,,99896,100
2019-06-28 09:30:00.000000030,100036,100,100008,100,100041,100,99985,100,100061,100,99984,100,100077,100,99958,100,100102,100,99948,100,100112,100,99939,100,100128,100,99921,100,,,99914,100,,,99896,100,,,99865,100
2019-06-28 09:30:00.000000033,100036,100,100008,100,100041,100,99985,100,100061,100,99984,100,100077,100,99958,100,100102,100,99953,100,100112,100,99948,100,100128,100,99939,100,,,99921,100,,,99914,100,,,99896,100
2019-06-28 09:30:00.000000034,100026,100,100008,100,100036,100,99985,100,100041,100,99984,100,100061,100,99958,100,100077,100,99953,100,100101,100,99948,100,100102,100,99939,100,100112,100,99921,100,100128,100,99914,100,,,99896,100
2019-06-28 09:30:00.000000036,100026,100,100022,100,100036,100,100008,100,100041,100,99985,100,100061,100,99984,100,100077,100,99958,100,100101,100,99953,100,100102,100,99948,100,100112,100,99939,100,100128,100,99921,100,,,99914,100
2019-06-28 09:30:00.000000041,100026,100,100022,100,100036,100,100009,100,100041,100,100008,100,100061,100,99985,100,100077,100,99984,100,100101,100,99958,100,100102,100,99953,100,100112,100,99948,100,100128,100,99939,100,,,99921,100
2019-06-28 09:30:00.000000044,100026,100,100022,100,100036,100,100009,100,100041,100,100008,100,100061,100,99985,100,100077,100,99984,100,100101,100,99981,100,100102,100,99958,100,100112,100,99953,100,100128,100,99948,100,,,99939,100
2019-06-28 09:30:00.000000045,100026,100,100009,100,100036,100,100008,100,100041,100,99985,100,100061,100,99984,100,100077,100,99981,100,100101,100,99958,100,100102,100,99953,100,100112,100,99948,100,100128,100,99939,100,,,99921,100
2019-06-28 09:30:00.000000051,100026,100,100009,100,100036,100,100008,100,100041,100,99985,100,100061,100,99984,100,100077,100,99981,100,100098,100,99958,100,100101,100,99953,100,100102,100,99948,100,100112,100,99939,100,100128,100,99921,100
2019-06-28 09:30:00.000000052,100026,100,100009,100,100036,100,100008,100,100041,100,99985,100,100061,100,99984,100,100077,100,99981,100,100098,100,99958,100,100101,100,99953,100,100102,100,99948,100,100112,100,99939,100,100128,100,99921,100
2019-06-28 09:30:00.000000053,100026,100,100009,100,100036,100,100008,100,100041,100,99985,100,100061,100,99984,100,100077,100,99981,100,100098,100,99962,100,100101,100,99958,100,100102,100,99953,100,100112,100,99948,100,100128,100,99939,100
2019-06-28 09:30:00.000000054,100026,100,100009,100,100036,100,100008,100,100041,100,99985,100,100061,100,99984,100,100077,100,99981,100,100098,100,99962,100,100101,100,99958,100,100102,100,99953,100,100112,100,99948,100,100128,100,99947,100
2019-06-28 09:30:00.000000056,100016,100,100009,100,100026,100,100008,100,100036,100,99985,100,100041,100,99984,100,100061,100,99981,100,100077,100,99962,100,100098,100,99958,100,100101,100,99953,100,100102,100,99948,100,100112,100,99947,100
2019-06-28 09:30:00.000000058,100016,100,100009,100,100026,100,100008,100,100036,100,99985,100,100041,100,99984,100,100061,100,99981,100,100064,100,99962,100,100077,100,99958,100,100098,100,99953,100,100101,100,99948,100,100102,100,99947,100
2019-06-28 09:30:00.000000060,100026,100,100009,100,100036,100,100008,100,100041,100,99992,100,100061,100,99985,100,100064,100,99984,100,100077,100,99981,100,100098,100,99962,100,100101,100,99958,100,100102,100,99953,100,100112,100,99948,100
2019-06-28 09:30:00.000000061,100026,100,100009,100,100036,100,100008,100,100041,100,99992,100,100061,100,99985,100,100064,100,99984,100,100077,100,99981,100,100098,100,99962,100,100101,100,99958,100,100102,100,99953,100,100112,100,99948,100
2019-06-28 09:30:00.000000062,100026,100,100008,100,100036,100,99992,100,100041,100,99985,100,100061,100,99984,100,100064,100,99981,100,100077,100,99962,100,100098,100,99958,100,100101,100,99953,100,100102,100,99948,100,100112,100,99947,100
2019-06-28 09:30:00.000000063,100026,100,100008,100,100036,100,99992,100,100041,100,99985,100,100061,100,99984,100,100064,100,99981,100,100076,100,99962,100,100077,100,99958,100,100098,100,99953,100,100101,100,99948,100,100102,100,99947,100
2019-06-28 09:30:00.000000066,100026,100,99992,100,100036,100,99985,100,100041,100,99984,100,100061,100,99981,100,100064,100,99962,100,100076,100,99958,100,100077,100,99953,100,100098,100,99948,100,100101,100,99947,100,100102,100,99939,100
2019-06-28 09:30:00.000000074,100003,100,99992,100,100026,100,99985,100,100036,100,99984,100,100041,100,99981,100,100061,100,99962,100,100064,100,99958,100,100076,100,99953,100,100077,100,99948,100,100098,100,99947,100,100101,100,99939,100
2019-06-28 09:30:00.000000076,100026,100,99992,100,100036,100,99985,100,100041,100,99984,100,100061,100,99981,100,100064,100,99962,100,100076,100,99958,100,100077,100,99953,100,100098,100,99948,100,100101,100,99947,100,100102,100,99939,100
2019-06-28 09:30:00.000000077,99995,100,99992,100,100026,100,99985,100,100036,100,99984,100,100041,100,99981,100,100061,100,99962,100,100064,100,99958,100,100076,100,99953,100,100077,100,99948,100,100098,100,99947,100,100101,100,99939,100
2019-06-28 09:30:00.000000081,99995,100,99992,100,100018,100,99985,100,100026,100,99984,100,100036,100,99981,100,100041,100,99962,100,100061,100,99958,100,100064,100,99953,100,100076,100,99948,100,100077,100,99947,100,100098,100,99939,100
2019-06-28 09:30:00.000000082,99995,100,99992,100,100018,100,99985,100,100026,100,99984,100,100036,100,99981,100,100041,100,99962,100,100042,100,99958,100,100061,100,99953,100,100064,100,99948,100,100076,100,99947,100,100077,100,99939,100
2019-06-28 09:30:00.000000086,100018,100,99992,100,100026,100,99985,200,100036,100,99984,100,100041,100,99981,100,100042,100,99962,100,100061,100,99958,100,100064,100,99953,100,100076,100,99948,100,100077,100,99947,100,100098,100,99939,100
2019-06-28 09:30:00.000000091,100026,100,99992,100,100036,100,99985,200,100041,100,99984,100,100042,100,99981,100,100061,100,99962,100,100064,100,99958,100,100076,100,99953,100,100077,100,99948,100,100098,100,99947,100,100101,100,99939,100
2019-06-28 09:30:00.000000092,100026,100,99992,100,100027,100,99985,200,100036,100,99984,100,100041,100,99981,100,100042,100,99962,100,100061,100,99958,100,100064,100,99953,100,100076,100,99948,100,100077,100,99947,100,100098,100,99939,100
2019-06-28 09:30:00.000000093,100018,100,99992,100,100026,100,99985,200,100027,100,99984,100,100036,100,99981,100,100041,100,99962,100,100042,100,99958,100,100061,100,99953,100,100064,100,99948,100,100076,100,99947,100,100077,100,99939,100
2019-06-28 09:30:00.000000096,100018,200,99992,100,100026,100,99985,200,100027,100,99984,100,100036,100,99981,100,100041,100,99962,100,100042,100,99958,100,100061,100,99953,100,100064,100,99948,100,100076,100,99947,100,100077,100,99939,100
2019-06-28 09:30:00.000000097,100018,200,99992,100,100026,100,99985,200,100027,100,99984,100,100036,100,99981,100,100041,100,99962,100,100042,100,99958,100,100061,100,99953,100,100064,100,99948,100,100076,100,99947,100,100077,100,99939,100
2019-06-28 09:30:00.000000098,100018,300,99992,100,100026,100,99985,200,100027,100,99984,100,100036,100,99981,100,100041,100,99962,100,100042,100,99958,100,100061,100,99953,100,100064,100,99948,100,100076,100,99947,100,100077,100,99939,100
2019-06-28 09:30:00.000000099,100018,400,99992,100,100026,100,99985,200,100027,100,99984,100,100036,100,99981,100,100041,100,99962,100,100042,100,99958,100,100061,100,99953,100,100064,100,99948,100,100076,100,99947,100,100077,100,99939,100
2019-06-28 09:30:10.000000000,100018,453,99992,153,100026,153,99985,253,100027,153,99984,153,100036,153,99981,153,100041,153,99962,153,100042,100,99958,100,100061,100,99953,100,100064,100,99948,100,100076,100,99947,100,100077,100,99939,100
2019-06-28 09:30:13.539190096,100018,353,99992,153,100026,153,99985,253,100027,153,99984,153,100036,153,99981,153,100041,153,99962,153,100042,100,99958,100,100061,100,99953,100,100064,100,99948,100,100076,100,99947,100,100077,100,99939,100
2019-06-28 09:30:15.595757438,100018,253,99992,153,100026,153,99985,253,100027,153,99984,153,100036,153,99981,153,100041,153,99962,53,100042,100,99958,100,100061,100,99953,100,100064,100,99948,100,100076,100,99947,100,100077,100,99939,100
2019-06-28 09:30:20.000000000,100018,266,99992,166,100026,166,99985,266,100027,166,99984,166,100036,166,99981,166,100041,100,99958,100,100042,100,99953,100,100061,100,99948,100,100064,100,99947,100,100076,100,99939,100,100077,100,99921,100
2019-06-28 09:30:24.059942816,100018,266,99992,166,100026,166,99985,266,100027,166,99984,166,100036,166,99981,166,100041,100,99958,100,100042,100,99953,100,100061,100,99948,100,100064,100,99947,100,100076,100,99939,100,100077,100,99921,100
2019-06-28 09:30:30.000000000,100018,464,99992,364,100026,100,99985,200,100027,100,99984,100,100036,100,99981,100,100041,100,99958,100,100042,100,99953,100,100061,100,99948,100,100064,100,99947,100,100076,100,99939,100,100077,100,99921,100
2019-06-28 09:30:39.029673500,100018,364,99992,364,100026,100,99985,200,100027,100,99984,100,100036,100,99981,100,100041,100,99958,100,100042,100,99953,100,100061,100,99948,100,100064,100,99947,100,100076,100,99939,100,100077,100,99921,100
2019-06-28 09:30:40.000000000,100018,153,99992,153,100026,153,99985,253,100027,153,99984,153,100036,153,99981,153,100041,153,99958,153,100042,100,99953,100,100061,100,99948,100,100064,100,99947,100,100076,100,99939,100,100077,100,99921,100
2019-06-28 09:30:41.177064671,100018,53,99992,153,100026,153,99985,253,100027,153,99984,153,100036,153,99981,153,100041,153,99958,153,100042,100,99953,100,100061,100,99947,100,100064,100,99939,100,100076,100,99921,100,100077,100,99917,100
2019-06-28 09:30:50.000000000,100026,232,99992,232,100027,232,99985,332,100036,100,99984,100,100041,100,99981,100,100042,100,99958,100,100061,100,99953,100,100064,100,99947,100,100076,100,99939,100,100077,100,99921,100,100098,100,99917,100
2019-06-28 09:30:52.985482114,100017,100,99992,232,100026,232,99985,332,100027,232,99984,100,100036,100,99981,100,100041,100,99958,100,100042,100,99953,100,100061,100,99947,100,100064,100,99939,100,100076,100,99921,100,100077,100,99917,100
2019-06-28 09:31:00.000000000,100017,153,99992,153,100026,153,99985,253,100027,153,99984,153,100036,153,99981,153,100041,153,99958,153,100042,100,99953,100,100061,100,99947,100,100064,100,99939,100,100076,100,99921,100,100077,100,99917,100
2019-06-28 09:31:02.671544794,100017,153,99992,153,100026,153,99985,253,100027,153,99984,153,100036,153,99981,153,100041,153,99958,153,100042,100,99953,100,100061,100,99947,100,100064,100,99939,100,100073,100,99921,100,100076,100,99917,100
2019-06-28 09:31:10.000000000,100017,364,99992,364,100026,100,99985,200,100027,100,99984,100,100036,100,99981,100,100041,100,99958,100,100042,100,99953,100,100061,100,99947,100,100064,100,99939,100,100073,100,99921,100,100076,100,99917,100
2019-06-28 09:31:13.382049834,100017,364,99992,364,100026,100,99985,200,100027,100,99984,100,100036,100,99981,100,100041,100,99958,100,100042,100,99953,100,100061,100,99947,100,100064,100,99939,100,100068,100,99921,100,100073,100,99917,100
2019-06-28 09:31:17.196509452,100017,264,99992,364,100026,100,99985,200,100027,100,99984,100,100036,100,99981,100,100041,100,99958,100,100042,100,99953,100,100061,100,99947,100,100064,100,99939,100,100068,100,99921,100,100073,100,99917,100
2019-06-28 09:31:18.103086420,100017,164,99992,364,100026,100,99985,200,100027,100,99984,100,100036,100,99981,100,100041,100,99958,100,100042,100,99953,100,100061,100,99947,100,100064,100,99939,100,100068,100,99921,100,100073,100,99917,100
2019-06-28 09:31:20.000000000,100026,153,99992,153,100027,153,99985,253,100036,153,99984,153,100041,153,99981,153,100042,153,99958,153,100061,100,99953,100,100064,100,99947,100,100068,100,99939,100,100073,100,99921,100,100076,100,99917,100
2019-06-28 09:31:22.328134783,100026,153,99992,153,100027,153,99985,253,100036,153,99984,153,100041,153,99981,153,100042,153,99958,153,100054,100,99953,100,100061,100,99947,100,100064,100,99939,100,100068,100,99921,100,100076,100,99917,100
2019-06-28 09:31:30.000000000,100026,190,99992,190,100027,187,99985,287,100036,187,99984,187,100041,100,99981,100,100042,100,99958,100,100054,100,99953,100,100061,100,99947,100,100064,100,99939,100,100068,100,99921,100,100076,100,99917,100
2019-06-28 09:31:40.000000000,100026,166,99992,166,100027,166,99985,266,100036,166,99984,166,100041,166,99981,166,100042,100,99958,100,100054,100,99953,100,100061,100,99947,100,100064,100,99939,100,100068,100,99921,100,100076,100,99917,100
2019-06-28 09:31:50.000000000,100026,166,99992,166,100027,166,99985,266,100036,166,99984,166,100041,166,99981,166,100042,100,99958,100,100054,100,99953,100,100061,100,99947,100,100064,100,99939,100,100068,100,99921,100,100076,100,99917,100
2019-06-28 09:32:00.000000000,100026,166,99992,166,100027,166,99985,266,100036,166,99984,166,100041,166,99981,166,100042,100,99958,100,100054,100,99953,100,100061,100,99947,100,100064,100,99939,100,100068,100,99921,100,100076,100,99917,100
2019-06-28 09:32:09.071124369,100026,166,99992,66,100027,166,99985,266,100036,166,99984,166,100041,166,99981,66,100042,100,99958,100,100054,100,99953,100,100061,100,99947,100,100064,100,99939,100,100068,100,99921,100,100076,100,99917,100
2019-06-28 09:32:10.000000000,100026,364,99985,464,100027,100,99984,100,100036,100,99958,100,100041,100,99953,100,100042,100,99947,100,100054,100,99939,100,100061,100,99921,100,100064,100,99917,100,100068,100,99914,200,100076,100,99881,100
2019-06-28 09:32:18.941867734,100026,364,99985,364,100027,100,99984,100,100036,100,99958,100,100041,100,99953,100,100042,100,99947,100,100054,100,99939,100,100061,100,99917,100,100064,100,99914,200,100068,100,99881,100,100076,100,99865,100
2019-06-28 09:32:20.000000000,100026,364,99985,364,100027,100,99984,100,100036,100,99958,100,100041,100,99953,100,100042,100,99947,100,100054,100,99939,100,100061,100,99917,100,100064,100,99914,200,100068,100,99881,100,100076,100,99865,100
2019-06-28 09:32:20.795399003,100026,364,99985,264,100027,100,99984,100,100036,100,99958,100,100041,100,99953,100,100042,100,99947,100,100061,100,99939,100,100064,100,99917,100,100068,100,99914,200,100076,100,99881,100,100077,100,99865,100
2019-06-28 09:32:30.000000000,100026,190,99984,190,100027,187,99958,187,100036,187,99953,187,100041,100,99947,100,100042,100,99939,100,100061,100,99917,100,100064,100,99914,200,100068,100,99881,100,100076,100,99865,100,100077,100,99864,100
2019-06-28 09:32:40.000000000,100026,190,99984,190,100027,187,99958,187,100036,187,99953,187,100041,100,99947,100,100042,100,99939,100,100061,100,99917,100,100064,100,99914,200,100068,100,99881,100,100076,100,99865,100,100077,100,99864,100
2019-06-28 09:32:50.000000000,100026,190,99984,190,100027,187,99958,187,100036,187,99953,187,100041,100,99947,100,100042,100,99939,100,100061,100,99917,100,100064,100,99914,200,100068,100,99881,100,100076,100,99865,100,100077,100,99864,100
2019-06-28 09:32:50.032623529,100026,190,99984,90,100027,187,99958,187,100036,187,99953,187,100041,100,99947,100,100042,100,99939,100,100061,100,99917,100,100064,100,99914,200,100068,100,99881,100,100076,100,99865,100,100077,100,99864,100
2019-06-28 09:32:50.324808122,100026,190,99984,90,100027,187,99958,187,100036,187,99953,187,100041,100,99947,100,100042,100,99939,100,100061,100,99917,100,100064,100,99914,200,100068,100,99881,100,100076,100,99865,100,100077,100,99864,100
2019-06-28 09:32:52.223609952,100026,190,99984,90,100027,187,99958,187,100036,187,99953,187,100041,100,99947,100,100042,100,99939,100,100061,100,99917,100,100064,100,99914,200,100076,100,99881,100,100077,100,99865,100,100101,100,99864,100
2019-06-28 09:32:59.070301305,100026,190,99984,90,100027,187,99958,187,100036,187,99953,187,100041,100,99947,100,100042,100,99939,100,100061,100,99917,100,100064,100,99914,200,100076,100,99881,100,100077,100,99865,100,100101,100,99864,100
2019-06-28 09:33:00.000000000,100026,232,99958,232,100027,232,99953,232,100036,100,99947,100,100041,100,99939,100,100042,100,99917,100,100061,100,99914,200,100064,100,99881,100,100076,100,99865,100,100077,100,99864,100,100101,100,99857,100
2019-06-28 09:33:08.697887624,100026,232,99958,232,100027,232,99953,232,100036,100,99947,100,100041,100,99939,100,100042,100,99914,200,100061,100,99881,100,100064,100,99865,100,100076,100,99864,100,100077,100,99857,100,100101,100,99853,100
2019-06-28 09:33:10.000000000,100026,364,99958,364,100027,100,99953,100,100036,100,99947,100,100041,100,99939,100,100042,100,99914,200,100061,100,99881,100,100064,100,99865,100,100076,100,99864,100,100077,100,99857,100,100101,100,99853,100
2019-06-28 09:33:20.000000000,100026,166,99958,166,100027,166,99953,166,100036,166,99947,166,100041,166,99939,166,100042,100,99914,200,100061,100,99881,100,100064,100,99865,100,100076,100,99864,100,100077,100,99857,100,100101,100,99853,100
2019-06-28 09:33:24.664829202,100026,166,99958,66,100027,166,99953,166,100036,166,99947,166,100041,166,99939,166,100042,100,99914,200,100061,100,99881,100,100064,100,99865,100,100076,100,99864,100,100077,100,99857,100,100101,100,99853,100
2019-06-28 09:33:30.000000000,100026,153,99953,153,100027,153,99947,153,100036,153,99939,153,100041,153,99914,253,100042,153,99881,153,100061,100,99865,100,100064,100,99864,100,100076,100,99857,100,100077,100,99853,100,100101,100,99829,100
2019-06-28 09:33:40.000000000,100026,232,99953,232,100027,232,99947,232,100036,100,99939,100,100041,100,99914,200,100042,100,99881,100,100061,100,99865,100,100064,100,99864,100,100076,100,99857,100,100077,100,99853,100,100101,100,99829,100
2019-06-28 09:33:44.643600271,99984,100,99953,232,100026,232,99947,232,100027,232,99939,100,100036,100,99914,200,100041,100,99881,100,100042,100,99865,100,100061,100,99864,100,100064,100,99857,100,100076,100,99853,100,100077,100,99829,100
2019-06-28 09:33:47.340205359,99984,100,99953,232,100026,232,99947,232,100027,232,99939,100,100036,100,99914,200,100041,100,99881,100,100042,100,99865,100,100061,100,99864,100,100064,100,99857,100,100076,100,99853,100,100077,100,99829,100
2019-06-28 09:33:50.000000000,99984,364,99953,364,100026,100,99947,100,100027,100,99939,100,100036,100,99914,200,100041,100,99881,100,100042,100,99865,100,100061,100,99864,100,100064,100,99857,100,100076,100,99853,100,100077,100,99829,100
2019-06-28 09:34:00.000000000,99984,153,99953,153,100026,153,99947,153,100027,153,99939,153,100036,153,99914,253,100041,153,99881,153,100042,100,99865,100,100061,100,99864,100,100064,100,99857,100,100076,100,99853,100,100077,100,99829,100
2019-06-28 09:34:10.000000000,99984,166,99953,166,100026,166,99947,166,100027,166,99939,166,100036,166,99914,266,100041,100,99881,100,100042,100,99865,100,100061,100,99864,100,100064,100,99857,100,100076,100,99853,100,100077,100,99829,100
2019-06-28 09:34:20.000000000,99984,153,99953,153,100026,153,99947,153,100027,153,99939,153,100036,153,99914,253,100041,153,99881,153,100042,100,99865,100,100061,100,99864,100,100064,100,99857,100,100076,100,99853,100,100077,100,99829,100
2019-06-28 09:34:25.956340028,99984,153,99953,153,100026,153,99947,153,100027,153,99939,153,100036,153,99914,253,100041,153,99881,153,100061,100,99865,100,100064,100,99864,100,100076,100,99857,100,100077,100,99853,100,100101,100,99829,100
2019-06-28 09:34:30.000000000,99984,364,99953,364,100026,100,99947,100,100027,100,99939,100,100036,100,99914,200,100041,100,99881,100,100061,100,99865,100,100064,100,99864,100,100076,100,99857,100,100077,100,99853,100,100101,100,99829,100
2019-06-28 09:34:35.136030573,99984,364,99953,364,100026,100,99939,100,100027,100,99914,200,100036,100,99881,100,100041,100,99865,100,100061,100,99864,100,100064,100,99857,100,100076,100,99853,100,100077,100,99829,100,100101,100,99818,100
2019-06-28 09:34:40.000000000,99984,190,99953,190,100026,187,99939,187,100027,187,99914,287,100036,100,99881,100,100041,100,99865,100,100061,100,99864,100,100064,100,99857,100,100076,100,99853,100,100077,100,99829,100,100101,100,99818,100
2019-06-28 09:34:50.000000000,99984,153,99953,153,100026,153,99939,153,100027,153,99914,253,100036,153,99881,153,100041,153,99865,153,100061,100,99864,100,100064,100,99857,100,100076,100,99853,100,100077,100,99829,100,100101,100,99818,100
2019-06-28 09:35:00.000000000,99984,364,99953,364,100026,100,99939,100,100027,100,99914,200,100036,100,99881,100,100041,100,99865,100,100061,100,99864,100,100064,100,99857,100,100076,100,99853,100,100077,100,99829,100,100101,100,99818,100
2019-06-28 09:35:10.000000000,99984,166,99953,166,100026,166,99939,166,100027,166,99914,266,100036,166,99881,166,100041,100,99865,100,100061,100,99864,100,100064,100,99857,100,100076,100,99853,100,100077,100,99829,100,100101,100,99818,100
2019-06-28 09:35:14.300095178,99984,166,99953,66,100026,166,99939,166,100027,166,99914,266,100036,166,99881,166,100041,100,99865,100,100061,100,99857,100,100064,100,99853,100,100076,100,99829,100,100077,100,99818,100,100101,100,99811,100
2019-06-28 09:35:17.010507693,99984,166,99953,66,99999,100,99939,166,100026,166,99914,266,100027,166,99881,166,100036,166,99865,100,100041,100,99857,100,100061,100,99853,100,100064,100,99829,100,100076,100,99818,100,100077,100,99811,100
2019-06-28 09:35:20.000000000,99984,153,99939,153,99999,153,99914,253,100026,153,99881,153,100027,153,99865,153,100036,153,99857,153,100041,100,99853,100,100061,100,99829,100,100064,100,99818,100,100076,100,99811,100,100077,100,99690,100
2019-06-28 09:35:30.000000000,99984,166,99939,166,99999,166,99914,266,100026,166,99881,166,100027,166,99865,166,100036,100,99857,100,100041,100,99853,100,100061,100,99829,100,100064,100,99818,100,100076,100,99811,100,100077,100,99690,100
2019-06-28 09:35:33.838748710,99958,100,99939,166,99984,166,99914,266,99999,166,99881,166,100026,66,99865,166,100027,166,99857,100,100036,100,99853,100,100041,100,99829,100,100061,100,99818,100,100064,100,99811,100,100076,100,99690,100
2019-06-28 09:35:33.958947252,99958,100,99939,166,99984,166,99914,266,99999,166,99881,166,100026,66,99865,166,100027,166,99857,100,100036,100,99853,100,100041,100,99829,100,100058,100,99818,100,100061,100,99811,100,100064,100,99690,100
2019-06-28 09:35:40.000000000,99958,153,99939,153,99984,153,99914,253,99999,153,99881,153,100027,153,99865,153,100036,153,99857,153,100041,100,99853,100,100058,100,99829,100,100061,100,99818,100,100064,100,99811,100,100076,100,99690,100
2019-06-28 09:35:45.520609018,99958,153,99939,153,99984,153,99914,253,99999,153,99881,153,100027,53,99865,153,100036,153,99857,153,100041,100,99853,100,100058,100,99829,100,100061,100,99818,100,100064,100,99811,100,100076,100,99708,100
2019-06-28 09:35:50.000000000,99958,232,99939,232,99984,232,99914,332,99999,100,99881,100,100036,100,99865,100,100041,100,99857,100,100058,100,99853,100,100061,100,99829,100,100064,100,99818,100,100076,100,99811,100,100077,100,99708,100
2019-06-28 09:36:00.000000000,99958,364,99939,364,99984,100,99914,200,99999,100,99881,100,100036,100,99865,100,100041,100,99857,100,100058,100,99853,100,100061,100,99829,100,100064,100,99818,100,100076,100,99811,100,100077,100,99708,100
2019-06-28 09:36:02.253373665,99958,464,99939,364,99984,100,99914,200,99999,100,99881,100,100036,100,99865,100,100041,100,99857,100,100058,100,99853,100,100061,100,99829,100,100064,100,99818,100,100076,100,99811,100,100077,100,99708,100
2019-06-28 09:36:10.000000000,99958,332,99939,232,99984,232,99914,332,99999,100,99881,100,100036,100,99865,100,100041,100,99857,100,100058,100,99853,100,100061,100,99829,100,100064,100,99818,100,100076,100,99811,100,100077,100,99708,100
2019-06-28 09:36:14.735213511,99958,232,99939,232,99984,232,99914,332,99999,100,99881,100,100036,100,99865,100,100041,100,99857,100,100058,100,99853,100,100061,100,99829,100,100064,100,99818,100,100076,100,99811,100,100077,100,99708,100
2019-06-28 09:36:20.000000000,99958,166,99939,166,99984,166,99914,266,99999,166,99881,166,100036,166,99865,166,100041,100,99857,100,100058,100,99853,100,100061,100,99829,100,100064,100,99818,100,100076,100,99811,100,100077,100,99708,100
2019-06-28 09:36:30.000000000,99958,166,99939,166,99984,166,99914,266,99999,166,99881,166,100036,166,99865,166,100041,100,99857,100,100058,100,99853,100,100061,100,99829,100,100064,100,99818,100,100076,100,99811,100,100077,100,99708,100
2019-06-28 09:36:40.000000000,99958,166,99939,166,99984,166,99914,266,99999,166,99881,166,100036,166,99865,166,100041,100,99857,100,100058,100,99853,100,100061,100,99829,100,100064,100,99818,100,100076,100,99811,100,100077,100,99708,100
2019-06-28 09:36:44.119713832,99958,166,99939,166,99984,166,99914,166,99999,166,99881,166,100036,166,99865,166,100041,100,99857,100,100058,100,99853,100,100061,100,99829,100,100064,100,99818,100,100076,100,99811,100,100077,100,99708,100
2019-06-28 09:36:50.000000000,99958,153,99939,153,99984,153,99914,153,99999,153,99881,153,100036,153,99865,153,100041,153,99857,153,100058,100,99853,100,100061,100,99829,100,100064,100,99818,100,100076,100,99811,100,100077,100,99708,100
2019-06-28 09:36:53.700920728,99958,153,99954,100,99984,153,99939,153,99999,153,99914,153,100036,153,99881,153,100041,153,99865,153,100058,100,99857,153,100061,100,99853,100,100064,100,99829,100,100076,100,99818,100,100077,100,99811,100
2019-06-28 09:37:00.000000000,99958,232,99954,232,99984,232,99939,232,99999,100,99914,100,100036,100,99881,100,100041,100,99865,100,100058,100,99857,100,100061,100,99853,100,100064,100,99829,100,100076,100,99818,100,100077,100,99811,100
2019-06-28 09:37:00.571178016,99958,132,99954,232,99984,232,99939,232,99999,100,99914,100,100036,100,99881,100,100041,100,99865,100,100058,100,99857,100,100061,100,99853,100,100064,100,99829,100,100076,100,99818,100,100077,100,99811,100
2019-06-28 09:37:10.000000000,99984,232,99954,232,99999,232,99939,232,100036,100,99914,100,100041,100,99881,100,100058,100,99865,100,100061,100,99857,100,100064,100,99853,100,100076,100,99829,100,100077,100,99818,100,100101,100,99811,100
2019-06-28 09:37:10.523272510,99957,100,99954,232,99984,232,99939,232,99999,232,99914,100,100036,100,99881,100,100041,100,99865,100,100058,100,99857,100,100061,100,99853,100,100064,100,99829,100,100076,100,99818,100,100077,100,99811,100
2019-06-28 09:37:19.562990324,99957,100,99954,132,99984,232,99939,232,99999,232,99914,100,100036,100,99881,100,100041,100,99865,100,100058,100,99857,100,100061,100,99853,100,100064,100,99829,100,100076,100,99818,100,100077,100,99811,100
2019-06-28 09:37:20.000000000,99957,232,99939,232,99984,232,99914,232,99999,100,99881,100,100036,100,99865,100,100041,100,99857,100,100058,100,99853,100,100061,100,99829,100,100064,100,99818,100,100076,100,99811,100,100077,100,99708,100
2019-06-28 09:37:21.873449847,99957,232,99939,132,99984,232,99914,232,99999,100,99881,100,100036,100,99865,100,100041,100,99857,100,100058,100,99853,100,100061,100,99829,100,100064,100,99818,100,100076,100,99811,100,100077,100,99708,100
2019-06-28 09:37:23.463585536,99957,132,99939,132,99984,232,99914,232,99999,100,99881,100,100036,100,99865,100,100041,100,99857,100,100058,100,99853,100,100061,100,99829,100,100064,100,99818,100,100076,100,99811,100,100077,100,99708,100
2019-06-28 09:37:27.832688306,99957,132,99939,32,99984,232,99914,232,99999,100,99881,100,100036,100,99857,100,100041,100,99853,100,100058,100,99829,100,100061,100,99818,100,100064,100,99811,100,100076,100,99708,100,100077,100,99690,100
2019-06-28 09:37:30.000000000,99984,190,99914,190,99999,187,99881,187,100036,187,99857,187,100041,100,99853,100,100058,100,99829,100,100061,100,99818,100,100064,100,99811,100,100076,100,99708,100,100077,100,99690,100,100101,100,99633,100
2019-06-28 09:37:40.000000000,99984,232,99914,232,99999,232,99881,232,100036,100,99857,100,100041,100,99853,100,100058,100,99829,100,100061,100,99818,100,100064,100,99811,100,100076,100,99708,100,100077,100,99690,100,100101,100,99633,100
2019-06-28 09:37:43.049363659,99984,232,99914,232,99999,232,99881,232,100036,100,99857,100,100041,100,99853,100,100058,100,99829,100,100061,100,99818,100,100064,100,99811,100,100076,100,99750,100,100077,100,99708,100,100101,100,99690,100
2019-06-28 09:37:44.306536454,99984,232,99914,232,99993,100,99881,232,99999,232,99857,100,100036,100,99853,100,100041,100,99829,100,100058,100,99818,100,100061,100,99811,100,100064,100,99750,100,100076,100,99708,100,100077,100,99690,100
2019-06-28 09:37:44.553248463,99984,232,99914,232,99993,100,99881,232,99999,232,99857,100,100036,100,99853,100,100041,100,99829,100,100058,100,99818,100,100061,100,99750,100,100064,100,99708,100,100076,100,99690,100,100077,100,99633,100
2019-06-28 09:37:50.000000000,99984,166,99914,166,99993,166,99881,166,99999,166,99857,166,100036,166,99853,166,100041,100,99829,100,100058,100,99818,100,100061,100,99750,100,100064,100,99708,100,100076,100,99690,100,100077,100,99633,100
2019-06-28 09:37:50.621285750,99984,166,99914,66,99993,66,99881,166,99999,166,99857,166,100036,166,99853,166,100041,100,99829,100,100058,100,99818,100,100061,100,99750,100,100064,100,99708,100,100076,100,99690,100,100077,100,99633,100
2019-06-28 09:37:52.320654818,99984,66,99914,66,99993,66,99881,166,99999,166,99857,166,100036,166,99853,166,100041,100,99829,100,100058,100,99818,100,100061,100,99750,100,100064,100,99708,100,100076,100,99690,100,100077,100,99633,100
2019-06-28 09:38:00.000000000,99999,153,99881,153,100036,153,99857,153,100041,153,99853,153,100058,153,99829,153,100061,153,99818,153,100064,100,99750,100,100076,100,99708,100,100077,100,99690,100,100101,100,99633,100,100106,100,99565,100
2019-06-28 09:38:02.410952880,99999,153,99881,153,100036,153,99857,153,100041,153,99853,153,100058,153,99849,100,100061,153,99829,153,100064,100,99818,153,100076,100,99750,100,100077,100,99708,100,100101,100,99690,100,100106,100,99633,100
2019-06-28 09:38:10.000000000,99999,153,99881,153,100036,153,99857,153,100041,153,99853,153,100058,153,99849,153,100061,153,99829,153,100064,100,99818,100,100076,100,99750,100,100077,100,99708,100,100101,100,99690,100,100106,100,99633,100
2019-06-28 09:38:20.000000000,99999,232,99881,232,100036,232,99857,232,100041,100,99853,100,100058,100,99849,100,100061,100,99829,100,100064,100,99818,100,100076,100,99750,100,100077,100,99708,100,100101,100,99690,100,100106,100,99633,100
2019-06-28 09:38:23.876198432,99999,232,99881,132,100036,232,99857,232,100041,100,99853,100,100058,100,99849,100,100061,100,99829,100,100064,100,99818,100,100076,100,99750,100,100077,100,99708,100,100101,100,99690,100,100106,100,99633,100
2019-06-28 09:38:30.000000000,99999,232,99857,232,100036,232,99853,232,100041,100,99849,100,100058,100,99829,100,100061,100,99818,100,100064,100,99750,100,100076,100,99708,100,100077,100,99690,100,100101,100,99633,100,100106,100,99565,100
2019-06-28 09:38:37.985740791,99999,232,99857,232,100036,232,99853,232,100041,100,99849,100,100058,100,99829,100,100061,100,99818,100,100064,100,99750,100,100076,100,99708,100,100077,100,99690,100,100101,100,99633,100,100106,100,99565,100
2019-06-28 09:38:40.000000000,99999,190,99857,190,100036,187,99853,187,100041,187,99849,187,100058,100,99829,100,100061,100,99818,100,100064,100,99750,100,100076,100,99708,100,100077,100,99690,100,100101,100,99633,100,100106,100,99565,100
2019-06-28 09:38:41.982909352,99999,190,99857,90,100036,187,99853,187,100041,187,99849,187,100058,100,99829,100,100061,100,99818,100,100064,100,99750,100,100076,100,99708,100,100077,100,99690,100,100101,100,99633,100,100106,100,99565,100
2019-06-28 09:38:50.000000000,99999,190,99853,190,100036,187,99849,187,100041,187,99829,187,100058,100,99818,100,100061,100,99750,100,100064,100,99708,100,100076,100,99690,100,100077,100,99633,100,100101,100,99565,100,100106,100,99527,100
2019-06-28 09:38:52.242853439,99999,190,99853,190,100036,187,99849,187,100041,187,99829,187,100058,100,99818,100,100061,100,99750,100,100064,100,99708,100,100076,100,99690,100,100077,100,99684,100,100101,100,99633,100,100106,100,99565,100
2019-06-28 09:39:00.000000000,99999,232,99853,232,100036,232,99849,232,100041,100,99829,100,100058,100,99818,100,100061,100,99750,100,100064,100,99708,100,100076,100,99690,100,100077,100,99684,100,100101,100,99633,100,100106,100,99565,100
2019-06-28 09:39:09.639358470,99881,100,99853,232,99999,232,99849,232,100036,232,99829,100,100041,100,99818,100,100058,100,99750,100,100061,100,99708,100,100064,100,99690,100,100076,100,99684,100,100077,100,99633,100,100101,100,99565,100
2019-06-28 09:39:10.000000000,99881,153,99853,153,99999,153,99849,153,100036,153,99829,153,100041,153,99818,153,100058,153,99750,153,100061,100,99708,100,100064,100,99690,100,100076,100,99684,100,100077,100,99633,100,100101,100,99565,100
2019-06-28 09:39:20.000000000,99881,153,99853,153,99999,153,99849,153,100036,153,99829,153,100041,153,99818,153,100058,153,99750,153,100061,100,99708,100,100064,100,99690,100,100076,100,99684,100,100077,100,99633,100,100101,100,99565,100
2019-06-28 09:39:30.000000000,99881,153,99853,153,99999,153,99849,153,100036,153,99829,153,100041,153,99818,153,100058,153,99750,153,100061,100,99708,100,100064,100,99690,100,100076,100,99684,100,100077,100,99633,100,100101,100,99565,100
2019-06-28 09:39:40.000000000,99881,364,99853,364,99999,100,99849,100,100036,100,99829,100,100041,100,99818,100,100058,100,99750,100,100061,100,99708,100,100064,100,99690,100,100076,100,99684,100,100077,100,99633,100,100101,100,99565,100
2019-06-28 09:39:41.373431971,99881,464,99853,364,99999,100,99849,100,100036,100,99829,100,100041,100,99818,100,100058,100,99750,100,100061,100,99708,100,100064,100,99690,100,100076,100,99684,100,100077,100,99633,100,100101,100,99565,100
2019-06-28 09:39:49.005555359,99881,464,99853,364,99999,100,99849,100,100036,100,99829,100,100041,100,99818,100,100058,100,99750,100,100061,100,99708,100,100064,100,99690,100,100076,100,99684,100,100077,100,99633,100,100101,100,99565,100
2019-06-28 09:39:50.000000000,99881,332,99853,232,99999,232,99849,232,100036,100,99829,100,100041,100,99818,100,100058,100,99750,100,100061,100,99708,100,100064,100,99690,100,100076,100,99684,100,100077,100,99633,100,100101,100,99565,100
2019-06-28 09:39:57.507390167,99881,332,99853,232,99999,232,99849,232,100036,100,99829,100,100041,100,99818,100,100058,100,99750,100,100061,100,99708,100,100064,100,99690,100,100076,100,99684,100,100077,100,99565,100,100101,100,99527,100
2019-06-28 09:40:00.000000000,99881,290,99853,190,99999,187,99849,187,100036,187,99829,187,100041,100,99818,100,100058,100,99750,100,100061,100,99708,100,100064,100,99690,100,100076,100,99684,100,100077,100,99565,100,100101,100,99527,100
2019-06-28 09:40:05.680088315,99881,390,99853,190,99999,187,99849,187,100036,187,99829,187,100041,100,99818,100,100058,100,99750,100,100061,100,99708,100,100064,100,99690,100,100076,100,99684,100,100077,100,99565,100,100101,100,99527,100
2019-06-28 09:40:10.000000000,99881,366,99853,166,99999,166,99849,166,100036,166,99829,166,100041,166,99818,166,100058,100,99750,100,100061,100,99708,100,100064,100,99690,100,100076,100,99684,100,100077,100,99565,100,100101,100,99527,100
2019-06-28 09:40:20.000000000,99881,564,99853,364,99999,100,99849,100,100036,100,99829,100,100041,100,99818,100,100058,100,99750,100,100061,100,99708,100,100064,100,99690,100,100076,100,99684,100,100077,100,99565,100,100101,100,99527,100
2019-06-28 09:40:24.942457106,99881,664,99853,364,99999,100,99849,100,100036,100,99829,100,100041,100,99818,100,100058,100,99750,100,100061,100,99708,100,100064,100,99690,100,100076,100,99684,100,100077,100,99565,100,100101,100,99527,100
2019-06-28 09:40:29.419834842,99881,764,99853,364,99999,100,99849,100,100036,100,99829,100,100041,100,99818,100,100058,100,99750,100,100061,100,99708,100,100064,100,99690,100,100076,100,99684,100,100077,100,99565,100,100101,100,99527,100
2019-06-28 09:40:30.000000000,99881,590,99853,190,99999,187,99849,187,100036,187,99829,187,100041,100,99818,100,100058,100,99750,100,100061,100,99708,100,100064,100,99690,100,100076,100,99684,100,100077,100,99565,100,100101,100,99527,100
2019-06-28 09:40:40.000000000,99881,566,99853,166,99999,166,99849,166,100036,166,99829,166,100041,166,99818,166,100058,100,99750,100,100061,100,99708,100,100064,100,99690,100,100076,100,99684,100,100077,100,99565,100,100101,100,99527,100
2019-06-28 09:40:40.359386701,99881,666,99853,166,99999,166,99849,166,100036,166,99829,166,100041,166,99818,166,100058,100,99750,100,100061,100,99708,100,100064,100,99690,100,100076,100,99684,100,100077,100,99565,100,100101,100,99527,100
2019-06-28 09:40:47.060315817,99881,766,99853,166,99999,166,99849,166,100036,166,99829,166,100041,166,99818,166,100058,100,99750,100,100061,100,99708,100,100064,100,99690,100,100076,100,99684,100,100077,100,99565,100,100101,100,99527,100
2019-06-28 09:40:50.000000000,99881,790,99853,190,99999,187,99849,187,100036,187,99829,187,100041,100,99818,100,100058,100,99750,100,100061,100,99708,100,100064,100,99690,100,100076,100,99684,100,100077,100,99565,100,100101,100,99527,100
2019-06-28 09:40:54.223901172,99881,690,99853,190,99999,187,99849,187,100036,187,99829,187,100041,100,99818,100,100058,100,99750,100,100061,100,99708,100,100064,100,99690,100,100076,100,99684,100,100077,100,99565,100,100101,100,99527,100
2019-06-28 09:41:00.000000000,99881,732,99853,232,99999,232,99849,232,100036,100,99829,100,100041,100,99818,100,100058,100,99750,100,100061,100,99708,100,100064,100,99690,100,100076,100,99684,100,100077,100,99565,100,100101,100,99527,100
2019-06-28 09:41:03.504514710,99881,832,99853,232,99999,232,99849,232,100036,100,99829,100,100041,100,99818,100,100058,100,99750,100,100061,100,99708,100,100064,100,99690,100,100076,100,99684,100,100077,100,99565,100,100101,100,99527,100
2019-06-28 09:41:10.000000000,99881,753,99853,153,99999,153,99849,153,100036,153,99829,153,100041,153,99818,153,100058,153,99750,153,100061,100,99708,100,100064,100,99690,100,100076,100,99684,100,100077,100,99565,100,100101,100,99527,100
2019-06-28 09:41:14.368573143,99881,753,99853,153,99999,153,99849,153,100036,153,99829,153,100041,153,99818,153,100058,153,99750,153,100061,100,99708,100,100064,100,99690,100,100076,100,99684,100,100077,100,99565,100,100101,100,99527,100
2019-06-28 09:41:18.684537145,99881,753,99853,153,99999,153,99849,153,100036,53,99829,153,100041,153,99818,153,100058,153,99750,153,100061,100,99708,100,100064,100,99690,100,100076,100,99684,100,100077,100,99565,100,100101,100,99527,100
2019-06-28 09:41:20.000000000,99881,790,99853,190,99999,187,99849,187,100041,187,99829,187,100058,100,99818,100,100061,100,99750,100,100064,100,99708,100,100076,100,99690,100,100077,100,99684,100,100101,100,99565,100,100106,100,99527,100
2019-06-28 09:41:30.000000000,99881,790,99853,190,99999,187,99849,187,100041,187,99829,187,100058,100,99818,100,100061,100,99750,100,100064,100,99708,100,100076,100,99690,100,100077,100,99684,100,100101,100,99565,100,100106,100,99527,100
2019-06-28 09:41:37.190400268,99881,690,99853,190,99999,187,99849,187,100041,187,99829,187,100058,100,99818,100,100061,100,99750,100,100064,100,99708,100,100076,100,99690,100,100077,100,99684,100,100101,100,99565,100,100106,100,99527,100
2019-06-28 09:41:40.000000000,99881,690,99853,190,99999,187,99849,187,100041,187,99829,187,100058,100,99818,100,100061,100,99750,100,100064,100,99708,100,100076,100,99690,100,100077,100,99684,100,100101,100,99565,100,100106,100,99527,100
2019-06-28 09:41:43.806843234,99881,690,99853,90,99999,187,99849,187,100041,187,99829,187,100058,100,99818,100,100061,100,99750,100,100064,100,99708,100,100076,100,99690,100,100077,100,99684,100,100101,100,99565,100,100106,100,99527,100
2019-06-28 09:41:48.236556906,99881,690,99853,90,99999,187,99849,187,100041,187,99829,187,100058,100,99818,100,100061,100,99750,100,100064,100,99708,100,100076,100,99690,100,100077,100,99684,100,100101,100,99565,100,100106,100,99527,100
2019-06-28 09:41:49.210341064,99881,590,99853,90,99999,187,99849,187,100041,187,99829,187,100058,100,99818,100,100061,100,99750,100,100064,100,99708,100,100076,100,99690,100,100077,100,99684,100,100101,100,99565,100,100106,100,99527,100
2019-06-28 09:41:50.000000000,99881,764,99849,364,99999,100,99829,100,100041,100,99818,100,100058,100,99750,100,100061,100,99708,100,100064,100,99690,100,100076,100,99684,100,100077,100,99565,100,100101,100,99527,100,100106,100,99494,100
2019-06-28 09:42:00.000000000,99881,566,99849,166,99999,166,99829,166,100041,166,99818,166,100058,166,99750,166,100061,100,99708,100,100064,100,99690,100,100076,100,99684,100,100077,100,99565,100,100101,100,99527,100,100106,100,99494,100
2019-06-28 09:42:04.218290998,99881,566,99849,66,99999,166,99829,166,100041,166,99818,166,100058,166,99750,166,100061,100,99708,100,100064,100,99690,100,100076,100,99684,100,100077,100,99565,100,100101,100,99527,100,100106,100,99494,100
2019-06-28 09:42:10.000000000,99881,553,99829,153,99999,153,99818,153,100041,153,99750,153,100058,153,99708,153,100061,153,99690,153,100064,100,99684,100,100076,100,99565,100,100077,100,99527,100,100101,100,99494,100,100106,100,99318,100
2019-06-28 09:42:19.517197516,99881,553,99829,153,99999,153,99818,153,100041,153,99750,153,100058,153,99708,153,100061,153,99690,153,100064,100,99684,100,100076,100,99565,100,100077,100,99527,100,100101,100,99494,100,100106,100,99489,100
2019-06-28 09:42:20.000000000,99881,590,99829,190,99999,187,99818,187,100041,187,99750,187,100058,100,99708,100,100061,100,99690,100,100064,100,99684,100,100076,100,99565,100,100077,100,99527,100,100101,100,99494,100,100106,100,99489,100
2019-06-28 09:42:23.156868871,99881,590,99829,190,99999,187,99818,187,100041,187,99750,187,100058,100,99708,100,100061,100,99690,100,100064,100,99684,100,100076,100,99565,100,100077,100,99527,100,100101,100,99494,100,100106,100,99489,100
2019-06-28 09:42:25.134224392,99881,490,99829,190,99999,187,99818,187,100041,187,99750,187,100058,100,99708,100,100061,100,99690,100,100064,100,99684,100,100076,100,99565,100,100077,100,99527,100,100101,100,99494,100,100106,100,99489,100
2019-06-28 09:42:28.056019125,99881,490,99829,190,99999,187,99818,187,100041,187,99750,187,100058,100,99708,100,100061,100,99690,100,100064,100,99684,100,100076,100,99565,100,100077,100,99527,100,100101,100,99494,100,100106,100,99489,100
2019-06-28 09:42:30.000000000,99881,532,99829,232,99999,232,99818,232,100041,100,99750,100,100058,100,99708,100,100061,100,99690,100,100064,100,99684,100,100076,100,99565,100,100077,100,99527,100,100101,100,99494,100,100106,100,99489,100
2019-06-28 09:42:40.000000000,99881,466,99829,166,99999,166,99818,166,100041,166,99750,166,100058,166,99708,166,100061,100,99690,100,100064,100,99684,100,100076,100,99565,100,100077,100,99527,100,100101,100,99494,100,100106,100,99489,100
2019-06-28 09:42:50.000000000,99881,532,99829,232,99999,232,99818,232,100041,100,99750,100,100058,100,99708,100,100061,100,99690,100,100064,100,99684,100,100076,100,99565,100,100077,100,99527,100,100101,100,99494,100,100106,100,99489,100
2019-06-28 09:42:53.464569564,99881,532,99829,232,99999,232,99818,232,100041,100,99750,100,100058,100,99708,100,100061,100,99690,100,100064,100,99684,100,100076,100,99565,100,100077,100,99557,100,100101,100,99527,100,100106,100,99494,100
2019-06-28 09:43:00.000000000,99881,532,99829,232,99999,232,99818,232,100041,100,99750,100,100058,100,99708,100,100061,100,99690,100,100064,100,99684,100,100076,100,99565,100,100077,100,99557,100,100101,100,99527,100,100106,100,99494,100
2019-06-28 09:43:08.726235578,99853,100,99829,232,99881,432,99818,232,99999,232,99750,100,100041,100,99708,100,100058,100,99690,100,100061,100,99684,100,100064,100,99565,100,100076,100,99557,100,100077,100,99527,100,100101,100,99494,100
2019-06-28 09:43:10.000000000,99853,232,99829,232,99881,432,99818,232,99999,100,99750,100,100041,100,99708,100,100058,100,99690,100,100061,100,99684,100,100064,100,99565,100,100076,100,99557,100,100077,100,99527,100,100101,100,99494,100
2019-06-28 09:43:20.000000000,99853,232,99829,232,99881,432,99818,232,99999,100,99750,100,100041,100,99708,100,100058,100,99690,100,100061,100,99684,100,100064,100,99565,100,100076,100,99557,100,100077,100,99527,100,100101,100,99494,100
2019-06-28 09:43:28.889460875,99853,332,99829,232,99881,432,99818,232,99999,100,99750,100,100041,100,99708,100,100058,100,99690,100,100061,100,99684,100,100064,100,99565,100,100076,100,99557,100,100077,100,99527,100,100101,100,99494,100
2019-06-28 09:43:30.000000000,99853,290,99829,190,99881,387,99818,187,99999,187,99750,187,100041,100,99708,100,100058,100,99690,100,100061,100,99684,100,100064,100,99565,100,100076,100,99557,100,100077,100,99527,100,100101,100,99494,100
2019-06-28 09:43:40.000000000,99853,332,99829,232,99881,432,99818,232,99999,100,99750,100,100041,100,99708,100,100058,100,99690,100,100061,100,99684,100,100064,100,99565,100,100076,100,99557,100,100077,100,99527,100,100101,100,99494,100
2019-06-28 09:43:43.378285815,99853,332,99829,132,99881,432,99818,232,99999,100,99750,100,100041,100,99708,100,100058,100,99690,100,100061,100,99684,100,100064,100,99565,100,100076,100,99557,100,100077,100,99527,100,100101,100,99494,100
2019-06-28 09:43:45.956754672,99853,332,99829,32,99881,432,99818,232,99999,100,99750,100,100041,100,99708,100,100058,100,99690,100,100061,100,99684,100,100064,100,99557,100,100076,100,99527,100,100077,100,99494,100,100101,100,99489,100
2019-06-28 09:43:50.000000000,99853,266,99818,166,99881,366,99750,166,99999,166,99708,166,100041,166,99690,166,100058,100,99684,100,100061,100,99557,100,100064,100,99527,100,100076,100,99494,100,100077,100,99489,100,100101,100,99479,100
2019-06-28 09:44:00.000000000,99853,290,99818,190,99881,387,99750,187,99999,187,99708,187,100041,100,99690,100,100058,100,99684,100,100061,100,99557,100,100064,100,99527,100,100076,100,99494,100,100077,100,99489,100,100101,100,99479,100
2019-06-28 09:44:10.000000000,99853,266,99818,166,99881,366,99750,166,99999,166,99708,166,100041,166,99690,166,100058,100,99684,100,100061,100,99557,100,100064,100,99527,100,100076,100,99494,100,100077,100,99489,100,100101,100,99479,100
2019-06-28 09:44:20.000000000,99853,266,99818,166,99881,366,99750,166,99999,166,99708,166,100041,166,99690,166,100058,100,99684,100,100061,100,99557,100,100064,100,99527,100,100076,100,99494,100,100077,100,99489,100,100101,100,99479,100
2019-06-28 09:44:28.686826434,99853,266,99818,166,99881,366,99750,166,99999,166,99708,166,100041,166,99690,166,100058,100,99684,100,100061,100,99616,100,100064,100,99557,100,100076,100,99527,100,100077,100,99494,100,100101,100,99489,100
2019-06-28 09:44:30.000000000,99853,464,99818,364,99881,300,99750,100,99999,100,99708,100,100041,100,99690,100,100058,100,99684,100,100061,100,99616,100,100064,100,99557,100,100076,100,99527,100,100077,100,99494,100,100101,100,99489,100
2019-06-28 09:44:40.000000000,99853,266,99818,166,99881,366,99750,166,99999,166,99708,166,100041,166,99690,166,100058,100,99684,100,100061,100,99616,100,100064,100,99557,100,100076,100,99527,100,100077,100,99494,100,100101,100,99489,100
2019-06-28 09:44:50.000000000,99853,332,99818,232,99881,432,99750,232,99999,100,99708,100,100041,100,99690,100,100058,100,99684,100,100061,100,99616,100,100064,100,99557,100,100076,100,99527,100,100077,100,99494,100,100101,100,99489,100
2019-06-28 09:44:55.494118417,99853,332,99818,232,99881,432,99750,232,99999,100,99708,100,100041,100,99690,100,100058,100,99684,100,100061,100,99616,100,100064,100,99557,100,100076,100,99527,100,100077,100,99494,100,100101,100,99489,100
2019-06-28 09:45:00.000000000,99853,266,99818,166,99881,366,99750,166,99999,166,99708,166,100041,166,99690,166,100058,100,99684,100,100061,100,99616,100,100064,100,99557,100,100076,100,99527,100,100077,100,99494,100,100101,100,99489,100
2019-06-28 09:45:10.000000000,99853,464,99818,364,99881,300,99750,100,99999,100,99708,100,100041,100,99690,100,100058,100,99684,100,100061,100,99616,100,100064,100,99557,100,100076,100,99527,100,100077,100,99494,100,100101,100,99489,100
2019-06-28 09:45:17.588135298,99853,364,99818,364,99881,300,99750,100,99999,100,99708,100,100041,100,99690,100,100058,100,99684,100,100061,100,99616,100,100064,100,99557,100,100076,100,99527,100,100077,100,99494,100,100101,100,99489,100
2019-06-28 09:45:20.000000000,99853,190,99818,190,99881,387,99750,187,99999,187,99708,187,100041,100,99690,100,100058,100,99684,100,100061,100,99616,100,100064,100,99557,100,100076,100,99527,100,100077,100,99494,100,100101,100,99489,100
2019-06-28 09:45:30.000000000,99853,153,99818,153,99881,353,99750,153,99999,153,99708,153,100041,153,99690,153,100058,153,99684,153,100061,100,99616,100,100064,100,99557,100,100076,100,99527,100,100077,100,99494,100,100101,100,99489,100
2019-06-28 09:45:40.000000000,99853,190,99818,190,99881,387,99750,187,99999,187,99708,187,100041,100,99690,100,100058,100,99684,100,100061,100,99616,100,100064,100,99557,100,100076,100,99527,100,100077,100,99494,100,100101,100,99489,100
2019-06-28 09:45:50.000000000,99853,153,99818,153,99881,353,99750,153,99999,153,99708,153,100041,153,99690,153,100058,153,99684,153,100061,100,99616,100,100064,100,99557,100,100076,100,99527,100,100077,100,99494,100,100101,100,99489,100
2019-06-28 09:45:56.592271820,99853,153,99818,153,99881,353,99750,153,99999,153,99708,53,100041,153,99690,153,100058,153,99684,153,100061,100,99616,100,100064,100,99557,100,100076,100,99527,100,100077,100,99494,100,100101,100,99489,100
2019-06-28 09:46:00.000000000,99853,364,99818,364,99881,300,99750,100,99999,100,99690,100,100041,100,99684,100,100058,100,99616,100,100061,100,99557,100,100064,100,99527,100,100076,100,99494,100,100077,100,99489,100,100101,100,99479,100
2019-06-28 09:46:10.000000000,99853,166,99818,166,99881,366,99750,166,99999,166,99690,166,100041,166,99684,166,100058,100,99616,100,100061,100,99557,100,100064,100,99527,100,100076,100,99494,100,100077,100,99489,100,100101,100,99479,100
2019-06-28 09:46:20.000000000,99853,190,99818,190,99881,387,99750,187,99999,187,99690,187,100041,100,99684,100,100058,100,99616,100,100061,100,99557,100,100064,100,99527,100,100076,100,99494,100,100077,100,99489,100,100101,100,99479,100
2019-06-28 09:46:30.000000000,99853,166,99818,166,99881,366,99750,166,99999,166,99690,166,100041,166,99684,166,100058,100,99616,100,100061,100,99557,100,100064,100,99527,100,100076,100,99494,100,100077,100,99489,100,100101,100,99479,100
2019-06-28 09:46:40.000000000,99853,166,99818,166,99881,366,99750,166,99999,166,99690,166,100041,166,99684,166,100058,100,99616,100,100061,100,99557,100,100064,100,99527,100,100076,100,99494,100,100077,100,99489,100,100101,100,99479,100
2019-06-28 09:46:50.000000000,99853,190,99818,190,99881,387,99750,187,99999,187,99690,187,100041,100,99684,100,100058,100,99616,100,100061,100,99557,100,100064,100,99527,100,100076,100,99494,100,100077,100,99489,100,100101,100,99479,100
2019-06-28 09:47:00.000000000,99853,153,99818,153,99881,353,99750,153,99999,153,99690,153,100041,153,99684,153,100058,153,99616,153,100061,100,99557,100,100064,100,99527,100,100076,100,99494,100,100077,100,99489,100,100101,100,99479,100
2019-06-28 09:47:10.000000000,99853,364,99818,364,99881,300,99750,100,99999,100,99690,100,100041,100,99684,100,100058,100,99616,100,100061,100,99557,100,100064,100,99527,100,100076,100,99494,100,100077,100,99489,100,100101,100,99479,100
2019-06-28 09:47:15.289589674,99853,364,99829,100,99881,300,99818,364,99999,100,99750,100,100041,100,99690,100,100058,100,99684,100,100061,100,99616,100,100064,100,99557,100,100076,100,99527,100,100077,100,99494,100,100101,100,99489,100
2019-06-28 09:47:20.000000000,99853,153,99829,153,99881,353,99818,153,99999,153,99750,153,100041,153,99690,153,100058,153,99684,153,100061,100,99616,100,100064,100,99557,100,100076,100,99527,100,100077,100,99494,100,100101,100,99489,100
2019-06-28 09:47:21.069266022,99853,153,99829,253,99881,353,99818,153,99999,153,99750,153,100041,153,99690,153,100058,153,99684,153,100061,100,99616,100,100064,100,99557,100,100076,100,99527,100,100077,100,99494,100,100101,100,99489,100
2019-06-28 09:47:23.346840346,99853,53,99829,253,99881,353,99818,153,99999,153,99750,153,100041,153,99690,153,100058,153,99684,153,100061,100,99616,100,100064,100,99557,100,100076,100,99527,100,100077,100,99494,100,100101,100,99489,100
2019-06-28 09:47:30.000000000,99881,432,99829,332,99999,232,99818,232,100041,100,99750,100,100058,100,99690,100,100061,100,99684,100,100064,100,99616,100,100076,100,99557,100,100077,100,99527,100,100101,100,99494,100,100106,100,99489,100
2019-06-28 09:47:34.027288559,99881,432,99829,332,99999,232,99818,232,100041,100,99750,100,100058,100,99690,100,100064,100,99684,100,100076,100,99616,100,100077,100,99557,100,100101,100,99527,100,100106,100,99494,100,100128,100,99489,100
2019-06-28 09:47:40.000000000,99881,432,99829,332,99999,232,99818,232,100041,100,99750,100,100058,100,99690,100,100064,100,99684,100,100076,100,99616,100,100077,100,99557,100,100101,100,99527,100,100106,100,99494,100,100128,100,99489,100
2019-06-28 09:47:50.000000000,99881,353,99829,253,99999,153,99818,153,100041,153,99750,153,100058,153,99690,153,100064,153,99684,153,100076,100,99616,100,100077,100,99557,100,100101,100,99527,100,100106,100,99494,100,100128,100,99489,100
2019-06-28 09:47:53.221409458,99881,253,99829,253,99999,153,99818,153,100041,153,99750,153,100058,153,99690,153,100064,153,99684,153,100076,100,99557,100,100077,100,99527,100,100101,100,99494,100,100106,100,99489,100,100128,100,99479,100
2019-06-28 09:47:55.320543428,99881,253,99853,100,99999,153,99829,253,100041,153,99818,153,100058,153,99750,153,100064,153,99690,153,100076,100,99684,153,100077,100,99557,100,100101,100,99527,100,100106,100,99494,100,100128,100,99489,100
2019-06-28 09:48:00.000000000,99881,464,99853,364,99999,100,99829,200,100041,100,99818,100,100058,100,99750,100,100064,100,99690,100,100076,100,99684,100,100077,100,99557,100,100101,100,99527,100,100106,100,99494,100,100128,100,99489,100
2019-06-28 09:48:10.000000000,99881,332,99853,232,99999,232,99829,332,100041,100,99818,100,100058,100,99750,100,100064,100,99690,100,100076,100,99684,100,100077,100,99557,100,100101,100,99527,100,100106,100,99494,100,100128,100,99489,100
2019-06-28 09:48:20.000000000,99881,290,99853,190,99999,187,99829,287,100041,187,99818,187,100058,100,99750,100,100064,100,99690,100,100076,100,99684,100,100077,100,99557,100,100101,100,99527,100,100106,100,99494,100,100128,100,99489,100
2019-06-28 09:48:30.000000000,99881,290,99853,190,99999,187,99829,287,100041,187,99818,187,100058,100,99750,100,100064,100,99690,100,100076,100,99684,100,100077,100,99557,100,100101,100,99527,100,100106,100,99494,100,100128,100,99489,100
2019-06-28 09:48:38.309402871,99881,290,99853,190,99999,187,99829,287,100041,187,99818,187,100058,100,99750,100,100064,100,99690,100,100076,100,99557,100,100077,100,99527,100,100101,100,99494,100,100106,100,99489,100,100128,100,99479,100
2019-06-28 09:48:40.000000000,99881,253,99853,153,99999,153,99829,253,100041,153,99818,153,100058,153,99750,153,100064,153,99690,153,100076,100,99557,100,100077,100,99527,100,100101,100,99494,100,100106,100,99489,100,100128,100,99479,100
2019-06-28 09:48:50.000000000,99881,332,99853,232,99999,232,99829,332,100041,100,99818,100,100058,100,99750,100,100064,100,99690,100,100076,100,99557,100,100077,100,99527,100,100101,100,99494,100,100106,100,99489,100,100128,100,99479,100
2019-06-28 09:49:00.000000000,99881,290,99853,190,99999,187,99829,287,100041,187,99818,187,100058,100,99750,100,100064,100,99690,100,100076,100,99557,100,100077,100,99527,100,100101,100,99494,100,100106,100,99489,100,100128,100,99479,100
2019-06-28 09:49:10.000000000,99881,266,99853,166,99999,166,99829,266,100041,166,99818,166,100058,166,99750,166,100064,100,99690,100,100076,100,99557,100,100077,100,99527,100,100101,100,99494,100,100106,100,99489,100,100128,100,99479,100
2019-06-28 09:49:13.599461319,99881,266,99853,166,99999,166,99829,266,100041,166,99818,166,100058,166,99750,166,100064,100,99690,100,100076,100,99557,100,100077,100,99527,100,100101,100,99489,100,100106,100,99479,100,100128,100,99397,100
2019-06-28 09:49:20.000000000,99881,464,99853,364,99999,100,99829,200,100041,100,99818,100,100058,100,99750,100,100064,100,99690,100,100076,100,99557,100,100077,100,99527,100,100101,100,99489,100,100106,100,99479,100,100128,100,99397,100
2019-06-28 09:49:22.724635182,99881,364,99853,364,99999,100,99829,200,100041,100,99818,100,100058,100,99750,100,100064,100,99690,100,100076,100,99557,100,100077,100,99527,100,100101,100,99489,100,100106,100,99479,100,100128,100,99397,100
2019-06-28 09:49:30.000000000,99881,153,99853,153,99999,153,99829,253,100041,153,99818,153,100058,153,99750,153,100064,153,99690,153,100076,100,99557,100,100077,100,99527,100,100101,100,99489,100,100106,100,99479,100,100128,100,99397,100
2019-06-28 09:49:32.578554523,99881,153,99853,153,99999,153,99829,253,100041,153,99818,153,100058,153,99750,153,100064,153,99690,153,100076,100,99557,100,100101,100,99527,100,100106,100,99489,100,100128,100,99479,100,100249,100,99397,100
2019-06-28 09:49:40.000000000,99881,190,99853,190,99999,187,99829,287,100041,187,99818,187,100058,100,99750,100,100064,100,99690,100,100076,100,99557,100,100101,100,99527,100,100106,100,99489,100,100128,100,99479,100,100249,100,99397,100
2019-06-28 09:49:50.000000000,99881,364,99853,364,99999,100,99829,200,100041,100,99818,100,100058,100,99750,100,100064,100,99690,100,100076,100,99557,100,100101,100,99527,100,100106,100,99489,100,100128,100,99479,100,100249,100,99397,100
2019-06-28 09:49:58.506995054,99881,364,99853,364,99999,100,99829,200,100041,100,99818,100,100058,100,99750,100,100064,100,99690,100,100076,100,99557,100,100101,100,99527,100,100106,100,99489,100,100128,100,99479,100,100249,100,99397,100
2019-06-28 09:49:59.303555821,99881,364,99853,364,99999,100,99829,200,100041,100,99818,100,100058,100,99750,100,100064,100,99690,100,100076,100,99557,100,100101,100,99527,100,100106,100,99489,100,100128,100,99479,100,100249,100,99397,100
2019-06-28 09:50:00.000000000,99881,153,99853,153,99999,153,99829,253,100041,153,99818,153,100058,153,99750,153,100064,153,99690,153,100076,100,99557,100,100101,100,99527,100,100106,100,99489,100,100128,100,99479,100,100249,100,99397,100
2019-06-28 09:50:08.121006182,99881,53,99853,153,99999,153,99829,253,100041,153,99818,153,100058,153,99750,153,100064,153,99690,153,100076,100,99557,100,100101,100,99527,100,100106,100,99489,100,100128,100,99479,100,100249,100,99397,100
2019-06-28 09:50:10.000000000,99999,166,99853,166,100041,166,99829,266,100058,166,99818,166,100064,166,99750,166,100076,100,99690,100,100101,100,99557,100,100106,100,99527,100,100128,100,99489,100,100249,100,99479,100,100282,100,99397,100
2019-06-28 09:50:16.138434359,99999,166,99881,100,100041,166,99853,166,100058,166,99829,266,100064,166,99818,166,100076,100,99750,166,100101,100,99690,100,100106,100,99557,100,100128,100,99527,100,100249,100,99489,100,100282,100,99479,100
2019-06-28 09:50:20.000000000,99999,232,99881,232,100041,232,99853,232,100058,100,99829,200,100064,100,99818,100,100076,100,99750,100,100101,100,99690,100,100106,100,99557,100,100128,100,99527,100,100249,100,99489,100,100282,100,99479,100
2019-06-28 09:50:22.713303716,99999,232,99881,232,100041,232,99853,232,100058,100,99829,200,100064,100,99818,100,100076,100,99750,100,100101,100,99690,100,100106,100,99557,100,100128,100,99527,100,100249,100,99489,100,100282,100,99479,100
2019-06-28 09:50:30.000000000,99999,166,99881,166,100041,166,99853,166,100058,166,99829,266,100064,166,99818,166,100076,100,99750,100,100101,100,99690,100,100106,100,99557,100,100128,100,99527,100,100249,100,99489,100,100282,100,99479,100
2019-06-28 09:50:33.588541602,99999,166,99881,166,100041,66,99853,166,100058,166,99829,266,100064,166,99818,166,100076,100,99750,100,100101,100,99690,100,100106,100,99557,100,100128,100,99527,100,100249,100,99489,100,100282,100,99479,100
2019-06-28 09:50:40.000000000,99999,166,99881,166,100058,166,99853,166,100064,166,99829,266,100076,166,99818,166,100101,100,99750,100,100106,100,99690,100,100128,100,99557,100,100249,100,99527,100,100282,100,99489,100,100493,100,99479,100
2019-06-28 09:50:50.000000000,99999,232,99881,232,100058,232,99853,232,100064,100,99829,200,100076,100,99818,100,100101,100,99750,100,100106,100,99690,100,100128,100,99557,100,100249,100,99527,100,100282,100,99489,100,100493,100,99479,100
2019-06-28 09:50:56.461683808,99999,232,99881,232,100058,232,99853,132,100064,100,99829,200,100076,100,99818,100,100101,100,99750,100,100106,100,99690,100,100128,100,99557,100,100249,100,99527,100,100282,100,99489,100,100493,100,99479,100
2019-06-28 09:50:57.059692924,99999,232,99881,232,100058,232,99853,132,100064,100,99829,200,100076,100,99818,100,100101,100,99750,100,100106,100,99690,100,100128,100,99557,100,100249,100,99527,100,100282,100,99489,100,100493,100,99479,100
2019-06-28 09:51:00.000000000,99999,364,99881,364,100058,100,99829,200,100064,100,99818,100,100076,100,99750,100,100101,100,99690,100,100106,100,99557,100,100128,100,99527,100,100249,100,99489,100,100282,100,99479,100,100493,100,99397,100
2019-06-28 09:51:02.115260538,99999,364,99881,364,100058,100,99829,200,100064,100,99818,100,100076,100,99750,100,100101,100,99690,100,100106,100,99557,100,100128,100,99527,100,100249,100,99489,100,100282,100,99479,100,100493,100,99397,100
2019-06-28 09:51:10.000000000,99999,166,99881,166,100058,166,99829,266,100064,166,99818,166,100076,166,99750,166,100101,100,99690,100,100106,100,99557,100,100128,100,99527,100,100249,100,99489,100,100282,100,99479,100,100493,100,99397,100
2019-06-28 09:51:20.000000000,99999,190,99881,190,100058,187,99829,287,100064,187,99818,187,100076,100,99750,100,100101,100,99690,100,100106,100,99557,100,100128,100,99527,100,100249,100,99489,100,100282,100,99479,100,100493,100,99397,100
2019-06-28 09:51:30.000000000,99999,232,99881,232,100058,232,99829,332,100064,100,99818,100,100076,100,99750,100,100101,100,99690,100,100106,100,99557,100,100128,100,99527,100,100249,100,99489,100,100282,100,99479,100,100493,100,99397,100
2019-06-28 09:51:40.000000000,99999,364,99881,364,100058,100,99829,200,100064,100,99818,100,100076,100,99750,100,100101,100,99690,100,100106,100,99557,100,100128,100,99527,100,100249,100,99489,100,100282,100,99479,100,100493,100,99397,100
2019-06-28 09:51:50.000000000,99999,166,99881,166,100058,166,99829,266,100064,166,99818,166,100076,166,99750,166,100101,100,99690,100,100106,100,99557,100,100128,100,99527,100,100249,100,99489,100,100282,100,99479,100,100493,100,99397,100
2019-06-28 09:52:00.000000000,99999,364,99881,364,100058,100,99829,200,100064,100,99818,100,100076,100,99750,100,100101,100,99690,100,100106,100,99557,100,100128,100,99527,100,100249,100,99489,100,100282,100,99479,100,100493,100,99397,100
2019-06-28 09:52:01.254280521,99999,364,99881,364,100058,100,99829,100,100064,100,99818,100,100076,100,99750,100,100101,100,99690,100,100106,100,99557,100,100128,100,99527,100,100249,100,99489,100,100282,100,99479,100,100493,100,99397,100
2019-06-28 09:52:10.000000000,99999,364,99881,364,100058,100,99829,100,100064,100,99818,100,100076,100,99750,100,100101,100,99690,100,100106,100,99557,100,100128,100,99527,100,100249,100,99489,100,100282,100,99479,100,100493,100,99397,100
2019-06-28 09:52:20.000000000,99999,153,99881,153,100058,153,99829,153,100064,153,99818,153,100076,153,99750,153,100101,153,99690,153,100106,100,99557,100,100128,100,99527,100,100249,100,99489,100,100282,100,99479,100,100493,100,99397,100
2019-06-28 09:52:25.694857089,99999,153,99881,153,100058,153,99829,153,100064,153,99818,153,100076,153,99750,153,100101,153,99690,153,100106,100,99557,100,100128,100,99527,100,100249,100,99489,100,100282,100,99479,100,100493,100,99206,100
2019-06-28 09:52:30.000000000,99999,153,99881,153,100058,153,99829,153,100064,153,99818,153,100076,153,99750,153,100101,153,99690,153,100106,100,99557,100,100128,100,99527,100,100249,100,99489,100,100282,100,99479,100,100493,100,99206,100
2019-06-28 09:52:36.785925590,99999,153,99881,153,100058,153,99829,153,100064,153,99818,153,100076,153,99750,153,100101,153,99690,153,100106,100,99557,100,100128,100,99527,100,100282,100,99489,100,100493,100,99479,100,100800,100,99206,100
2019-06-28 09:52:40.000000000,99999,166,99881,166,100058,166,99829,166,100064,166,99818,166,100076,166,99750,166,100101,100,99690,100,100106,100,99557,100,100128,100,99527,100,100282,100,99489,100,100493,100,99479,100,100800,100,99206,100
2019-06-28 09:52:42.221114501,99999,166,99881,166,100058,166,99829,166,100064,166,99818,166,100076,166,99750,166,100101,100,99690,100,100106,100,99557,100,100128,100,99489,100,100282,100,99479,100,100493,100,99206,100,100800,100,99171,100
2019-06-28 09:52:43.298052322,99999,166,99881,166,100058,166,99829,166,100064,166,99818,166,100076,166,99750,166,100101,100,99690,100,100106,100,99557,100,100128,100,99489,100,100282,100,99479,100,100493,100,99206,100,100800,100,99171,100
2019-06-28 09:52:50.000000000,99999,153,99881,153,100058,153,99829,153,100064,153,99818,153,100076,153,99750,153,100101,153,99690,153,100106,100,99557,100,100128,100,99489,100,100282,100,99479,100,100493,100,99206,100,100800,100,99171,100
2019-06-28 09:52:54.048046870,99999,153,99881,53,100058,153,99829,153,100064,153,99818,153,100076,153,99750,153,100101,153,99690,153,100106,100,99557,100,100128,100,99489,100,100282,100,99479,100,100493,100,99206,100,100800,100,99171,100
2019-06-28 09:52:56.086499762,99880,47,99829,153,99999,153,99818,153,100058,153,99750,153,100064,153,99690,153,100076,153,99557,100,100101,153,99489,100,100106,100,99479,100,100128,100,99206,100,100282,100,99171,100,100493,100,99092,100
2019-06-28 09:53:00.000000000,99880,311,99829,364,99999,100,99818,100,100058,100,99750,100,100064,100,99690,100,100076,100,99557,100,100101,100,99489,100,100106,100,99479,100,100128,100,99206,100,100282,100,99171,100,100493,100,99092,100
2019-06-28 09:53:09.404043640,99880,311,99829,364,99999,100,99818,100,100058,100,99750,100,100064,100,99690,100,100076,100,99557,100,100101,100,99489,100,100106,100,99479,100,100128,100,99206,100,100282,100,99171,100,100800,100,99092,100
2019-06-28 09:53:10.000000000,99880,137,99829,190,99999,187,99818,187,100058,187,99750,187,100064,100,99690,100,100076,100,99557,100,100101,100,99489,100,100106,100,99479,100,100128,100,99206,100,100282,100,99171,100,100800,100,99092,100
2019-06-28 09:53:20.000000000,99880,100,99829,153,99999,153,99818,153,100058,153,99750,153,100064,153,99690,153,100076,153,99557,153,100101,100,99489,100,100106,100,99479,100,100128,100,99206,100,100282,100,99171,100,100800,100,99092,100
2019-06-28 09:53:30.000000000,99880,100,99829,153,99999,153,99818,153,100058,153,99750,153,100064,153,99690,153,100076,153,99557,153,100101,100,99489,100,100106,100,99479,100,100128,100,99206,100,100282,100,99171,100,100800,100,99092,100
2019-06-28 09:53:34.838797496,99880,100,99829,53,99999,153,99818,153,100058,153,99750,153,100064,153,99690,153,100076,153,99557,153,100101,100,99489,100,100106,100,99479,100,100128,100,99206,100,100282,100,99171,100,100800,100,99092,100
2019-06-28 09:53:40.000000000,99880,137,99818,190,99999,187,99750,187,100058,187,99690,187,100064,100,99557,100,100076,100,99489,100,100101,100,99479,100,100106,100,99206,100,100128,100,99171,100,100282,100,99092,100,100800,100,99042,100
2019-06-28 09:53:46.008766592,99880,137,99818,190,99999,187,99750,187,100058,187,99690,187,100076,100,99557,100,100101,100,99489,100,100106,100,99479,100,100128,100,99274,100,100282,100,99206,100,100800,100,99171,100,100850,100,99092,100
2019-06-28 09:53:50.000000000,99880,311,99818,364,99999,100,99750,100,100058,100,99690,100,100076,100,99557,100,100101,100,99489,100,100106,100,99479,100,100128,100,99274,100,100282,100,99206,100,100800,100,99171,100,100850,100,99092,100
2019-06-28 09:54:00.000000000,99880,113,99818,166,99999,166,99750,166,100058,166,99690,166,100076,166,99557,166,100101,100,99489,100,100106,100,99479,100,100128,100,99274,100,100282,100,99206,100,100800,100,99171,100,100850,100,99092,100
2019-06-28 09:54:03.821523939,99879,100,99818,166,99880,113,99750,166,99999,166,99690,166,100058,166,99557,166,100076,166,99489,100,100101,100,99479,100,100106,100,99274,100,100128,100,99206,100,100282,100,99171,100,100800,100,99092,100
2019-06-28 09:54:10.000000000,99879,232,99818,232,99880,179,99750,232,99999,100,99690,100,100058,100,99557,100,100076,100,99489,100,100101,100,99479,100,100106,100,99274,100,100128,100,99206,100,100282,100,99171,100,100800,100,99092,100
2019-06-28 09:54:20.000000000,99879,190,99818,190,99880,134,99750,187,99999,187,99690,187,100058,100,99557,100,100076,100,99489,100,100101,100,99479,100,100106,100,99274,100,100128,100,99206,100,100282,100,99171,100,100800,100,99092,100
2019-06-28 09:54:30.000000000,99879,232,99818,232,99880,179,99750,232,99999,100,99690,100,100058,100,99557,100,100076,100,99489,100,100101,100,99479,100,100106,100,99274,100,100128,100,99206,100,100282,100,99171,100,100800,100,99092,100
2019-06-28 09:54:34.493095644,99879,232,99818,232,99880,179,99750,232,99999,100,99690,100,100058,100,99557,100,100076,100,99489,100,100101,100,99479,100,100106,100,99274,100,100128,100,99253,100,100282,100,99206,100,100800,100,99171,100
2019-06-28 09:54:37.597850240,99879,232,99818,132,99880,179,99750,232,99999,100,99690,100,100058,100,99557,100,100076,100,99489,100,100101,100,99479,100,100106,100,99274,100,100128,100,99253,100,100282,100,99206,100,100800,100,99171,100
2019-06-28 09:54:37.903810670,99879,232,99818,132,99880,179,99750,232,99999,100,99690,100,100058,100,99557,100,100076,100,99489,100,100101,100,99479,100,100106,100,99274,100,100128,100,99253,100,100282,100,99206,100,100800,100,99171,100
2019-06-28 09:54:40.000000000,99879,364,99750,364,99880,47,99690,100,99999,100,99557,100,100058,100,99489,100,100076,100,99479,100,100101,100,99274,100,100106,100,99253,100,100128,100,99206,100,100282,100,99171,100,100800,100,99092,100
2019-06-28 09:54:50.000000000,99879,153,99750,153,99880,100,99690,153,99999,153,99557,153,100058,153,99489,153,100076,153,99479,153,100101,100,99274,100,100106,100,99253,100,100128,100,99206,100,100282,100,99171,100,100800,100,99092,100
2019-06-28 09:54:54.329267262,99879,153,99750,153,99880,100,99690,153,99999,153,99557,153,100058,153,99489,153,100076,153,99479,153,100101,100,99274,100,100106,100,99253,100,100128,100,99206,100,100282,100,99171,100,100800,100,99092,200
2019-06-28 09:55:00.000000000,99879,190,99750,190,99880,134,99690,187,99999,187,99557,187,100058,100,99489,100,100076,100,99479,100,100101,100,99274,100,100106,100,99253,100,100128,100,99206,100,100282,100,99171,100,100800,100,99092,200
2019-06-28 09:55:06.049726711,99879,190,99750,90,99880,134,99690,187,99999,187,99557,187,100058,100,99489,100,100076,100,99479,100,100101,100,99274,100,100106,100,99253,100,100128,100,99206,100,100282,100,99171,100,100800,100,99092,200
2019-06-28 09:55:06.687253805,99818,100,99750,90,99879,190,99690,187,99880,134,99557,187,99999,187,99489,100,100058,100,99479,100,100076,100,99274,100,100101,100,99253,100,100106,100,99206,100,100128,100,99171,100,100282,100,99092,200
2019-06-28 09:55:10.000000000,99818,232,99690,232,99879,232,99557,232,99880,47,99489,100,99999,100,99479,100,100058,100,99274,100,100076,100,99253,100,100101,100,99206,100,100106,100,99171,100,100128,100,99092,200,100282,100,99042,100
2019-06-28 09:55:20.000000000,99818,153,99690,153,99879,153,99557,153,99880,100,99489,153,99999,153,99479,153,100058,153,99274,153,100076,100,99253,100,100101,100,99206,100,100106,100,99171,100,100128,100,99092,200,100282,100,99042,100
2019-06-28 09:55:30.000000000,99818,232,99690,232,99879,232,99557,232,99880,47,99489,100,99999,100,99479,100,100058,100,99274,100,100076,100,99253,100,100101,100,99206,100,100106,100,99171,100,100128,100,99092,200,100282,100,99042,100
2019-06-28 09:55:40.000000000,99818,364,99690,364,99879,100,99557,100,99880,47,99489,100,99999,100,99479,100,100058,100,99274,100,100076,100,99253,100,100101,100,99206,100,100106,100,99171,100,100128,100,99092,200,100282,100,99042,100
2019-06-28 09:55:46.290270661,99818,364,99690,264,99879,100,99557,100,99880,47,99489,100,99999,100,99479,100,100058,100,99274,100,100076,100,99253,100,100101,100,99206,100,100106,100,99171,100,100128,100,99092,200,100282,100,99042,100
2019-06-28 09:55:50.000000000,99818,364,99557,364,99879,100,99489,100,99880,47,99479,100,99999,100,99274,100,100058,100,99253,100,100076,100,99206,100,100101,100,99171,100,100106,100,99092,200,100128,100,99042,100,100282,100,99025,100
2019-06-28 09:56:00.000000000,99818,166,99557,166,99879,166,99489,166,99880,113,99479,166,99999,166,99274,166,100058,100,99253,100,100076,100,99206,100,100101,100,99171,100,100106,100,99092,200,100128,100,99042,100,100282,100,99025,100
2019-06-28 09:56:00.555583215,99818,166,99557,166,99879,166,99489,166,99880,113,99479,166,99999,166,99322,100,100058,100,99274,166,100076,100,99253,100,100101,100,99206,100,100106,100,99171,100,100128,100,99092,200,100282,100,99025,100
2019-06-28 09:56:02.708911489,99818,166,99557,66,99879,166,99489,166,99880,113,99479,166,99999,166,99322,100,100058,100,99274,166,100076,100,99253,100,100101,100,99206,100,100106,100,99171,100,100128,100,99092,200,100282,100,99007,100
2019-06-28 09:56:10.000000000,99818,190,99489,190,99879,187,99479,187,99880,134,99322,187,99999,100,99274,100,100058,100,99253,100,100076,100,99206,100,100101,100,99171,100,100106,100,99092,200,100128,100,99007,100,100282,100,98969,100
2019-06-28 09:56:15.061890858,99818,190,99489,90,99879,187,99479,187,99880,134,99322,187,99999,100,99274,100,100058,100,99253,100,100076,100,99206,100,100101,100,99171,100,100106,100,99092,200,100282,100,99007,100,100800,100,98969,100
2019-06-28 09:56:20.000000000,99818,364,99479,364,99879,100,99322,100,99880,47,99274,100,99999,100,99253,100,100058,100,99206,100,100076,100,99171,100,100101,100,99092,200,100106,100,99007,100,100282,100,98969,100,100800,100,98842,100
2019-06-28 09:56:30.000000000,99818,232,99479,232,99879,232,99322,232,99880,47,99274,100,99999,100,99253,100,100058,100,99206,100,100076,100,99171,100,100101,100,99092,200,100106,100,99007,100,100282,100,98969,100,100800,100,98842,100
2019-06-28 09:56:31.284314147,99818,232,99479,132,99879,232,99322,232,99880,47,99274,100,99999,100,99253,100,100058,100,99206,100,100076,100,99171,100,100101,100,99092,200,100106,100,99007,100,100282,100,98969,100,100800,100,98842,100
2019-06-28 09:56:40.000000000,99818,364,99322,364,99879,100,99274,100,99880,47,99253,100,99999,100,99206,100,100058,100,99171,100,100076,100,99092,200,100101,100,99007,100,100106,100,98969,100,100282,100,98842,100,100800,100,,
2019-06-28 09:56:48.483304417,99554,100,99322,364,99818,364,99274,100,99879,100,99253,100,99880,47,99206,100,99999,100,99171,100,100058,100,99092,200,100076,100,99007,100,100101,100,98969,100,100106,100,98842,100,100282,100,,
2019-06-28 09:56:50.000000000,99554,190,99322,190,99818,187,99274,187,99879,187,99253,187,99880,47,99206,100,99999,100,99171,100,100058,100,99092,200,100076,100,99007,100,100101,100,98969,100,100106,100,98842,100,100282,100,,
2019-06-28 09:56:50.894691704,99554,190,99322,90,99818,187,99274,187,99879,187,99253,187,99880,47,99206,100,99999,100,99171,100,100058,100,99092,100,100076,100,99007,100,100101,100,98969,100,100106,100,98842,100,100282,100,,
2019-06-28 09:57:00.000000000,99554,166,99274,166,99818,166,99253,166,99879,166,99206,166,99880,113,99171,166,99999,100,99092,100,100058,100,99007,100,100076,100,98969,100,100101,100,98842,100,100106,100,,,100282,100,,
2019-06-28 09:57:00.984801298,99554,166,99274,66,99818,166,99253,166,99879,166,99206,166,99880,113,99171,166,99999,100,99092,100,100058,100,99007,100,100076,100,98969,100,100101,100,98842,100,100106,100,,,100282,100,,
2019-06-28 09:57:07.059695830,99554,166,99274,66,99818,166,99253,166,99879,166,99206,166,99880,113,99171,166,99999,100,99092,100,100058,100,99059,100,100076,100,99007,100,100101,100,98969,100,100106,100,98842,100,100282,100,,
2019-06-28 09:57:10.000000000,99554,364,99253,364,99818,100,99206,100,99879,100,99171,100,99880,47,99092,100,99999,100,99059,100,100058,100,99007,100,100076,100,98969,100,100101,100,98842,100,100106,100,,,100282,100,,
2019-06-28 09:57:20.000000000,99554,190,99253,190,99818,187,99206,187,99879,187,99171,187,99880,47,99092,100,99999,100,99059,100,100058,100,99007,100,100076,100,98969,100,100101,100,98842,100,100106,100,,,100282,100,,
2019-06-28 09:57:30.000000000,99554,166,99253,166,99818,166,99206,166,99879,166,99171,166,99880,113,99092,166,99999,100,99059,100,100058,100,99007,100,100076,100,98969,100,100101,100,98842,100,100106,100,,,100282,100,,
2019-06-28 09:57:40.000000000,99554,166,99253,166,99818,166,99206,166,99879,166,99171,166,99880,113,99092,166,99999,100,99059,100,100058,100,99007,100,100076,100,98969,100,100101,100,98842,100,100106,100,,,100282,100,,
2019-06-28 09:57:50.000000000,99554,166,99253,166,99818,166,99206,166,99879,166,99171,166,99880,113,99092,166,99999,100,99059,100,100058,100,99007,100,100076,100,98969,100,100101,100,98842,100,100106,100,,,100282,100,,
2019-06-28 09:57:54.094420934,99554,166,99253,166,99557,100,99206,166,99818,166,99171,166,99879,166,99092,166,99880,113,99059,100,99999,100,99007,100,100058,100,98969,100,100076,100,98842,100,100101,100,,,100106,100,,
2019-06-28 09:58:00.000000000,99554,364,99253,364,99557,100,99206,100,99818,100,99171,100,99879,100,99092,100,99880,47,99059,100,99999,100,99007,100,100058,100,98969,100,100076,100,98842,100,100101,100,,,100106,100,,
2019-06-28 09:58:03.881494547,99554,364,99253,364,99557,100,99206,100,99818,100,99171,100,99849,100,99092,100,99879,100,99059,100,99880,47,99007,100,99999,100,98969,100,100058,100,98842,100,100076,100,,,100101,100,,
2019-06-28 09:58:09.617543758,99554,364,99514,100,99557,100,99253,364,99818,100,99206,100,99849,100,99171,100,99879,100,99092,100,99880,47,99059,100,99999,100,99007,100,100058,100,98969,100,100076,100,98842,100,100106,100,,
2019-06-28 09:58:10.000000000,99554,232,99514,232,99557,232,99253,232,99818,100,99206,100,99849,100,99171,100,99879,100,99092,100,99880,47,99059,100,99999,100,99007,100,100058,100,98969,100,100076,100,98842,100,100106,100,,
2019-06-28 09:58:20.000000000,99554,364,99514,364,99557,100,99253,100,99818,100,99206,100,99849,100,99171,100,99879,100,99092,100,99880,47,99059,100,99999,100,99007,100,100058,100,98969,100,100076,100,98842,100,100106,100,,
2019-06-28 09:58:30.000000000,99554,166,99514,166,99557,166,99253,166,99818,166,99206,166,99849,166,99171,166,99879,100,99092,100,99880,47,99059,100,99999,100,99007,100,100058,100,98969,100,100076,100,98842,100,100106,100,,
2019-06-28 09:58:40.000000000,99554,364,99514,364,99557,100,99253,100,99818,100,99206,100,99849,100,99171,100,99879,100,99092,100,99880,47,99059,100,99999,100,99007,100,100058,100,98969,100,100076,100,98842,100,100106,100,,
2019-06-28 09:58:50.000000000,99554,153,99514,153,99557,153,99253,153,99818,153,99206,153,99849,153,99171,153,99879,153,99092,153,99880,47,99059,100,99999,100,99007,100,100058,100,98969,100,100076,100,98842,100,100106,100,,
2019-06-28 09:58:50.972042190,99554,53,99514,153,99557,153,99253,153,99818,153,99206,153,99849,153,99171,153,99879,153,99092,153,99880,47,99059,100,99999,100,99007,100,100058,100,98969,100,100076,100,98842,100,100106,100,,
2019-06-28 09:59:00.000000000,99557,166,99514,166,99818,166,99253,166,99849,166,99206,166,99879,166,99171,166,99880,47,99092,100,99999,100,99059,100,100058,100,99007,100,100076,100,98969,100,100106,100,98842,100,100282,100,,
2019-06-28 09:59:10.000000000,99557,364,99514,364,99818,100,99253,100,99849,100,99206,100,99879,100,99171,100,99880,47,99092,100,99999,100,99059,100,100058,100,99007,100,100076,100,98969,100,100106,100,98842,100,100282,100,,
2019-06-28 09:59:20.000000000,99557,232,99514,232,99818,232,99253,232,99849,100,99206,100,99879,100,99171,100,99880,47,99092,100,99999,100,99059,100,100058,100,99007,100,100076,100,98969,100,100106,100,98842,100,100282,100,,
2019-06-28 09:59:30.000000000,99557,153,99514,153,99818,153,99253,153,99849,153,99206,153,99879,153,99171,153,99880,100,99092,153,99999,100,99059,100,100058,100,99007,100,100076,100,98969,100,100106,100,98842,100,100282,100,,
2019-06-28 09:59:34.650225631,99557,53,99514,153,99818,153,99253,153,99849,153,99206,153,99879,153,99171,153,99880,100,99092,153,99999,100,99059,100,100058,100,99007,100,100076,100,98842,100,100106,100,,,100282,100,,
2019-06-28 09:59:40.000000000,99818,166,99514,166,99849,166,99253,166,99879,166,99206,166,99880,113,99171,166,99999,100,99092,100,100058,100,99059,100,100076,100,99007,100,100106,100,98842,100,100282,100,,,100800,100,,
2019-06-28 09:59:50.000000000,99818,153,99514,153,99849,153,99253,153,99879,153,99206,153,99880,100,99171,153,99999,153,99092,153,100058,100,99059,100,100076,100,99007,100,100106,100,98842,100,100282,100,,,100800,100,,
2019-06-28 10:00:00.000000000,99818,190,99514,190,99849,187,99253,187,99879,187,99206,187,99880,47,99171,100,99999,100,99092,100,100058,100,99059,100,100076,100,99007,100,100106,100,98842,100,100282,100,,,100800,100,,
2019-06-28 10:00:10.000000000,99818,232,99514,232,99849,232,99253,232,99879,100,99206,100,99880,47,99171,100,99999,100,99092,100,100058,100,99059,100,100076,100,99007,100,100106,100,98842,100,100282,100,,,100800,100,,
2019-06-28 10:00:15.002017170,99818,232,99514,232,99849,232,99253,232,99879,100,99206,100,99880,47,99171,100,99999,100,99092,100,100058,100,99059,100,100076,100,99007,100,100106,100,98842,100,100282,100,,,100721,100,,
2019-06-28 10:00:20.000000000,99818,190,99514,190,99849,187,99253,187,99879,187,99206,187,99880,47,99171,100,99999,100,99092,100,100058,100,99059,100,100076,100,99007,100,100106,100,98842,100,100282,100,,,100721,100,,
2019-06-28 10:00:30.000000000,99818,153,99514,153,99849,153,99253,153,99879,153,99206,153,99880,100,99171,153,99999,153,99092,153,100058,100,99059,100,100076,100,99007,100,100106,100,98842,100,100282,100,,,100721,100,,
2019-06-28 10:00:36.751417352,99818,153,99514,153,99849,153,99253,153,99879,153,99206,153,99880,100,99171,153,99999,153,99092,153,100058,100,99059,100,100076,100,99007,100,100106,100,98842,100,100282,100,,,100634,100,,
2019-06-28 10:00:40.000000000,99818,153,99514,153,99849,153,99253,153,99879,153,99206,153,99880,100,99171,153,99999,153,99092,153,100058,100,99059,100,100076,100,99007,100,100106,100,98842,100,100282,100,,,100634,100,,
2019-06-28 10:00:41.991680112,99818,53,99514,153,99849,153,99253,153,99879,153,99206,153,99880,100,99171,153,99999,153,99092,153,100058,100,99059,100,100076,100,99007,100,100106,100,98842,100,100282,100,,,100634,100,,
2019-06-28 10:00:43.245956784,99818,53,99514,153,99849,153,99253,153,99879,153,99206,153,99880,100,99171,153,99999,153,99092,153,100058,100,99059,100,100076,100,99007,100,100106,100,98842,100,100282,100,,,100413,100,,
2019-06-28 10:00:43.305458742,99818,53,99514,153,99849,153,99253,153,99879,153,99206,153,99880,100,99171,153,99999,153,99092,153,100058,100,99059,100,100076,100,99007,100,100106,100,98842,100,100282,100,,,100413,100,,
2019-06-28 10:00:50.000000000,99849,153,99514,153,99879,153,99253,153,99880,100,99206,153,99999,153,99171,153,100058,153,99092,153,100076,100,99059,100,100106,100,99007,100,100282,100,98842,100,100413,100,,,100571,100,,
2019-06-28 10:00:50.447588952,99849,153,99557,100,99879,153,99514,153,99880,100,99253,153,99999,153,99206,153,100058,153,99171,153,100076,100,99092,153,100106,100,99059,100,100282,100,99007,100,100413,100,98842,100,100571,100,,
2019-06-28 10:01:00.000000000,99849,364,99557,364,99879,100,99514,100,99880,47,99253,100,99999,100,99206,100,100058,100,99171,100,100076,100,99092,100,100106,100,99059,100,100282,100,99007,100,100413,100,98842,100,100571,100,,
2019-06-28 10:01:06.461192421,99849,364,99557,464,99879,100,99514,100,99880,47,99253,100,99999,100,99206,100,100058,100,99171,100,100076,100,99092,100,100106,100,99059,100,100282,100,99007,100,100413,100,98842,100,100571,100,,
2019-06-28 10:01:10.000000000,99849,166,99557,266,99879,166,99514,166,99880,113,99253,166,99999,166,99206,166,100058,100,99171,100,100076,100,99092,100,100106,100,99059,100,100282,100,99007,100,100413,100,98842,100,100571,100,,
2019-06-28 10:01:20.000000000,99849,364,99557,464,99879,100,99514,100,99880,47,99253,100,99999,100,99206,100,100058,100,99171,100,100076,100,99092,100,100106,100,99059,100,100282,100,99007,100,100413,100,98842,100,100571,100,,
2019-06-28 10:01:20.677114528,99849,264,99557,464,99879,100,99514,100,99880,47,99253,100,99999,100,99206,100,100058,100,99171,100,100076,100,99092,100,100106,100,99059,100,100282,100,99007,100,100413,100,98842,100,100571,100,,
2019-06-28 10:01:30.000000000,99879,364,99557,464,99880,47,99514,100,99999,100,99253,100,100058,100,99206,100,100076,100,99171,100,100106,100,99092,100,100282,100,99059,100,100413,100,99007,100,100571,100,98842,100,100634,100,,
2019-06-28 10:01:40.000000000,99879,232,99557,332,99880,179,99514,232,99999,100,99253,100,100058,100,99206,100,100076,100,99171,100,100106,100,99092,100,100282,100,99059,100,100413,100,99007,100,100571,100,98842,100,100634,100,,
2019-06-28 10:01:45.383013779,99879,232,99818,100,99880,179,99557,332,99999,100,99514,232,100058,100,99253,100,100076,100,99206,100,100106,100,99171,100,100282,100,99092,100,100413,100,99059,100,100571,100,99007,100,100634,100,98842,100
2019-06-28 10:01:50.000000000,99879,153,99818,153,99880,100,99557,253,99999,153,99514,153,100058,153,99253,153,100076,153,99206,153,100106,100,99171,100,100282,100,99092,100,100413,100,99059,100,100571,100,99007,100,100634,100,98842,100
2019-06-28 10:01:51.633751980,99879,153,99818,153,99880,100,99557,253,99999,153,99514,153,100058,153,99253,153,100076,53,99206,153,100106,100,99171,100,100282,100,99092,100,100413,100,99059,100,100571,100,99007,100,100634,100,98842,100
2019-06-28 10:02:00.000000000,99879,232,99818,232,99880,179,99557,332,99999,100,99514,100,100058,100,99253,100,100106,100,99206,100,100282,100,99171,100,100413,100,99092,100,100571,100,99059,100,100634,100,99007,100,100718,100,98842,100
2019-06-28 10:02:10.000000000,99879,166,99818,166,99880,113,99557,266,99999,166,99514,166,100058,166,99253,166,100106,100,99206,100,100282,100,99171,100,100413,100,99092,100,100571,100,99059,100,100634,100,99007,100,100718,100,98842,100
2019-06-28 10:02:20.000000000,99879,153,99818,153,99880,100,99557,253,99999,153,99514,153,100058,153,99253,153,100106,153,99206,153,100282,100,99171,100,100413,100,99092,100,100571,100,99059,100,100634,100,99007,100,100718,100,98842,100
2019-06-28 10:02:20.131971278,99879,53,99818,153,99880,100,99557,253,99999,153,99514,153,100058,153,99253,153,100106,153,99206,153,100282,100,99171,100,100413,100,99092,100,100571,100,99059,100,100634,100,99007,100,100718,100,98842,100
2019-06-28 10:02:30.000000000,99880,311,99818,364,99999,100,99557,200,100058,100,99514,100,100106,100,99253,100,100282,100,99206,100,100413,100,99171,100,100571,100,99092,100,100634,100,99059,100,100718,100,99007,100,100721,100,98842,100
2019-06-28 10:02:32.154919673,99880,311,99818,364,99999,100,99557,200,100058,100,99514,100,100106,100,99253,100,100282,100,99206,100,100413,100,99171,100,100565,100,99092,100,100571,100,99059,100,100634,100,99007,100,100718,100,98842,100
2019-06-28 10:02:33.247358851,99880,311,99818,364,99999,100,99557,200,100058,100,99514,100,100106,100,99253,100,100282,100,99206,100,100413,100,99171,100,100565,100,99092,100,100571,100,99059,100,100588,100,99007,100,100634,100,98842,100
2019-06-28 10:02:40.000000000,99880,137,99818,190,99999,187,99557,287,100058,187,99514,187,100106,100,99253,100,100282,100,99206,100,100413,100,99171,100,100565,100,99092,100,100571,100,99059,100,100588,100,99007,100,100634,100,98842,100
2019-06-28 10:02:50.000000000,99880,311,99818,364,99999,100,99557,200,100058,100,99514,100,100106,100,99253,100,100282,100,99206,100,100413,100,99171,100,100565,100,99092,100,100571,100,99059,100,100588,100,99007,100,100634,100,98842,100
2019-06-28 10:02:51.437503219,99880,311,99818,364,99999,100,99557,200,100058,100,99514,100,100106,100,99253,100,100282,100,99206,100,100413,100,99171,100,100565,100,99092,100,100571,100,99059,100,100588,100,99007,100,100634,100,98842,100
2019-06-28 10:03:00.000000000,99880,311,99818,364,99999,100,99557,200,100058,100,99514,100,100106,100,99253,100,100282,100,99206,100,100413,100,99171,100,100565,100,99092,100,100571,100,99059,100,100588,100,99007,100,100634,100,98842,100
2019-06-28 10:03:08.589394967,99880,211,99818,364,99999,100,99557,200,100058,100,99514,100,100106,100,99253,100,100282,100,99206,100,100413,100,99171,100,100565,100,99092,100,100571,100,99059,100,100588,100,99007,100,100634,100,98842,100
2019-06-28 10:03:10.000000000,99999,190,99818,190,100058,187,99557,287,100106,187,99514,187,100282,100,99253,100,100413,100,99206,100,100565,100,99171,100,100571,100,99092,100,100588,100,99059,100,100634,100,99007,100,100718,100,98842,100
2019-06-28 10:03:20.000000000,99999,153,99818,153,100058,153,99557,253,100106,153,99514,153,100282,153,99253,153,100413,153,99206,153,100565,100,99171,100,100571,100,99092,100,100588,100,99059,100,100634,100,99007,100,100718,100,98842,100
2019-06-28 10:03:30.000000000,99999,364,99818,364,100058,100,99557,200,100106,100,99514,100,100282,100,99253,100,100413,100,99206,100,100565,100,99171,100,100571,100,99092,100,100588,100,99059,100,100634,100,99007,100,100718,100,98842,100
2019-06-28 10:03:40.000000000,99999,364,99818,364,100058,100,99557,200,100106,100,99514,100,100282,100,99253,100,100413,100,99206,100,100565,100,99171,100,100571,100,99092,100,100588,100,99059,100,100634,100,99007,100,100718,100,98842,100
2019-06-28 10:03:50.000000000,99999,166,99818,166,100058,166,99557,266,100106,166,99514,166,100282,166,99253,166,100413,100,99206,100,100565,100,99171,100,100571,100,99092,100,100588,100,99059,100,100634,100,99007,100,100718,100,98842,100
2019-06-28 10:04:00.000000000,99999,190,99818,190,100058,187,99557,287,100106,187,99514,187,100282,100,99253,100,100413,100,99206,100,100565,100,99171,100,100571,100,99092,100,100588,100,99059,100,100634,100,99007,100,100718,100,98842,100
2019-06-28 10:04:10.000000000,99999,166,99818,166,100058,166,99557,266,100106,166,99514,166,100282,166,99253,166,100413,100,99206,100,100565,100,99171,100,100571,100,99092,100,100588,100,99059,100,100634,100,99007,100,100718,100,98842,100
2019-06-28 10:04:20.000000000,99999,166,99818,166,100058,166,99557,266,100106,166,99514,166,100282,166,99253,166,100413,100,99206,100,100565,100,99171,100,100571,100,99092,100,100588,100,99059,100,100634,100,99007,100,100718,100,98842,100
2019-06-28 10:04:30.000000000,99999,190,99818,190,100058,187,99557,287,100106,187,99514,187,100282,100,99253,100,100413,100,99206,100,100565,100,99171,100,100571,100,99092,100,100588,100,99059,100,100634,100,99007,100,100718,100,98842,100
2019-06-28 10:04:40.000000000,99999,166,99818,166,100058,166,99557,266,100106,166,99514,166,100282,166,99253,166,100413,100,99206,100,100565,100,99171,100,100571,100,99092,100,100588,100,99059,100,100634,100,99007,100,100718,100,98842,100
2019-06-28 10:04:44.422555665,99999,166,99818,166,100058,166,99557,266,100106,166,99514,166,100282,166,99253,166,100304,100,99206,100,100413,100,99171,100,100565,100,99092,100,100571,100,99059,100,100588,100,99007,100,100634,100,98842,100
2019-06-28 10:04:49.007283509,99999,166,99818,166,100000,100,99557,266,100058,166,99514,166,100106,166,99253,166,100282,166,99206,100,100304,100,99171,100,100413,100,99092,100,100565,100,99059,100,100571,100,99007,100,100588,100,98842,100
2019-06-28 10:04:50.000000000,99999,232,99818,232,100000,232,99557,332,100058,100,99514,100,100106,100,99253,100,100282,100,99206,100,100304,100,99171,100,100413,100,99092,100,100565,100,99059,100,100571,100,99007,100,100588,100,98842,100
2019-06-28 10:04:59.063914484,99999,232,99818,132,100000,232,99557,332,100058,100,99514,100,100106,100,99253,100,100282,100,99206,100,100304,100,99171,100,100565,100,99092,100,100571,100,99059,100,100588,100,99007,100,100634,100,98842,100
2019-06-28 10:05:00.000000000,99999,364,99557,464,100000,100,99514,100,100058,100,99253,100,100106,100,99206,100,100282,100,99171,100,100304,100,99092,100,100565,100,99059,100,100571,100,99007,100,100588,100,98842,100,100634,100,,
2019-06-28 10:05:10.000000000,99999,190,99557,290,100000,187,99514,187,100058,187,99253,187,100106,100,99206,100,100282,100,99171,100,100304,100,99092,100,100565,100,99059,100,100571,100,99007,100,100588,100,98842,100,100634,100,,
2019-06-28 10:05:10.402895476,99740,100,99557,290,99999,190,99514,187,100000,187,99253,187,100058,187,99206,100,100106,100,99171,100,100282,100,99092,100,100304,100,99059,100,100565,100,99007,100,100571,100,98842,100,100588,100,,
2019-06-28 10:05:20.000000000,99740,364,99557,464,99999,100,99514,100,100000,100,99253,100,100058,100,99206,100,100106,100,99171,100,100282,100,99092,100,100304,100,99059,100,100565,100,99007,100,100571,100,98842,100,100588,100,,
2019-06-28 10:05:29.042071280,99740,264,99557,464,99999,100,99514,100,100000,100,99253,100,100058,100,99206,100,100106,100,99171,100,100282,100,99092,100,100304,100,99059,100,100565,100,99007,100,100571,100,98842,100,100588,100,,
2019-06-28 10:05:30.000000000,99999,190,99557,290,100000,187,99514,187,100058,187,99253,187,100106,100,99206,100,100282,100,99171,100,100304,100,99092,100,100565,100,99059,100,100571,100,99007,100,100588,100,98842,100,100634,100,,
2019-06-28 10:05:40.000000000,99999,153,99557,253,100000,153,99514,153,100058,153,99253,153,100106,153,99206,153,100282,153,99171,153,100304,100,99092,100,100565,100,99059,100,100571,100,99007,100,100588,100,98842,100,100634,100,,
2019-06-28 10:05:41.638061967,99999,153,99583,100,100000,153,99557,253,100058,153,99514,153,100106,153,99253,153,100282,153,99206,153,100304,100,99171,153,100565,100,99092,100,100571,100,99059,100,100588,100,99007,100,100634,100,98842,100
2019-06-28 10:05:50.000000000,99999,232,99583,232,100000,232,99557,332,100058,100,99514,100,100106,100,99253,100,100282,100,99206,100,100304,100,99171,100,100565,100,99092,100,100571,100,99059,100,100588,100,99007,100,100634,100,98842,100
2019-06-28 10:05:51.873333459,99999,232,99583,232,100000,232,99557,332,100058,100,99514,100,100106,100,99462,100,100282,100,99253,100,100304,100,99206,100,100565,100,99171,100,100571,100,99092,100,100588,100,99059,100,100634,100,99007,100
2019-06-28 10:06:00.000000000,99999,153,99583,153,100000,153,99557,253,100058,153,99514,153,100106,153,99462,153,100282,153,99253,153,100304,100,99206,100,100565,100,99171,100,100571,100,99092,100,100588,100,99059,100,100634,100,99007,100
2019-06-28 10:06:10.000000000,99999,232,99583,232,100000,232,99557,332,100058,100,99514,100,100106,100,99462,100,100282,100,99253,100,100304,100,99206,100,100565,100,99171,100,100571,100,99092,100,100588,100,99059,100,100634,100,99007,100
2019-06-28 10:06:20.000000000,99999,153,99583,153,100000,153,99557,253,100058,153,99514,153,100106,153,99462,153,100282,153,99253,153,100304,100,99206,100,100565,100,99171,100,100571,100,99092,100,100588,100,99059,100,100634,100,99007,100
2019-06-28 10:06:30.000000000,99999,190,99583,190,100000,187,99557,287,100058,187,99514,187,100106,100,99462,100,100282,100,99253,100,100304,100,99206,100,100565,100,99171,100,100571,100,99092,100,100588,100,99059,100,100634,100,99007,100
2019-06-28 10:06:40.000000000,99999,232,99583,232,100000,232,99557,332,100058,100,99514,100,100106,100,99462,100,100282,100,99253,100,100304,100,99206,100,100565,100,99171,100,100571,100,99092,100,100588,100,99059,100,100634,100,99007,100
2019-06-28 10:06:50.000000000,99999,364,99583,364,100000,100,99557,200,100058,100,99514,100,100106,100,99462,100,100282,100,99253,100,100304,100,99206,100,100565,100,99171,100,100571,100,99092,100,100588,100,99059,100,100634,100,99007,100
2019-06-28 10:06:50.305944810,99818,100,99583,364,99999,364,99557,200,100000,100,99514,100,100058,100,99462,100,100106,100,99253,100,100282,100,99206,100,100304,100,99171,100,100565,100,99092,100,100571,100,99059,100,100588,100,99007,100
2019-06-28 10:06:53.212283648,99818,100,99583,364,99999,364,99557,200,100000,100,99514,100,100058,100,99462,200,100106,100,99253,100,100282,100,99206,100,100304,100,99171,100,100571,100,99092,100,100588,100,99059,100,100634,100,99007,100
2019-06-28 10:06:57.890465636,99584,100,99583,364,99818,100,99557,200,99999,364,99514,100,100000,100,99462,200,100058,100,99253,100,100106,100,99206,100,100282,100,99171,100,100304,100,99092,100,100571,100,99059,100,100588,100,99007,100
2019-06-28 10:07:00.000000000,99584,190,99583,190,99818,187,99557,287,99999,187,99514,187,100000,100,99462,200,100058,100,99253,100,100106,100,99206,100,100282,100,99171,100,100304,100,99092,100,100571,100,99059,100,100588,100,99007,100
